[
    {
        "date": "2020-12-31",
        "symbol": "QEP",
        "reportedCurrency": "USD",
        "cik": "0001108827",
        "fillingDate": "2021-02-24",
        "acceptedDate": "2021-02-24 16:17:33",
        "calendarYear": "2020",
        "period": "Q4",
        "revenue": 200200000,
        "costOfRevenue": 204500000,
        "grossProfit": -4300000,
        "grossProfitRatio": -0.0214785215,
        "researchAndDevelopmentExpenses": 0,
        "generalAndAdministrativeExpenses": 26200000,
        "sellingAndMarketingExpenses": 20100000,
        "sellingGeneralAndAdministrativeExpenses": 46300000,
        "otherExpenses": 0,
        "operatingExpenses": 46300000,
        "costAndExpenses": 250800000,
        "interestIncome": 0,
        "interestExpense": 23900000,
        "depreciationAndAmortization": -93500000,
        "ebitda": -144100000,
        "ebitdaratio": -0.7197802198,
        "operatingIncome": -50600000,
        "operatingIncomeRatio": -0.2527472527,
        "totalOtherIncomeExpensesNet": -117400000,
        "incomeBeforeTax": -168000000,
        "incomeBeforeTaxRatio": -0.8391608392,
        "incomeTaxExpense": -37400000,
        "netIncome": -130600000,
        "netIncomeRatio": -0.6523476523,
        "eps": -0.54,
        "epsdiluted": -0.54,
        "weightedAverageShsOut": 242300000,
        "weightedAverageShsOutDil": 242300000,
        "link": "https://www.sec.gov/Archives/edgar/data/1108827/000110882721000012/0001108827-21-000012-index.htm",
        "finalLink": "https://www.sec.gov/Archives/edgar/data/1108827/000110882721000012/qep-20201231.htm"
    },
    {
        "date": "2020-09-30",
        "symbol": "QEP",
        "reportedCurrency": "USD",
        "cik": "0001108827",
        "fillingDate": "2020-10-28",
        "acceptedDate": "2020-10-28 16:20:59",
        "calendarYear": "2020",
        "period": "Q3",
        "revenue": 177800000,
        "costOfRevenue": 186700000,
        "grossProfit": -8900000,
        "grossProfitRatio": -0.050056243,
        "researchAndDevelopmentExpenses": 0,
        "generalAndAdministrativeExpenses": 20400000,
        "sellingAndMarketingExpenses": 12900000,
        "sellingGeneralAndAdministrativeExpenses": 33300000,
        "otherExpenses": 0,
        "operatingExpenses": 33300000,
        "costAndExpenses": 220000000,
        "interestIncome": 0,
        "interestExpense": 28400000,
        "depreciationAndAmortization": 133000000,
        "ebitda": 57000000,
        "ebitdaratio": 0.3205849269,
        "operatingIncome": -42200000,
        "operatingIncomeRatio": -0.2373453318,
        "totalOtherIncomeExpensesNet": -62200000,
        "incomeBeforeTax": -104400000,
        "incomeBeforeTaxRatio": -0.5871766029,
        "incomeTaxExpense": -55200000,
        "netIncome": -49200000,
        "netIncomeRatio": -0.2767154106,
        "eps": -0.2,
        "epsdiluted": -0.2,
        "weightedAverageShsOut": 242300000,
        "weightedAverageShsOutDil": 242300000,
        "link": "https://www.sec.gov/Archives/edgar/data/1108827/000110882720000080/0001108827-20-000080-index.htm",
        "finalLink": "https://www.sec.gov/Archives/edgar/data/1108827/000110882720000080/qep-20200930.htm"
    },
    {
        "date": "2020-06-30",
        "symbol": "QEP",
        "reportedCurrency": "USD",
        "cik": "0001108827",
        "fillingDate": "2020-07-29",
        "acceptedDate": "2020-07-29 16:20:49",
        "calendarYear": "2020",
        "period": "Q2",
        "revenue": 120600000,
        "costOfRevenue": 194500000,
        "grossProfit": -73900000,
        "grossProfitRatio": -0.6127694859,
        "researchAndDevelopmentExpenses": 0,
        "generalAndAdministrativeExpenses": 21300000,
        "sellingAndMarketingExpenses": 17300000,
        "sellingGeneralAndAdministrativeExpenses": 38600000,
        "otherExpenses": 0,
        "operatingExpenses": 38600000,
        "costAndExpenses": 233100000,
        "interestIncome": 0,
        "interestExpense": 29800000,
        "depreciationAndAmortization": -95700000,
        "ebitda": -208200000,
        "ebitdaratio": -1.7263681592,
        "operatingIncome": -112500000,
        "operatingIncomeRatio": -0.9328358209,
        "totalOtherIncomeExpensesNet": -125500000,
        "incomeBeforeTax": -238000000,
        "incomeBeforeTaxRatio": -1.9734660033,
        "incomeTaxExpense": -53600000,
        "netIncome": -184400000,
        "netIncomeRatio": -1.5290215589,
        "eps": -0.76,
        "epsdiluted": -0.76,
        "weightedAverageShsOut": 242300000,
        "weightedAverageShsOutDil": 242300000,
        "link": "https://www.sec.gov/Archives/edgar/data/1108827/000110882720000069/0001108827-20-000069-index.htm",
        "finalLink": "https://www.sec.gov/Archives/edgar/data/1108827/000110882720000069/qep-20200630.htm"
    },
    {
        "date": "2020-03-31",
        "symbol": "QEP",
        "reportedCurrency": "USD",
        "cik": "0001108827",
        "fillingDate": "2020-04-29",
        "acceptedDate": "2020-04-29 16:27:00",
        "calendarYear": "2020",
        "period": "Q1",
        "revenue": 225800000,
        "costOfRevenue": 207300000,
        "grossProfit": 18500000,
        "grossProfitRatio": 0.0819309123,
        "researchAndDevelopmentExpenses": 0,
        "generalAndAdministrativeExpenses": 15900000,
        "sellingAndMarketingExpenses": 13500000,
        "sellingGeneralAndAdministrativeExpenses": 29400000,
        "otherExpenses": 0,
        "operatingExpenses": 29400000,
        "costAndExpenses": 236700000,
        "interestIncome": 0,
        "interestExpense": 34200000,
        "depreciationAndAmortization": 478800000,
        "ebitda": 467900000,
        "ebitdaratio": 2.0721877768,
        "operatingIncome": -10900000,
        "operatingIncomeRatio": -0.0482728078,
        "totalOtherIncomeExpensesNet": 444600000,
        "incomeBeforeTax": 433700000,
        "incomeBeforeTaxRatio": 1.9207263065,
        "incomeTaxExpense": 66300000,
        "netIncome": 367400000,
        "netIncomeRatio": 1.6271036315,
        "eps": 1.54,
        "epsdiluted": 1.54,
        "weightedAverageShsOut": 239100000,
        "weightedAverageShsOutDil": 239100000,
        "link": "https://www.sec.gov/Archives/edgar/data/1108827/000110882720000044/0001108827-20-000044-index.html",
        "finalLink": "https://www.sec.gov/Archives/edgar/data/1108827/000110882720000044/qep-20200331x10xq.htm"
    },
    {
        "date": "2019-12-31",
        "symbol": "QEP",
        "reportedCurrency": "USD",
        "cik": "0001108827",
        "fillingDate": "2020-02-26",
        "acceptedDate": "2020-02-26 16:20:56",
        "calendarYear": "2019",
        "period": "Q4",
        "revenue": 321900000,
        "costOfRevenue": 233000000,
        "grossProfit": 88900000,
        "grossProfitRatio": 0.2761727244,
        "researchAndDevelopmentExpenses": 0,
        "generalAndAdministrativeExpenses": 31400000,
        "sellingAndMarketingExpenses": 10000000,
        "sellingGeneralAndAdministrativeExpenses": 41400000,
        "otherExpenses": 0,
        "operatingExpenses": 41400000,
        "costAndExpenses": 274400000,
        "interestIncome": 0,
        "interestExpense": 28100000,
        "depreciationAndAmortization": -117100000,
        "ebitda": -69600000,
        "ebitdaratio": -0.2162162162,
        "operatingIncome": 47500000,
        "operatingIncomeRatio": 0.1475613545,
        "totalOtherIncomeExpensesNet": -145200000,
        "incomeBeforeTax": -97700000,
        "incomeBeforeTaxRatio": -0.303510407,
        "incomeTaxExpense": 12700000,
        "netIncome": -110400000,
        "netIncomeRatio": -0.3429636533,
        "eps": -0.46,
        "epsdiluted": -0.46,
        "weightedAverageShsOut": 237800000,
        "weightedAverageShsOutDil": 237800000,
        "link": "https://www.sec.gov/Archives/edgar/data/1108827/000110882720000009/0001108827-20-000009-index.html",
        "finalLink": "https://www.sec.gov/Archives/edgar/data/1108827/000110882720000009/qep-20191231x10xk.htm"
    },
    {
        "date": "2019-09-30",
        "symbol": "QEP",
        "reportedCurrency": "USD",
        "cik": "0001108827",
        "fillingDate": "2019-10-23",
        "acceptedDate": "2019-10-23 16:30:32",
        "calendarYear": "2019",
        "period": "Q3",
        "revenue": 307500000,
        "costOfRevenue": 205700000,
        "grossProfit": 101800000,
        "grossProfitRatio": 0.3310569106,
        "researchAndDevelopmentExpenses": 0,
        "generalAndAdministrativeExpenses": 29600000,
        "sellingAndMarketingExpenses": 18000000,
        "sellingGeneralAndAdministrativeExpenses": 47600000,
        "otherExpenses": 0,
        "operatingExpenses": 47600000,
        "costAndExpenses": 253300000,
        "interestIncome": 0,
        "interestExpense": 32800000,
        "depreciationAndAmortization": 86200000,
        "ebitda": 140400000,
        "ebitdaratio": 0.4565853659,
        "operatingIncome": 54200000,
        "operatingIncomeRatio": 0.1762601626,
        "totalOtherIncomeExpensesNet": 53400000,
        "incomeBeforeTax": 107600000,
        "incomeBeforeTaxRatio": 0.3499186992,
        "incomeTaxExpense": 26600000,
        "netIncome": 81000000,
        "netIncomeRatio": 0.2634146341,
        "eps": 0.34,
        "epsdiluted": 0.34,
        "weightedAverageShsOut": 237900000,
        "weightedAverageShsOutDil": 237900000,
        "link": "https://www.sec.gov/Archives/edgar/data/1108827/000110882719000062/0001108827-19-000062-index.html",
        "finalLink": "https://www.sec.gov/Archives/edgar/data/1108827/000110882719000062/qep-20190930x10xq.htm"
    },
    {
        "date": "2019-06-30",
        "symbol": "QEP",
        "reportedCurrency": "USD",
        "cik": "0001108827",
        "fillingDate": "2019-08-07",
        "acceptedDate": "2019-08-07 07:15:46",
        "calendarYear": "2019",
        "period": "Q2",
        "revenue": 296200000,
        "costOfRevenue": 200300000,
        "grossProfit": 95900000,
        "grossProfitRatio": 0.3237677245,
        "researchAndDevelopmentExpenses": 0,
        "generalAndAdministrativeExpenses": 31500000,
        "sellingAndMarketingExpenses": 9900000,
        "sellingGeneralAndAdministrativeExpenses": 41400000,
        "otherExpenses": 0,
        "operatingExpenses": 41400000,
        "costAndExpenses": 241700000,
        "interestIncome": 0,
        "interestExpense": 33200000,
        "depreciationAndAmortization": 57200000,
        "ebitda": 111700000,
        "ebitdaratio": 0.3771100608,
        "operatingIncome": 54500000,
        "operatingIncomeRatio": 0.1839972991,
        "totalOtherIncomeExpensesNet": 24000000,
        "incomeBeforeTax": 78500000,
        "incomeBeforeTaxRatio": 0.2650236327,
        "incomeTaxExpense": 29700000,
        "netIncome": 48800000,
        "netIncomeRatio": 0.1647535449,
        "eps": 0.21,
        "epsdiluted": 0.21,
        "weightedAverageShsOut": 238000000,
        "weightedAverageShsOutDil": 238000000,
        "link": "https://www.sec.gov/Archives/edgar/data/1108827/000110882719000052/0001108827-19-000052-index.htm",
        "finalLink": "https://www.sec.gov/Archives/edgar/data/1108827/000110882719000052/qep-20190630x10xq.htm"
    },
    {
        "date": "2019-03-31",
        "symbol": "QEP",
        "reportedCurrency": "USD",
        "cik": "0001108827",
        "fillingDate": "2019-04-24",
        "acceptedDate": "2019-04-24 16:14:22",
        "calendarYear": "2019",
        "period": "Q1",
        "revenue": 280600000,
        "costOfRevenue": 204000000,
        "grossProfit": 76600000,
        "grossProfitRatio": 0.2729864576,
        "researchAndDevelopmentExpenses": 0,
        "generalAndAdministrativeExpenses": 63300000,
        "sellingAndMarketingExpenses": 10900000,
        "sellingGeneralAndAdministrativeExpenses": 74200000,
        "otherExpenses": 0,
        "operatingExpenses": 74200000,
        "costAndExpenses": 278200000,
        "interestIncome": 0,
        "interestExpense": 34000000,
        "depreciationAndAmortization": -197100000,
        "ebitda": -194700000,
        "ebitdaratio": -0.693870278,
        "operatingIncome": 2400000,
        "operatingIncomeRatio": 0.0085531005,
        "totalOtherIncomeExpensesNet": -231100000,
        "incomeBeforeTax": -228700000,
        "incomeBeforeTaxRatio": -0.8150392017,
        "incomeTaxExpense": -112000000,
        "netIncome": -116700000,
        "netIncomeRatio": -0.4158945118,
        "eps": -0.49,
        "epsdiluted": -0.49,
        "weightedAverageShsOut": 237100000,
        "weightedAverageShsOutDil": 237100000,
        "link": "https://www.sec.gov/Archives/edgar/data/1108827/000110882719000028/0001108827-19-000028-index.html",
        "finalLink": "https://www.sec.gov/Archives/edgar/data/1108827/000110882719000028/qep-20190331x10xq.htm"
    },
    {
        "date": "2018-12-31",
        "symbol": "QEP",
        "reportedCurrency": "USD",
        "cik": "0001108827",
        "fillingDate": "2019-02-20",
        "acceptedDate": "2019-02-20 16:13:32",
        "calendarYear": "2018",
        "period": "Q4",
        "revenue": 410500000,
        "costOfRevenue": 287000000,
        "grossProfit": 123500000,
        "grossProfitRatio": 0.3008526188,
        "researchAndDevelopmentExpenses": 0,
        "generalAndAdministrativeExpenses": 57500000,
        "sellingAndMarketingExpenses": 24600000,
        "sellingGeneralAndAdministrativeExpenses": 82100000,
        "otherExpenses": 0,
        "operatingExpenses": 82100000,
        "costAndExpenses": 369100000,
        "interestIncome": 0,
        "interestExpense": 43000000,
        "depreciationAndAmortization": -827500000,
        "ebitda": -786100000,
        "ebitdaratio": -1.9149817296,
        "operatingIncome": 41400000,
        "operatingIncomeRatio": 0.1008526188,
        "totalOtherIncomeExpensesNet": -870500000,
        "incomeBeforeTax": -829100000,
        "incomeBeforeTaxRatio": -2.0197320341,
        "incomeTaxExpense": -199800000,
        "netIncome": -629300000,
        "netIncomeRatio": -1.5330085262,
        "eps": -2.66,
        "epsdiluted": -2.66,
        "weightedAverageShsOut": 236700000,
        "weightedAverageShsOutDil": 236700000,
        "link": "https://www.sec.gov/Archives/edgar/data/1108827/000110882719000010/0001108827-19-000010-index.html",
        "finalLink": "https://www.sec.gov/Archives/edgar/data/1108827/000110882719000010/qep-20181231x10xk.htm"
    },
    {
        "date": "2018-09-30",
        "symbol": "QEP",
        "reportedCurrency": "USD",
        "cik": "0001108827",
        "fillingDate": "2018-11-07",
        "acceptedDate": "2018-11-07 16:37:34",
        "calendarYear": "2018",
        "period": "Q3",
        "revenue": 560800000,
        "costOfRevenue": 354800000,
        "grossProfit": 206000000,
        "grossProfitRatio": 0.3673323823,
        "researchAndDevelopmentExpenses": 0,
        "generalAndAdministrativeExpenses": 48300000,
        "sellingAndMarketingExpenses": 28000000,
        "sellingGeneralAndAdministrativeExpenses": 76300000,
        "otherExpenses": 0,
        "operatingExpenses": 76300000,
        "costAndExpenses": 431100000,
        "interestIncome": 0,
        "interestExpense": 39000000,
        "depreciationAndAmortization": -80900000,
        "ebitda": 48800000,
        "ebitdaratio": 0.0870185449,
        "operatingIncome": 129700000,
        "operatingIncomeRatio": 0.2312767475,
        "totalOtherIncomeExpensesNet": -119900000,
        "incomeBeforeTax": 9800000,
        "incomeBeforeTaxRatio": 0.0174750357,
        "incomeTaxExpense": 2500000,
        "netIncome": 7300000,
        "netIncomeRatio": 0.0130171184,
        "eps": 0.0308,
        "epsdiluted": 0.0308,
        "weightedAverageShsOut": 236900000,
        "weightedAverageShsOutDil": 237000000,
        "link": "https://www.sec.gov/Archives/edgar/data/1108827/000110882718000044/0001108827-18-000044-index.html",
        "finalLink": "https://www.sec.gov/Archives/edgar/data/1108827/000110882718000044/qep-20180930x10xq.htm"
    },
    {
        "date": "2018-06-30",
        "symbol": "QEP",
        "reportedCurrency": "USD",
        "cik": "0001108827",
        "fillingDate": "2018-07-25",
        "acceptedDate": "2018-07-25 16:10:29",
        "calendarYear": "2018",
        "period": "Q2",
        "revenue": 532400000,
        "costOfRevenue": 359500000,
        "grossProfit": 172900000,
        "grossProfitRatio": 0.3247558227,
        "researchAndDevelopmentExpenses": 0,
        "generalAndAdministrativeExpenses": 55800000,
        "sellingAndMarketingExpenses": 31300000,
        "sellingGeneralAndAdministrativeExpenses": 87100000,
        "otherExpenses": 0,
        "operatingExpenses": 87100000,
        "costAndExpenses": 446600000,
        "interestIncome": 0,
        "interestExpense": 41300000,
        "depreciationAndAmortization": -486700000,
        "ebitda": -400900000,
        "ebitdaratio": -0.7530052592,
        "operatingIncome": 85800000,
        "operatingIncomeRatio": 0.1611570248,
        "totalOtherIncomeExpensesNet": -528000000,
        "incomeBeforeTax": -442200000,
        "incomeBeforeTaxRatio": -0.8305785124,
        "incomeTaxExpense": -106200000,
        "netIncome": -336000000,
        "netIncomeRatio": -0.6311044328,
        "eps": -1.42,
        "epsdiluted": -1.42,
        "weightedAverageShsOut": 237000000,
        "weightedAverageShsOutDil": 237000000,
        "link": "https://www.sec.gov/Archives/edgar/data/1108827/000110882718000035/0001108827-18-000035-index.html",
        "finalLink": "https://www.sec.gov/Archives/edgar/data/1108827/000110882718000035/qep-20180630x10xq.htm"
    },
    {
        "date": "2018-03-31",
        "symbol": "QEP",
        "reportedCurrency": "USD",
        "cik": "0001108827",
        "fillingDate": "2018-04-25",
        "acceptedDate": "2018-04-25 16:14:20",
        "calendarYear": "2018",
        "period": "Q1",
        "revenue": 428900000,
        "costOfRevenue": 316200000,
        "grossProfit": 112700000,
        "grossProfitRatio": 0.2627652133,
        "researchAndDevelopmentExpenses": 0,
        "generalAndAdministrativeExpenses": 60100000,
        "sellingAndMarketingExpenses": 34000000,
        "sellingGeneralAndAdministrativeExpenses": 94100000,
        "otherExpenses": 0,
        "operatingExpenses": 94100000,
        "costAndExpenses": 410300000,
        "interestIncome": 0,
        "interestExpense": 35700000,
        "depreciationAndAmortization": -50400000,
        "ebitda": -31800000,
        "ebitdaratio": -0.0741431569,
        "operatingIncome": 18600000,
        "operatingIncomeRatio": 0.0433667522,
        "totalOtherIncomeExpensesNet": -86100000,
        "incomeBeforeTax": -67500000,
        "incomeBeforeTaxRatio": -0.1573793425,
        "incomeTaxExpense": -13900000,
        "netIncome": -53600000,
        "netIncomeRatio": -0.1249708557,
        "eps": -0.22,
        "epsdiluted": -0.22,
        "weightedAverageShsOut": 240900000,
        "weightedAverageShsOutDil": 240900000,
        "link": "https://www.sec.gov/Archives/edgar/data/1108827/000110882718000023/0001108827-18-000023-index.html",
        "finalLink": "https://www.sec.gov/Archives/edgar/data/1108827/000110882718000023/qep-20180331x10xq.htm"
    },
    {
        "date": "2017-12-31",
        "symbol": "QEP",
        "reportedCurrency": "USD",
        "cik": "0001108827",
        "fillingDate": "2018-02-28",
        "acceptedDate": "2018-02-28 16:10:28",
        "calendarYear": "2017",
        "period": "Q4",
        "revenue": 429000000,
        "costOfRevenue": 323100000,
        "grossProfit": 105900000,
        "grossProfitRatio": 0.2468531469,
        "researchAndDevelopmentExpenses": 0,
        "generalAndAdministrativeExpenses": 45200000,
        "sellingAndMarketingExpenses": 43000000,
        "sellingGeneralAndAdministrativeExpenses": 88200000,
        "otherExpenses": 0,
        "operatingExpenses": 88200000,
        "costAndExpenses": 411300000,
        "interestIncome": 0,
        "interestExpense": 34700000,
        "depreciationAndAmortization": -214600000,
        "ebitda": -196900000,
        "ebitdaratio": -0.458974359,
        "operatingIncome": 17700000,
        "operatingIncomeRatio": 0.0412587413,
        "totalOtherIncomeExpensesNet": -249300000,
        "incomeBeforeTax": -231600000,
        "incomeBeforeTaxRatio": -0.5398601399,
        "incomeTaxExpense": -381900000,
        "netIncome": 150300000,
        "netIncomeRatio": 0.3503496503,
        "eps": 0.62,
        "epsdiluted": 0.62,
        "weightedAverageShsOut": 241000000,
        "weightedAverageShsOutDil": 241000000,
        "link": "https://www.sec.gov/Archives/edgar/data/1108827/000110882718000006/0001108827-18-000006-index.html",
        "finalLink": "https://www.sec.gov/Archives/edgar/data/1108827/000110882718000006/qep-20171231x10xk.htm"
    },
    {
        "date": "2017-09-30",
        "symbol": "QEP",
        "reportedCurrency": "USD",
        "cik": "0001108827",
        "fillingDate": "2017-10-25",
        "acceptedDate": "2017-10-25 16:07:25",
        "calendarYear": "2017",
        "period": "Q3",
        "revenue": 390100000,
        "costOfRevenue": 290200000,
        "grossProfit": 99900000,
        "grossProfitRatio": 0.2560881825,
        "researchAndDevelopmentExpenses": 0,
        "generalAndAdministrativeExpenses": 43400000,
        "sellingAndMarketingExpenses": 81500000,
        "sellingGeneralAndAdministrativeExpenses": 124900000,
        "otherExpenses": 0,
        "operatingExpenses": 124900000,
        "costAndExpenses": 415100000,
        "interestIncome": 0,
        "interestExpense": 34400000,
        "depreciationAndAmortization": 52900000,
        "ebitda": 27900000,
        "ebitdaratio": 0.071520123,
        "operatingIncome": -25000000,
        "operatingIncomeRatio": -0.0640861318,
        "totalOtherIncomeExpensesNet": 18500000,
        "incomeBeforeTax": -6500000,
        "incomeBeforeTaxRatio": -0.0166623943,
        "incomeTaxExpense": -3200000,
        "netIncome": -3300000,
        "netIncomeRatio": -0.0084593694,
        "eps": -0.0137,
        "epsdiluted": -0.0137,
        "weightedAverageShsOut": 240700000,
        "weightedAverageShsOutDil": 240700000,
        "link": "https://www.sec.gov/Archives/edgar/data/1108827/000110882717000077/0001108827-17-000077-index.html",
        "finalLink": "https://www.sec.gov/Archives/edgar/data/1108827/000110882717000077/qep-20170930x10xq.htm"
    },
    {
        "date": "2017-06-30",
        "symbol": "QEP",
        "reportedCurrency": "USD",
        "cik": "0001108827",
        "fillingDate": "2017-07-26",
        "acceptedDate": "2017-07-26 16:16:52",
        "calendarYear": "2017",
        "period": "Q2",
        "revenue": 383700000,
        "costOfRevenue": 300900000,
        "grossProfit": 82800000,
        "grossProfitRatio": 0.2157935887,
        "researchAndDevelopmentExpenses": 0,
        "generalAndAdministrativeExpenses": 31300000,
        "sellingAndMarketingExpenses": 72200000,
        "sellingGeneralAndAdministrativeExpenses": 103500000,
        "otherExpenses": 0,
        "operatingExpenses": 103500000,
        "costAndExpenses": 404400000,
        "interestIncome": 0,
        "interestExpense": 34900000,
        "depreciationAndAmortization": 128300000,
        "ebitda": 107600000,
        "ebitdaratio": 0.2804274173,
        "operatingIncome": -20700000,
        "operatingIncomeRatio": -0.0539483972,
        "totalOtherIncomeExpensesNet": 93400000,
        "incomeBeforeTax": 72700000,
        "incomeBeforeTaxRatio": 0.1894709408,
        "incomeTaxExpense": 27300000,
        "netIncome": 45400000,
        "netIncomeRatio": 0.1183216054,
        "eps": 0.19,
        "epsdiluted": 0.19,
        "weightedAverageShsOut": 240500000,
        "weightedAverageShsOutDil": 240600000,
        "link": "https://www.sec.gov/Archives/edgar/data/1108827/000110882717000054/0001108827-17-000054-index.html",
        "finalLink": "https://www.sec.gov/Archives/edgar/data/1108827/000110882717000054/qep-20170630x10xq.htm"
    },
    {
        "date": "2017-03-31",
        "symbol": "QEP",
        "reportedCurrency": "USD",
        "cik": "0001108827",
        "fillingDate": "2017-04-26",
        "acceptedDate": "2017-04-26 16:09:55",
        "calendarYear": "2017",
        "period": "Q1",
        "revenue": 420100000,
        "costOfRevenue": 321000000,
        "grossProfit": 99100000,
        "grossProfitRatio": 0.2358962152,
        "researchAndDevelopmentExpenses": 0,
        "generalAndAdministrativeExpenses": 33600000,
        "sellingAndMarketingExpenses": 70600000,
        "sellingGeneralAndAdministrativeExpenses": 104200000,
        "otherExpenses": 0,
        "operatingExpenses": 104200000,
        "costAndExpenses": 425200000,
        "interestIncome": 0,
        "interestExpense": 33800000,
        "depreciationAndAmortization": 161400000,
        "ebitda": 156300000,
        "ebitdaratio": 0.3720542728,
        "operatingIncome": -5100000,
        "operatingIncomeRatio": -0.0121399667,
        "totalOtherIncomeExpensesNet": 127600000,
        "incomeBeforeTax": 122500000,
        "incomeBeforeTaxRatio": 0.2915972388,
        "incomeTaxExpense": 45600000,
        "netIncome": 76900000,
        "netIncomeRatio": 0.1830516544,
        "eps": 0.32,
        "epsdiluted": 0.32,
        "weightedAverageShsOut": 240200000,
        "weightedAverageShsOutDil": 240300000,
        "link": "https://www.sec.gov/Archives/edgar/data/1108827/000110882717000022/0001108827-17-000022-index.html",
        "finalLink": "https://www.sec.gov/Archives/edgar/data/1108827/000110882717000022/qep-20170331x10xq.htm"
    },
    {
        "date": "2016-12-31",
        "symbol": "QEP",
        "reportedCurrency": "USD",
        "cik": "0001108827",
        "fillingDate": "2017-02-22",
        "acceptedDate": "2017-02-22 16:08:42",
        "calendarYear": "2016",
        "period": "Q4",
        "revenue": 399700000,
        "costOfRevenue": 390700000,
        "grossProfit": 9000000,
        "grossProfitRatio": 0.0225168877,
        "researchAndDevelopmentExpenses": 0,
        "generalAndAdministrativeExpenses": 39000000,
        "sellingAndMarketingExpenses": 800000,
        "sellingGeneralAndAdministrativeExpenses": 39800000,
        "otherExpenses": 0,
        "operatingExpenses": 39800000,
        "costAndExpenses": 430500000,
        "interestIncome": 0,
        "interestExpense": 34000000,
        "depreciationAndAmortization": -135500000,
        "ebitda": -166300000,
        "ebitdaratio": -0.4160620465,
        "operatingIncome": -30800000,
        "operatingIncomeRatio": -0.0770577933,
        "totalOtherIncomeExpensesNet": -169500000,
        "incomeBeforeTax": -200300000,
        "incomeBeforeTaxRatio": -0.5011258444,
        "incomeTaxExpense": -67000000,
        "netIncome": -133300000,
        "netIncomeRatio": -0.3335001251,
        "eps": -0.55,
        "epsdiluted": -0.55,
        "weightedAverageShsOut": 240200000,
        "weightedAverageShsOutDil": 240200000,
        "link": "https://www.sec.gov/Archives/edgar/data/1108827/000110882717000007/0001108827-17-000007-index.html",
        "finalLink": "https://www.sec.gov/Archives/edgar/data/1108827/000110882717000007/qep-20161231x10k.htm"
    },
    {
        "date": "2016-09-30",
        "symbol": "QEP",
        "reportedCurrency": "USD",
        "cik": "0001108827",
        "fillingDate": "2016-10-26",
        "acceptedDate": "2016-10-26 16:14:21",
        "calendarYear": "2016",
        "period": "Q3",
        "revenue": 382400000,
        "costOfRevenue": 409100000,
        "grossProfit": -26700000,
        "grossProfitRatio": -0.0698221757,
        "researchAndDevelopmentExpenses": 0,
        "generalAndAdministrativeExpenses": 67000000,
        "sellingAndMarketingExpenses": 200000,
        "sellingGeneralAndAdministrativeExpenses": 67200000,
        "otherExpenses": 0,
        "operatingExpenses": 67200000,
        "costAndExpenses": 476300000,
        "interestIncome": 0,
        "interestExpense": 35900000,
        "depreciationAndAmortization": 49900000,
        "ebitda": -44000000,
        "ebitdaratio": -0.1150627615,
        "operatingIncome": -93900000,
        "operatingIncomeRatio": -0.2455543933,
        "totalOtherIncomeExpensesNet": 14000000,
        "incomeBeforeTax": -79900000,
        "incomeBeforeTaxRatio": -0.2089435146,
        "incomeTaxExpense": -29000000,
        "netIncome": -50900000,
        "netIncomeRatio": -0.1331066946,
        "eps": -0.21,
        "epsdiluted": -0.21,
        "weightedAverageShsOut": 239600000,
        "weightedAverageShsOutDil": 239600000,
        "link": "https://www.sec.gov/Archives/edgar/data/1108827/000110882716000100/0001108827-16-000100-index.html",
        "finalLink": "https://www.sec.gov/Archives/edgar/data/1108827/000110882716000100/qep-20160930x10q.htm"
    },
    {
        "date": "2016-06-30",
        "symbol": "QEP",
        "reportedCurrency": "USD",
        "cik": "0001108827",
        "fillingDate": "2016-07-27",
        "acceptedDate": "2016-07-27 16:18:16",
        "calendarYear": "2016",
        "period": "Q2",
        "revenue": 333700000,
        "costOfRevenue": 380900000,
        "grossProfit": -47200000,
        "grossProfitRatio": -0.1414444111,
        "researchAndDevelopmentExpenses": 0,
        "generalAndAdministrativeExpenses": 43700000,
        "sellingAndMarketingExpenses": 400000,
        "sellingGeneralAndAdministrativeExpenses": 44100000,
        "otherExpenses": 0,
        "operatingExpenses": 44100000,
        "costAndExpenses": 425000000,
        "interestIncome": 0,
        "interestExpense": 36900000,
        "depreciationAndAmortization": -182100000,
        "ebitda": -273400000,
        "ebitdaratio": -0.8192987714,
        "operatingIncome": -91300000,
        "operatingIncomeRatio": -0.2735990411,
        "totalOtherIncomeExpensesNet": -219000000,
        "incomeBeforeTax": -310300000,
        "incomeBeforeTaxRatio": -0.9298771352,
        "incomeTaxExpense": -113300000,
        "netIncome": -197000000,
        "netIncomeRatio": -0.5903506143,
        "eps": -0.9,
        "epsdiluted": -0.9,
        "weightedAverageShsOut": 217700000,
        "weightedAverageShsOutDil": 217700000,
        "link": "https://www.sec.gov/Archives/edgar/data/1108827/000110882716000087/0001108827-16-000087-index.html",
        "finalLink": "https://www.sec.gov/Archives/edgar/data/1108827/000110882716000087/qep-20160630x10q.htm"
    },
    {
        "date": "2016-03-31",
        "symbol": "QEP",
        "reportedCurrency": "USD",
        "cik": "0001108827",
        "fillingDate": "2016-04-27",
        "acceptedDate": "2016-04-27 16:20:39",
        "calendarYear": "2016",
        "period": "Q1",
        "revenue": 261300000,
        "costOfRevenue": 409600000,
        "grossProfit": -148300000,
        "grossProfitRatio": -0.567546881,
        "researchAndDevelopmentExpenses": 0,
        "generalAndAdministrativeExpenses": 48700000,
        "sellingAndMarketingExpenses": 300000,
        "sellingGeneralAndAdministrativeExpenses": 49000000,
        "otherExpenses": 0,
        "operatingExpenses": 49000000,
        "costAndExpenses": 458600000,
        "interestIncome": 0,
        "interestExpense": 36700000,
        "depreciationAndAmortization": -1128700000,
        "ebitda": -1326000000,
        "ebitdaratio": -5.0746268657,
        "operatingIncome": -197300000,
        "operatingIncomeRatio": -0.7550707998,
        "totalOtherIncomeExpensesNet": -1165400000,
        "incomeBeforeTax": -1362700000,
        "incomeBeforeTaxRatio": -5.2150784539,
        "incomeTaxExpense": -498900000,
        "netIncome": -863800000,
        "netIncomeRatio": -3.3057787983,
        "eps": -4.55,
        "epsdiluted": -4.55,
        "weightedAverageShsOut": 189700000,
        "weightedAverageShsOutDil": 189700000,
        "link": "https://www.sec.gov/Archives/edgar/data/1108827/000110882716000073/0001108827-16-000073-index.html",
        "finalLink": "https://www.sec.gov/Archives/edgar/data/1108827/000110882716000073/qep-20160331x10q.htm"
    },
    {
        "date": "2015-12-31",
        "symbol": "QEP",
        "reportedCurrency": "USD",
        "cik": "0001108827",
        "fillingDate": "2016-02-24",
        "acceptedDate": "2016-02-24 16:25:43",
        "calendarYear": "2015",
        "period": "Q4",
        "revenue": 381700000,
        "costOfRevenue": 463500000,
        "grossProfit": -81800000,
        "grossProfitRatio": -0.2143044276,
        "researchAndDevelopmentExpenses": 0,
        "generalAndAdministrativeExpenses": 40400000,
        "sellingAndMarketingExpenses": 0,
        "sellingGeneralAndAdministrativeExpenses": 40400000,
        "otherExpenses": 0,
        "operatingExpenses": 40400000,
        "costAndExpenses": 503900000,
        "interestIncome": 0,
        "interestExpense": 36200000,
        "depreciationAndAmortization": 87800000,
        "ebitda": -34400000,
        "ebitdaratio": -0.0901231334,
        "operatingIncome": -122200000,
        "operatingIncomeRatio": -0.3201467121,
        "totalOtherIncomeExpensesNet": 51600000,
        "incomeBeforeTax": -70600000,
        "incomeBeforeTaxRatio": -0.1849620121,
        "incomeTaxExpense": -32000000,
        "netIncome": -38600000,
        "netIncomeRatio": -0.1011265392,
        "eps": -0.22,
        "epsdiluted": -0.22,
        "weightedAverageShsOut": 176700000,
        "weightedAverageShsOutDil": 176700000,
        "link": "https://www.sec.gov/Archives/edgar/data/1108827/000110882716000057/0001108827-16-000057-index.html",
        "finalLink": "https://www.sec.gov/Archives/edgar/data/1108827/000110882716000057/qep-20151231x10k.htm"
    },
    {
        "date": "2015-09-30",
        "symbol": "QEP",
        "reportedCurrency": "USD",
        "cik": "0001108827",
        "fillingDate": "2015-10-28",
        "acceptedDate": "2015-10-28 16:13:55",
        "calendarYear": "2015",
        "period": "Q3",
        "revenue": 536700000,
        "costOfRevenue": 579500000,
        "grossProfit": -42800000,
        "grossProfitRatio": -0.0797465996,
        "researchAndDevelopmentExpenses": 0,
        "generalAndAdministrativeExpenses": 42000000,
        "sellingAndMarketingExpenses": 800000,
        "sellingGeneralAndAdministrativeExpenses": 42800000,
        "otherExpenses": 0,
        "operatingExpenses": 42800000,
        "costAndExpenses": 622300000,
        "interestIncome": 0,
        "interestExpense": 36400000,
        "depreciationAndAmortization": 151800000,
        "ebitda": 66200000,
        "ebitdaratio": 0.123346376,
        "operatingIncome": -85600000,
        "operatingIncomeRatio": -0.1594931992,
        "totalOtherIncomeExpensesNet": 115400000,
        "incomeBeforeTax": 29800000,
        "incomeBeforeTaxRatio": 0.0555245016,
        "incomeTaxExpense": 8700000,
        "netIncome": 21100000,
        "netIncomeRatio": 0.0393143283,
        "eps": 0.12,
        "epsdiluted": 0.12,
        "weightedAverageShsOut": 176700000,
        "weightedAverageShsOutDil": 176700000,
        "link": "https://www.sec.gov/Archives/edgar/data/1108827/000110882715000042/0001108827-15-000042-index.html",
        "finalLink": "https://www.sec.gov/Archives/edgar/data/1108827/000110882715000042/qep-20150930x10q.htm"
    },
    {
        "date": "2015-06-30",
        "symbol": "QEP",
        "reportedCurrency": "USD",
        "cik": "0001108827",
        "fillingDate": "2015-08-03",
        "acceptedDate": "2015-08-03 16:34:00",
        "calendarYear": "2015",
        "period": "Q2",
        "revenue": 608600000,
        "costOfRevenue": 597200000,
        "grossProfit": 11400000,
        "grossProfitRatio": 0.018731515,
        "researchAndDevelopmentExpenses": 0,
        "generalAndAdministrativeExpenses": 51300000,
        "sellingAndMarketingExpenses": 800000,
        "sellingGeneralAndAdministrativeExpenses": 52100000,
        "otherExpenses": 0,
        "operatingExpenses": 52100000,
        "costAndExpenses": 649300000,
        "interestIncome": 0,
        "interestExpense": 36200000,
        "depreciationAndAmortization": -38200000,
        "ebitda": -78900000,
        "ebitdaratio": -0.1296418009,
        "operatingIncome": -40700000,
        "operatingIncomeRatio": -0.0668747946,
        "totalOtherIncomeExpensesNet": -74400000,
        "incomeBeforeTax": -115100000,
        "incomeBeforeTaxRatio": -0.1891225764,
        "incomeTaxExpense": -38800000,
        "netIncome": -76300000,
        "netIncomeRatio": -0.125369701,
        "eps": -0.43,
        "epsdiluted": -0.43,
        "weightedAverageShsOut": 176700000,
        "weightedAverageShsOutDil": 176700000,
        "link": "https://www.sec.gov/Archives/edgar/data/1108827/000110882715000034/0001108827-15-000034-index.html",
        "finalLink": "https://www.sec.gov/Archives/edgar/data/1108827/000110882715000034/qep-20150630x10q.htm"
    },
    {
        "date": "2015-03-31",
        "symbol": "QEP",
        "reportedCurrency": "USD",
        "cik": "0001108827",
        "fillingDate": "2015-04-29",
        "acceptedDate": "2015-04-29 16:32:49",
        "calendarYear": "2015",
        "period": "Q1",
        "revenue": 491600000,
        "costOfRevenue": 521200000,
        "grossProfit": -29600000,
        "grossProfitRatio": -0.0602115541,
        "researchAndDevelopmentExpenses": 0,
        "generalAndAdministrativeExpenses": 47400000,
        "sellingAndMarketingExpenses": 1100000,
        "sellingGeneralAndAdministrativeExpenses": 48500000,
        "otherExpenses": 0,
        "operatingExpenses": 48500000,
        "costAndExpenses": 569700000,
        "interestIncome": 0,
        "interestExpense": 39400000,
        "depreciationAndAmortization": 30400000,
        "ebitda": -47700000,
        "ebitdaratio": -0.0970301058,
        "operatingIncome": -78100000,
        "operatingIncomeRatio": -0.1588689992,
        "totalOtherIncomeExpensesNet": -9000000,
        "incomeBeforeTax": -87100000,
        "incomeBeforeTaxRatio": -0.1771765663,
        "incomeTaxExpense": -31500000,
        "netIncome": -55600000,
        "netIncomeRatio": -0.1131000814,
        "eps": -0.32,
        "epsdiluted": -0.32,
        "weightedAverageShsOut": 176200000,
        "weightedAverageShsOutDil": 176200000,
        "link": "https://www.sec.gov/Archives/edgar/data/1108827/000110882715000023/0001108827-15-000023-index.html",
        "finalLink": "https://www.sec.gov/Archives/edgar/data/1108827/000110882715000023/qep-20150331x10q.htm"
    },
    {
        "date": "2014-12-31",
        "symbol": "QEP",
        "reportedCurrency": "USD",
        "cik": "0001108827",
        "fillingDate": "2015-02-24",
        "acceptedDate": "2015-02-24 16:30:46",
        "calendarYear": "2014",
        "period": "Q4",
        "revenue": 799600000,
        "costOfRevenue": 726400000,
        "grossProfit": 73200000,
        "grossProfitRatio": 0.0915457729,
        "researchAndDevelopmentExpenses": 0,
        "generalAndAdministrativeExpenses": 57400000,
        "sellingAndMarketingExpenses": 5200000,
        "sellingGeneralAndAdministrativeExpenses": 62600000,
        "otherExpenses": 0,
        "operatingExpenses": 62600000,
        "costAndExpenses": 789000000,
        "interestIncome": 0,
        "interestExpense": 40700000,
        "depreciationAndAmortization": 437400000,
        "ebitda": 448000000,
        "ebitdaratio": 0.5602801401,
        "operatingIncome": 10600000,
        "operatingIncomeRatio": 0.0132566283,
        "totalOtherIncomeExpensesNet": -739000000,
        "incomeBeforeTax": -728400000,
        "incomeBeforeTaxRatio": -0.9109554777,
        "incomeTaxExpense": -258600000,
        "netIncome": 665900000,
        "netIncomeRatio": 0.8327913957,
        "eps": 3.72,
        "epsdiluted": 3.72,
        "weightedAverageShsOut": 179000000,
        "weightedAverageShsOutDil": 179000000,
        "link": "https://www.sec.gov/Archives/edgar/data/1108827/000110882715000006/0001108827-15-000006-index.htm",
        "finalLink": "https://www.sec.gov/Archives/edgar/data/1108827/000110882715000006/qep-20141231x10k.htm"
    },
    {
        "date": "2014-09-30",
        "symbol": "QEP",
        "reportedCurrency": "USD",
        "cik": "0001108827",
        "fillingDate": "2014-11-05",
        "acceptedDate": "2014-11-05 16:31:17",
        "calendarYear": "2014",
        "period": "Q3",
        "revenue": 910000000,
        "costOfRevenue": 732800000,
        "grossProfit": 177200000,
        "grossProfitRatio": 0.1947252747,
        "researchAndDevelopmentExpenses": 0,
        "generalAndAdministrativeExpenses": 49400000,
        "sellingAndMarketingExpenses": 800000,
        "sellingGeneralAndAdministrativeExpenses": 50200000,
        "otherExpenses": 0,
        "operatingExpenses": 50200000,
        "costAndExpenses": 783000000,
        "interestIncome": 0,
        "interestExpense": 41500000,
        "depreciationAndAmortization": 165500000,
        "ebitda": 292500000,
        "ebitdaratio": 0.3214285714,
        "operatingIncome": 127000000,
        "operatingIncomeRatio": 0.1395604396,
        "totalOtherIncomeExpensesNet": 106600000,
        "incomeBeforeTax": 233600000,
        "incomeBeforeTaxRatio": 0.2567032967,
        "incomeTaxExpense": 79900000,
        "netIncome": 171100000,
        "netIncomeRatio": 0.188021978,
        "eps": 0.95,
        "epsdiluted": 0.95,
        "weightedAverageShsOut": 180100000,
        "weightedAverageShsOutDil": 180600000,
        "link": "https://www.sec.gov/Archives/edgar/data/1108827/000110882714000058/0001108827-14-000058-index.html",
        "finalLink": "https://www.sec.gov/Archives/edgar/data/1108827/000110882714000058/qep-2014930x10q.htm"
    },
    {
        "date": "2014-06-30",
        "symbol": "QEP",
        "reportedCurrency": "USD",
        "cik": "0001108827",
        "fillingDate": "2014-08-06",
        "acceptedDate": "2014-08-06 16:40:03",
        "calendarYear": "2014",
        "period": "Q2",
        "revenue": 936700000,
        "costOfRevenue": 678100000,
        "grossProfit": 258600000,
        "grossProfitRatio": 0.2760755845,
        "researchAndDevelopmentExpenses": 0,
        "generalAndAdministrativeExpenses": 64200000,
        "sellingAndMarketingExpenses": 1700000,
        "sellingGeneralAndAdministrativeExpenses": 65900000,
        "otherExpenses": 0,
        "operatingExpenses": 65900000,
        "costAndExpenses": 744000000,
        "interestIncome": 0,
        "interestExpense": 45700000,
        "depreciationAndAmortization": -293500000,
        "ebitda": -100800000,
        "ebitdaratio": -0.1076118288,
        "operatingIncome": 192700000,
        "operatingIncomeRatio": 0.2057222163,
        "totalOtherIncomeExpensesNet": -334200000,
        "incomeBeforeTax": -141500000,
        "incomeBeforeTaxRatio": -0.1510622398,
        "incomeTaxExpense": -54200000,
        "netIncome": -92300000,
        "netIncomeRatio": -0.0985374186,
        "eps": -0.51,
        "epsdiluted": -0.51,
        "weightedAverageShsOut": 180100000,
        "weightedAverageShsOutDil": 180100000,
        "link": "https://www.sec.gov/Archives/edgar/data/1108827/000110882714000043/0001108827-14-000043-index.html",
        "finalLink": "https://www.sec.gov/Archives/edgar/data/1108827/000110882714000043/qep-2014630x10q.htm"
    },
    {
        "date": "2014-03-31",
        "symbol": "QEP",
        "reportedCurrency": "USD",
        "cik": "0001108827",
        "fillingDate": "2014-05-07",
        "acceptedDate": "2014-05-07 16:42:57",
        "calendarYear": "2014",
        "period": "Q1",
        "revenue": 883900000,
        "costOfRevenue": 638300000,
        "grossProfit": 245600000,
        "grossProfitRatio": 0.2778594864,
        "researchAndDevelopmentExpenses": 0,
        "generalAndAdministrativeExpenses": 56600000,
        "sellingAndMarketingExpenses": 2200000,
        "sellingGeneralAndAdministrativeExpenses": 58800000,
        "otherExpenses": 0,
        "operatingExpenses": 58800000,
        "costAndExpenses": 697100000,
        "interestIncome": 0,
        "interestExpense": 42500000,
        "depreciationAndAmortization": -81200000,
        "ebitda": 105600000,
        "ebitdaratio": 0.1194705283,
        "operatingIncome": 186800000,
        "operatingIncomeRatio": 0.211336124,
        "totalOtherIncomeExpensesNet": -117900000,
        "incomeBeforeTax": 68900000,
        "incomeBeforeTaxRatio": 0.0779499943,
        "incomeTaxExpense": 23400000,
        "netIncome": 39700000,
        "netIncomeRatio": 0.0449145831,
        "eps": 0.22,
        "epsdiluted": 0.22,
        "weightedAverageShsOut": 179700000,
        "weightedAverageShsOutDil": 180000000,
        "link": "https://www.sec.gov/Archives/edgar/data/1108827/000110882714000028/0001108827-14-000028-index.html",
        "finalLink": "https://www.sec.gov/Archives/edgar/data/1108827/000110882714000028/qep-2014331x10q.htm"
    },
    {
        "date": "2013-12-31",
        "symbol": "QEP",
        "reportedCurrency": "USD",
        "cik": "0001108827",
        "fillingDate": "2014-02-25",
        "acceptedDate": "2014-02-25 16:37:21",
        "calendarYear": "2013",
        "period": "Q4",
        "revenue": 715500000,
        "costOfRevenue": 574900000,
        "grossProfit": 140600000,
        "grossProfitRatio": 0.1965059399,
        "researchAndDevelopmentExpenses": 0,
        "generalAndAdministrativeExpenses": 54900000,
        "sellingAndMarketingExpenses": 2400000,
        "sellingGeneralAndAdministrativeExpenses": 57300000,
        "otherExpenses": 0,
        "operatingExpenses": 57300000,
        "costAndExpenses": 632200000,
        "interestIncome": 0,
        "interestExpense": 40800000,
        "depreciationAndAmortization": -99700000,
        "ebitda": -16400000,
        "ebitdaratio": -0.0229210342,
        "operatingIncome": 83300000,
        "operatingIncomeRatio": 0.1164220825,
        "totalOtherIncomeExpensesNet": -134300000,
        "incomeBeforeTax": -51000000,
        "incomeBeforeTaxRatio": -0.071278826,
        "incomeTaxExpense": -5200000,
        "netIncome": -52000000,
        "netIncomeRatio": -0.07267645,
        "eps": -0.29,
        "epsdiluted": -0.29,
        "weightedAverageShsOut": 179700000,
        "weightedAverageShsOutDil": 179700000,
        "link": "https://www.sec.gov/Archives/edgar/data/1108827/000110882714000016/0001108827-14-000016-index.htm",
        "finalLink": "https://www.sec.gov/Archives/edgar/data/1108827/000110882714000016/qep-20131231x10k.htm"
    },
    {
        "date": "2013-09-30",
        "symbol": "QEP",
        "reportedCurrency": "USD",
        "cik": "0001108827",
        "fillingDate": "2013-11-05",
        "acceptedDate": "2013-11-05 16:27:07",
        "calendarYear": "2013",
        "period": "Q3",
        "revenue": 772800000,
        "costOfRevenue": 602500000,
        "grossProfit": 170300000,
        "grossProfitRatio": 0.2203674948,
        "researchAndDevelopmentExpenses": 0,
        "generalAndAdministrativeExpenses": 49300000,
        "sellingAndMarketingExpenses": 1800000,
        "sellingGeneralAndAdministrativeExpenses": 51100000,
        "otherExpenses": 0,
        "operatingExpenses": 51100000,
        "costAndExpenses": 653600000,
        "interestIncome": 0,
        "interestExpense": 41700000,
        "depreciationAndAmortization": -17800000,
        "ebitda": 101400000,
        "ebitdaratio": 0.1312111801,
        "operatingIncome": 119200000,
        "operatingIncomeRatio": 0.1542443064,
        "totalOtherIncomeExpensesNet": -55700000,
        "incomeBeforeTax": 63500000,
        "incomeBeforeTaxRatio": 0.0821687371,
        "incomeTaxExpense": 22400000,
        "netIncome": 37300000,
        "netIncomeRatio": 0.0482660455,
        "eps": 0.21,
        "epsdiluted": 0.21,
        "weightedAverageShsOut": 179300000,
        "weightedAverageShsOutDil": 179500000,
        "link": "https://www.sec.gov/Archives/edgar/data/1108827/000144530513002709/0001445305-13-002709-index.html",
        "finalLink": "https://www.sec.gov/Archives/edgar/data/1108827/000144530513002709/qep-2013930x10q.htm"
    },
    {
        "date": "2013-06-30",
        "symbol": "QEP",
        "reportedCurrency": "USD",
        "cik": "0001108827",
        "fillingDate": "2013-07-31",
        "acceptedDate": "2013-07-31 16:30:53",
        "calendarYear": "2013",
        "period": "Q2",
        "revenue": 751000000,
        "costOfRevenue": 600400000,
        "grossProfit": 150600000,
        "grossProfitRatio": 0.2005326232,
        "researchAndDevelopmentExpenses": 0,
        "generalAndAdministrativeExpenses": 40900000,
        "sellingAndMarketingExpenses": 2600000,
        "sellingGeneralAndAdministrativeExpenses": 43500000,
        "otherExpenses": 0,
        "operatingExpenses": 43500000,
        "costAndExpenses": 643900000,
        "interestIncome": 0,
        "interestExpense": 41400000,
        "depreciationAndAmortization": 217500000,
        "ebitda": 324600000,
        "ebitdaratio": 0.4322237017,
        "operatingIncome": 107100000,
        "operatingIncomeRatio": 0.1426098535,
        "totalOtherIncomeExpensesNet": 177500000,
        "incomeBeforeTax": 284600000,
        "incomeBeforeTaxRatio": 0.3789613848,
        "incomeTaxExpense": 104800000,
        "netIncome": 178400000,
        "netIncomeRatio": 0.2375499334,
        "eps": 0.99,
        "epsdiluted": 0.99,
        "weightedAverageShsOut": 179300000,
        "weightedAverageShsOutDil": 179500000,
        "link": "https://www.sec.gov/Archives/edgar/data/1108827/000110882713000024/0001108827-13-000024-index.html",
        "finalLink": "https://www.sec.gov/Archives/edgar/data/1108827/000110882713000024/qep-2013630x10q.htm"
    },
    {
        "date": "2013-03-31",
        "symbol": "QEP",
        "reportedCurrency": "USD",
        "cik": "0001108827",
        "fillingDate": "2013-04-30",
        "acceptedDate": "2013-04-30 16:21:09",
        "calendarYear": "2013",
        "period": "Q1",
        "revenue": 696500000,
        "costOfRevenue": 580400000,
        "grossProfit": 116100000,
        "grossProfitRatio": 0.1666905958,
        "researchAndDevelopmentExpenses": 0,
        "generalAndAdministrativeExpenses": 46000000,
        "sellingAndMarketingExpenses": 5100000,
        "sellingGeneralAndAdministrativeExpenses": 51100000,
        "otherExpenses": 0,
        "operatingExpenses": 51100000,
        "costAndExpenses": 631500000,
        "interestIncome": 0,
        "interestExpense": 39400000,
        "depreciationAndAmortization": -32100000,
        "ebitda": 32900000,
        "ebitdaratio": 0.0472361809,
        "operatingIncome": 65000000,
        "operatingIncomeRatio": 0.0933237617,
        "totalOtherIncomeExpensesNet": -70900000,
        "incomeBeforeTax": -5900000,
        "incomeBeforeTaxRatio": -0.0084709261,
        "incomeTaxExpense": -2200000,
        "netIncome": -4300000,
        "netIncomeRatio": -0.0061737258,
        "eps": -0.0243,
        "epsdiluted": -0.0243,
        "weightedAverageShsOut": 177000000,
        "weightedAverageShsOutDil": 177000000,
        "link": "https://www.sec.gov/Archives/edgar/data/1108827/000110882713000013/0001108827-13-000013-index.html",
        "finalLink": "https://www.sec.gov/Archives/edgar/data/1108827/000110882713000013/qep-2013331x10q.htm"
    },
    {
        "date": "2012-12-31",
        "symbol": "QEP",
        "reportedCurrency": "USD",
        "cik": "0001108827",
        "fillingDate": "2013-02-22",
        "acceptedDate": "2013-02-22 11:54:39",
        "calendarYear": "2012",
        "period": "Q4",
        "revenue": 704900000,
        "costOfRevenue": 1248100000,
        "grossProfit": -543200000,
        "grossProfitRatio": -0.7706057597,
        "researchAndDevelopmentExpenses": 0,
        "generalAndAdministrativeExpenses": 152100000,
        "sellingAndMarketingExpenses": 0,
        "sellingGeneralAndAdministrativeExpenses": -490400000,
        "otherExpenses": 0,
        "operatingExpenses": -490400000,
        "costAndExpenses": 757700000,
        "interestIncome": 0,
        "interestExpense": 40000000,
        "depreciationAndAmortization": 49700000,
        "ebitda": -3100000,
        "ebitdaratio": -0.0043977869,
        "operatingIncome": -52800000,
        "operatingIncomeRatio": -0.0749042417,
        "totalOtherIncomeExpensesNet": 10700000,
        "incomeBeforeTax": -42100000,
        "incomeBeforeTaxRatio": -0.0597247837,
        "incomeTaxExpense": -20000000,
        "netIncome": -23100000,
        "netIncomeRatio": -0.0327706058,
        "eps": -0.13,
        "epsdiluted": -0.13,
        "weightedAverageShsOut": 178300000,
        "weightedAverageShsOutDil": 178300000,
        "link": "https://www.sec.gov/Archives/edgar/data/1108827/000110882713000008/0001108827-13-000008-index.html",
        "finalLink": "https://www.sec.gov/Archives/edgar/data/1108827/000110882713000008/qep-20121231x10k.htm"
    },
    {
        "date": "2012-09-30",
        "symbol": "QEP",
        "reportedCurrency": "USD",
        "cik": "0001108827",
        "fillingDate": "2012-10-30",
        "acceptedDate": "2012-10-30 16:47:25",
        "calendarYear": "2012",
        "period": "Q3",
        "revenue": 542400000,
        "costOfRevenue": 267500000,
        "grossProfit": 274900000,
        "grossProfitRatio": 0.5068215339,
        "researchAndDevelopmentExpenses": 0,
        "generalAndAdministrativeExpenses": 41700000,
        "sellingAndMarketingExpenses": 236300000,
        "sellingGeneralAndAdministrativeExpenses": 278000000,
        "otherExpenses": 0,
        "operatingExpenses": 278000000,
        "costAndExpenses": 545500000,
        "interestIncome": 0,
        "interestExpense": 30200000,
        "depreciationAndAmortization": 27900000,
        "ebitda": 24800000,
        "ebitdaratio": 0.0457227139,
        "operatingIncome": -3100000,
        "operatingIncomeRatio": -0.0057153392,
        "totalOtherIncomeExpensesNet": -1300000,
        "incomeBeforeTax": -4400000,
        "incomeBeforeTaxRatio": -0.0081120944,
        "incomeTaxExpense": -2300000,
        "netIncome": -3100000,
        "netIncomeRatio": -0.0057153392,
        "eps": -0.0174,
        "epsdiluted": -0.0174,
        "weightedAverageShsOut": 177900000,
        "weightedAverageShsOutDil": 177900000,
        "link": "https://www.sec.gov/Archives/edgar/data/1108827/000110882712000006/0001108827-12-000006-index.html",
        "finalLink": "https://www.sec.gov/Archives/edgar/data/1108827/000110882712000006/qep-2012930x10q.htm"
    },
    {
        "date": "2012-06-30",
        "symbol": "QEP",
        "reportedCurrency": "USD",
        "cik": "0001108827",
        "fillingDate": "2012-07-31",
        "acceptedDate": "2012-07-31 16:23:13",
        "calendarYear": "2012",
        "period": "Q2",
        "revenue": 499300000,
        "costOfRevenue": 246100000,
        "grossProfit": 253200000,
        "grossProfitRatio": 0.5071099539,
        "researchAndDevelopmentExpenses": 0,
        "generalAndAdministrativeExpenses": 36800000,
        "sellingAndMarketingExpenses": 216200000,
        "sellingGeneralAndAdministrativeExpenses": 253000000,
        "otherExpenses": 0,
        "operatingExpenses": 253000000,
        "costAndExpenses": 499100000,
        "interestIncome": 0,
        "interestExpense": 28200000,
        "depreciationAndAmortization": 27400000,
        "ebitda": 27600000,
        "ebitdaratio": 0.0552773883,
        "operatingIncome": 200000,
        "operatingIncomeRatio": 0.0004005608,
        "totalOtherIncomeExpensesNet": 100000,
        "incomeBeforeTax": 300000,
        "incomeBeforeTaxRatio": 0.0006008412,
        "incomeTaxExpense": 100000,
        "netIncome": -700000,
        "netIncomeRatio": -0.0014019627,
        "eps": -0.0039,
        "epsdiluted": -0.0039,
        "weightedAverageShsOut": 177700000,
        "weightedAverageShsOutDil": 177700000,
        "link": "https://www.sec.gov/Archives/edgar/data/1108827/000114036112034461/0001140361-12-034461-index.html",
        "finalLink": "https://www.sec.gov/Archives/edgar/data/1108827/000114036112034461/form10q.htm"
    },
    {
        "date": "2012-03-31",
        "symbol": "QEP",
        "reportedCurrency": "USD",
        "cik": "0001108827",
        "fillingDate": "2012-04-26",
        "acceptedDate": "2012-04-26 15:41:10",
        "calendarYear": "2012",
        "period": "Q1",
        "revenue": 603200000,
        "costOfRevenue": 271300000,
        "grossProfit": 331900000,
        "grossProfitRatio": 0.5502320955,
        "researchAndDevelopmentExpenses": 0,
        "generalAndAdministrativeExpenses": 36000000,
        "sellingAndMarketingExpenses": 241300000,
        "sellingGeneralAndAdministrativeExpenses": 277300000,
        "otherExpenses": 0,
        "operatingExpenses": 277300000,
        "costAndExpenses": 548600000,
        "interestIncome": 0,
        "interestExpense": 24700000,
        "depreciationAndAmortization": 214000000,
        "ebitda": 268600000,
        "ebitdaratio": 0.4452917772,
        "operatingIncome": 54600000,
        "operatingIncomeRatio": 0.0905172414,
        "totalOtherIncomeExpensesNet": 190100000,
        "incomeBeforeTax": 244700000,
        "incomeBeforeTaxRatio": 0.4056697613,
        "incomeTaxExpense": 88700000,
        "netIncome": 155200000,
        "netIncomeRatio": 0.2572944297,
        "eps": 0.87,
        "epsdiluted": 0.87,
        "weightedAverageShsOut": 177400000,
        "weightedAverageShsOutDil": 178500000,
        "link": "https://www.sec.gov/Archives/edgar/data/1108827/000114036112010483/0001140361-12-010483-index.htm",
        "finalLink": "https://www.sec.gov/Archives/edgar/data/1108827/000114036112010483/form10k.htm"
    },
    {
        "date": "2011-12-31",
        "symbol": "QEP",
        "reportedCurrency": "USD",
        "cik": "0001108827",
        "fillingDate": "2012-02-24",
        "acceptedDate": "2012-02-23 21:14:35",
        "calendarYear": "2011",
        "period": "Q4",
        "revenue": 926500000,
        "costOfRevenue": 474900000,
        "grossProfit": 451600000,
        "grossProfitRatio": 0.487425796,
        "researchAndDevelopmentExpenses": 0,
        "generalAndAdministrativeExpenses": 0,
        "sellingAndMarketingExpenses": 0,
        "sellingGeneralAndAdministrativeExpenses": 233100000,
        "otherExpenses": 0,
        "operatingExpenses": 233100000,
        "costAndExpenses": 708000000,
        "interestIncome": 0,
        "interestExpense": 22500000,
        "depreciationAndAmortization": -197900000,
        "ebitda": 20600000,
        "ebitdaratio": 0.0222342148,
        "operatingIncome": 218500000,
        "operatingIncomeRatio": 0.2358337831,
        "totalOtherIncomeExpensesNet": -219400000,
        "incomeBeforeTax": -900000,
        "incomeBeforeTaxRatio": -0.0009713977,
        "incomeTaxExpense": -1600000,
        "netIncome": -300000,
        "netIncomeRatio": -0.0003237992,
        "eps": -0.0017,
        "epsdiluted": -0.0017,
        "weightedAverageShsOut": 176700000,
        "weightedAverageShsOutDil": 178200000,
        "link": "https://www.sec.gov/Archives/edgar/data/1108827/000114036112010483/0001140361-12-010483-index.html",
        "finalLink": "https://www.sec.gov/Archives/edgar/data/1108827/000114036112010483/form10k.htm"
    },
    {
        "date": "2011-09-30",
        "symbol": "QEP",
        "reportedCurrency": "USD",
        "cik": "0001108827",
        "fillingDate": "2011-10-28",
        "acceptedDate": "2011-10-27 20:02:48",
        "calendarYear": "2011",
        "period": "Q3",
        "revenue": 852400000,
        "costOfRevenue": 446800000,
        "grossProfit": 405600000,
        "grossProfitRatio": 0.4758329423,
        "researchAndDevelopmentExpenses": 0,
        "generalAndAdministrativeExpenses": 28700000,
        "sellingAndMarketingExpenses": 189000000,
        "sellingGeneralAndAdministrativeExpenses": 217700000,
        "otherExpenses": 0,
        "operatingExpenses": 217700000,
        "costAndExpenses": 664500000,
        "interestIncome": 0,
        "interestExpense": 23500000,
        "depreciationAndAmortization": -3800000,
        "ebitda": 184100000,
        "ebitdaratio": 0.2159784139,
        "operatingIncome": 187900000,
        "operatingIncomeRatio": 0.2204364148,
        "totalOtherIncomeExpensesNet": -26400000,
        "incomeBeforeTax": 161500000,
        "incomeBeforeTaxRatio": 0.1894650399,
        "incomeTaxExpense": 59100000,
        "netIncome": 101500000,
        "netIncomeRatio": 0.1190755514,
        "eps": 0.57,
        "epsdiluted": 0.57,
        "weightedAverageShsOut": 176600000,
        "weightedAverageShsOutDil": 178500000,
        "link": "https://www.sec.gov/Archives/edgar/data/1108827/000114036111050658/0001140361-11-050658-index.html",
        "finalLink": "https://www.sec.gov/Archives/edgar/data/1108827/000114036111050658/form10q.htm"
    },
    {
        "date": "2011-06-30",
        "symbol": "QEP",
        "reportedCurrency": "USD",
        "cik": "0001108827",
        "fillingDate": "2011-07-29",
        "acceptedDate": "2011-07-29 11:55:33",
        "calendarYear": "2011",
        "period": "Q2",
        "revenue": 784100000,
        "costOfRevenue": 392500000,
        "grossProfit": 391600000,
        "grossProfitRatio": 0.4994260936,
        "researchAndDevelopmentExpenses": 0,
        "generalAndAdministrativeExpenses": 28700000,
        "sellingAndMarketingExpenses": 188900000,
        "sellingGeneralAndAdministrativeExpenses": 217600000,
        "otherExpenses": 0,
        "operatingExpenses": 217600000,
        "costAndExpenses": 610100000,
        "interestIncome": 0,
        "interestExpense": 22500000,
        "depreciationAndAmortization": -4500000,
        "ebitda": 169500000,
        "ebitdaratio": 0.2161714067,
        "operatingIncome": 174000000,
        "operatingIncomeRatio": 0.2219104706,
        "totalOtherIncomeExpensesNet": -26300000,
        "incomeBeforeTax": 147700000,
        "incomeBeforeTaxRatio": 0.1883688305,
        "incomeTaxExpense": 54200000,
        "netIncome": 92800000,
        "netIncomeRatio": 0.118352251,
        "eps": 0.53,
        "epsdiluted": 0.52,
        "weightedAverageShsOut": 176600000,
        "weightedAverageShsOutDil": 178600000,
        "link": "https://www.sec.gov/Archives/edgar/data/1108827/000119312511202252/0001193125-11-202252-index.html",
        "finalLink": "https://www.sec.gov/Archives/edgar/data/1108827/000119312511202252/d10q.htm"
    },
    {
        "date": "2011-03-31",
        "symbol": "QEP",
        "reportedCurrency": "USD",
        "cik": "0001108827",
        "fillingDate": "2011-04-28",
        "acceptedDate": "2011-04-28 14:02:48",
        "calendarYear": "2011",
        "period": "Q1",
        "revenue": 596200000,
        "costOfRevenue": 231200000,
        "grossProfit": 365000000,
        "grossProfitRatio": 0.6122106676,
        "researchAndDevelopmentExpenses": 0,
        "generalAndAdministrativeExpenses": 31700000,
        "sellingAndMarketingExpenses": 190800000,
        "sellingGeneralAndAdministrativeExpenses": 222500000,
        "otherExpenses": 0,
        "operatingExpenses": 222500000,
        "costAndExpenses": 453700000,
        "interestIncome": 0,
        "interestExpense": 22100000,
        "depreciationAndAmortization": -4500000,
        "ebitda": 138000000,
        "ebitdaratio": 0.231465951,
        "operatingIncome": 142500000,
        "operatingIncomeRatio": 0.2390137538,
        "totalOtherIncomeExpensesNet": -26000000,
        "incomeBeforeTax": 116500000,
        "incomeBeforeTaxRatio": 0.1954042268,
        "incomeTaxExpense": 42700000,
        "netIncome": 73200000,
        "netIncomeRatio": 0.1227775914,
        "eps": 0.42,
        "epsdiluted": 0.41,
        "weightedAverageShsOut": 176200000,
        "weightedAverageShsOutDil": 178300000,
        "link": "https://www.sec.gov/Archives/edgar/data/1108827/000119312511114364/0001193125-11-114364-index.html",
        "finalLink": "https://www.sec.gov/Archives/edgar/data/1108827/000119312511114364/d10q.htm"
    },
    {
        "date": "2010-12-31",
        "symbol": "QEP",
        "reportedCurrency": "USD",
        "cik": "0001108827",
        "fillingDate": "2011-02-25",
        "acceptedDate": "2011-02-25 13:50:42",
        "calendarYear": "2010",
        "period": "Q4",
        "revenue": 572000000,
        "costOfRevenue": 203900000,
        "grossProfit": 368100000,
        "grossProfitRatio": 0.6435314685,
        "researchAndDevelopmentExpenses": 0,
        "generalAndAdministrativeExpenses": -31000000,
        "sellingAndMarketingExpenses": 257300000,
        "sellingGeneralAndAdministrativeExpenses": 226300000,
        "otherExpenses": 0,
        "operatingExpenses": 226300000,
        "costAndExpenses": 430200000,
        "interestIncome": 0,
        "interestExpense": 21600000,
        "depreciationAndAmortization": -18700000,
        "ebitda": 123100000,
        "ebitdaratio": 0.2152097902,
        "operatingIncome": 141800000,
        "operatingIncomeRatio": 0.2479020979,
        "totalOtherIncomeExpensesNet": -39500000,
        "incomeBeforeTax": 102300000,
        "incomeBeforeTaxRatio": 0.1788461538,
        "incomeTaxExpense": 36500000,
        "netIncome": 65000000,
        "netIncomeRatio": 0.1136363636,
        "eps": 0.37,
        "epsdiluted": 0.37,
        "weightedAverageShsOut": 176200000,
        "weightedAverageShsOutDil": 176200000,
        "link": "https://www.sec.gov/Archives/edgar/data/1108827/000119312511047041/0001193125-11-047041-index.htm",
        "finalLink": "https://www.sec.gov/Archives/edgar/data/1108827/000119312511047041/d10k.htm"
    },
    {
        "date": "2010-09-30",
        "symbol": "QEP",
        "reportedCurrency": "USD",
        "cik": "0001108827",
        "fillingDate": "2010-11-02",
        "acceptedDate": "2010-11-02 16:30:45",
        "calendarYear": "2010",
        "period": "Q3",
        "revenue": 564600000,
        "costOfRevenue": 199000000,
        "grossProfit": 365600000,
        "grossProfitRatio": 0.6475380801,
        "researchAndDevelopmentExpenses": 0,
        "generalAndAdministrativeExpenses": 24700000,
        "sellingAndMarketingExpenses": 179200000,
        "sellingGeneralAndAdministrativeExpenses": 203900000,
        "otherExpenses": 0,
        "operatingExpenses": 203900000,
        "costAndExpenses": 402900000,
        "interestIncome": 0,
        "interestExpense": 22600000,
        "depreciationAndAmortization": -23800000,
        "ebitda": 137900000,
        "ebitdaratio": 0.2442437124,
        "operatingIncome": 161700000,
        "operatingIncomeRatio": 0.2863974495,
        "totalOtherIncomeExpensesNet": -45600000,
        "incomeBeforeTax": 116100000,
        "incomeBeforeTaxRatio": 0.2056323061,
        "incomeTaxExpense": 44200000,
        "netIncome": 71100000,
        "netIncomeRatio": 0.1259298618,
        "eps": 0.41,
        "epsdiluted": 0.4,
        "weightedAverageShsOut": 175400000,
        "weightedAverageShsOutDil": 177900000,
        "link": "https://www.sec.gov/Archives/edgar/data/1108827/000119312510244395/0001193125-10-244395-index.html",
        "finalLink": "https://www.sec.gov/Archives/edgar/data/1108827/000119312510244395/d10q.htm"
    },
    {
        "date": "2010-06-30",
        "symbol": "QEP",
        "reportedCurrency": "USD",
        "cik": "0001108827",
        "fillingDate": "2010-07-30",
        "acceptedDate": "2010-07-30 16:52:23",
        "calendarYear": "2010",
        "period": "Q2",
        "revenue": 529600000,
        "costOfRevenue": 172500000,
        "grossProfit": 357100000,
        "grossProfitRatio": 0.6742824773,
        "researchAndDevelopmentExpenses": 0,
        "generalAndAdministrativeExpenses": 25700000,
        "sellingAndMarketingExpenses": 182900000,
        "sellingGeneralAndAdministrativeExpenses": 208600000,
        "otherExpenses": 0,
        "operatingExpenses": 208600000,
        "costAndExpenses": 381100000,
        "interestIncome": 0,
        "interestExpense": 20300000,
        "depreciationAndAmortization": 3000000,
        "ebitda": 151500000,
        "ebitdaratio": 0.2860649547,
        "operatingIncome": 148500000,
        "operatingIncomeRatio": 0.2804003021,
        "totalOtherIncomeExpensesNet": -38600000,
        "incomeBeforeTax": 109900000,
        "incomeBeforeTaxRatio": 0.2075151057,
        "incomeTaxExpense": 40400000,
        "netIncome": 90800000,
        "netIncomeRatio": 0.1714501511,
        "eps": 0.52,
        "epsdiluted": 0.51,
        "weightedAverageShsOut": 175100000,
        "weightedAverageShsOutDil": 177600000,
        "link": "https://www.sec.gov/Archives/edgar/data/1108827/000119312510172297/0001193125-10-172297-index.html",
        "finalLink": "https://www.sec.gov/Archives/edgar/data/1108827/000119312510172297/d10q.htm"
    },
    {
        "date": "2010-03-31",
        "symbol": "QEP",
        "reportedCurrency": "USD",
        "cik": "0001108827",
        "fillingDate": "2010-05-06",
        "acceptedDate": "2010-05-05 17:57:41",
        "calendarYear": "2010",
        "period": "Q1",
        "revenue": 642800000,
        "costOfRevenue": 234200000,
        "grossProfit": 408600000,
        "grossProfitRatio": 0.6356565028,
        "researchAndDevelopmentExpenses": 0,
        "generalAndAdministrativeExpenses": 30100000,
        "sellingAndMarketingExpenses": 195200000,
        "sellingGeneralAndAdministrativeExpenses": 225300000,
        "otherExpenses": 0,
        "operatingExpenses": 225300000,
        "costAndExpenses": 459500000,
        "interestIncome": 0,
        "interestExpense": 20000000,
        "depreciationAndAmortization": -6200000,
        "ebitda": 177100000,
        "ebitdaratio": 0.275513379,
        "operatingIncome": 183300000,
        "operatingIncomeRatio": 0.2851586808,
        "totalOtherIncomeExpensesNet": -25600000,
        "incomeBeforeTax": 157700000,
        "incomeBeforeTaxRatio": 0.2453329185,
        "incomeTaxExpense": 57800000,
        "netIncome": 99300000,
        "netIncomeRatio": 0.1544803983,
        "eps": 0.57,
        "epsdiluted": 0.57,
        "weightedAverageShsOut": 175141412,
        "weightedAverageShsOutDil": 175141412,
        "link": "https://www.sec.gov/Archives/edgar/data/1108827/000110882710000010/0001108827-10-000010-index.html",
        "finalLink": "https://www.sec.gov/Archives/edgar/data/1108827/000110882710000010/qmr10q1q2010.htm"
    },
    {
        "date": "2009-12-31",
        "symbol": "QEP",
        "reportedCurrency": "USD",
        "cik": "0001108827",
        "fillingDate": "2010-03-08",
        "acceptedDate": "2010-03-05 17:56:59",
        "calendarYear": "2009",
        "period": "Q4",
        "revenue": 634400000,
        "costOfRevenue": 185200000,
        "grossProfit": 449200000,
        "grossProfitRatio": 0.7080706179,
        "researchAndDevelopmentExpenses": 0,
        "generalAndAdministrativeExpenses": 27800000,
        "sellingAndMarketingExpenses": 198900000,
        "sellingGeneralAndAdministrativeExpenses": 226700000,
        "otherExpenses": 0,
        "operatingExpenses": 226700000,
        "costAndExpenses": 411900000,
        "interestIncome": 0,
        "interestExpense": 21000000,
        "depreciationAndAmortization": -23900000,
        "ebitda": 198600000,
        "ebitdaratio": 0.3130517024,
        "operatingIncome": 222500000,
        "operatingIncomeRatio": 0.3507250946,
        "totalOtherIncomeExpensesNet": -44000000,
        "incomeBeforeTax": 178500000,
        "incomeBeforeTaxRatio": 0.2813682219,
        "incomeTaxExpense": 61500000,
        "netIncome": 116100000,
        "netIncomeRatio": 0.1830075662,
        "eps": 0.66,
        "epsdiluted": 0.66,
        "weightedAverageShsOut": 175141412,
        "weightedAverageShsOutDil": 175141412,
        "link": "https://www.sec.gov/Archives/edgar/data/1108827/000110882710000002/0001108827-10-000002-index.html",
        "finalLink": "https://www.sec.gov/Archives/edgar/data/1108827/000110882710000002/qmr10k4q2009.htm"
    },
    {
        "date": "2009-09-30",
        "symbol": "QEP",
        "reportedCurrency": "USD",
        "cik": "0001108827",
        "fillingDate": "2009-11-06",
        "acceptedDate": "2009-11-05 17:35:49",
        "calendarYear": "2009",
        "period": "Q3",
        "revenue": 534700000,
        "costOfRevenue": 166500000,
        "grossProfit": 368200000,
        "grossProfitRatio": 0.6886104358,
        "researchAndDevelopmentExpenses": 0,
        "generalAndAdministrativeExpenses": 28700000,
        "sellingAndMarketingExpenses": 162200000,
        "sellingGeneralAndAdministrativeExpenses": 190900000,
        "otherExpenses": 0,
        "operatingExpenses": 190900000,
        "costAndExpenses": 357400000,
        "interestIncome": 0,
        "interestExpense": 17200000,
        "depreciationAndAmortization": -14600000,
        "ebitda": 162700000,
        "ebitdaratio": 0.3042827754,
        "operatingIncome": 177300000,
        "operatingIncomeRatio": 0.3315878062,
        "totalOtherIncomeExpensesNet": -31200000,
        "incomeBeforeTax": 146100000,
        "incomeBeforeTaxRatio": 0.2732373293,
        "incomeTaxExpense": 53500000,
        "netIncome": 92000000,
        "netIncomeRatio": 0.1720590986,
        "eps": 0.53,
        "epsdiluted": 0.52,
        "weightedAverageShsOut": 174900000,
        "weightedAverageShsOutDil": 177200000,
        "link": "https://www.sec.gov/Archives/edgar/data/1108827/000110882709000018/0001108827-09-000018-index.html",
        "finalLink": "https://www.sec.gov/Archives/edgar/data/1108827/000110882709000018/qmr10q3q2009.htm"
    },
    {
        "date": "2009-06-30",
        "symbol": "QEP",
        "reportedCurrency": "USD",
        "cik": "0001108827",
        "fillingDate": "2009-08-04",
        "acceptedDate": "2009-08-04 17:08:05",
        "calendarYear": "2009",
        "period": "Q2",
        "revenue": 491000000,
        "costOfRevenue": 137000000,
        "grossProfit": 354000000,
        "grossProfitRatio": 0.7209775967,
        "researchAndDevelopmentExpenses": 0,
        "generalAndAdministrativeExpenses": 28800000,
        "sellingAndMarketingExpenses": 177100000,
        "sellingGeneralAndAdministrativeExpenses": 205900000,
        "otherExpenses": 0,
        "operatingExpenses": 205900000,
        "costAndExpenses": 342900000,
        "interestIncome": 0,
        "interestExpense": 15900000,
        "depreciationAndAmortization": -30000000,
        "ebitda": 118100000,
        "ebitdaratio": 0.2405295316,
        "operatingIncome": 148100000,
        "operatingIncomeRatio": 0.3016293279,
        "totalOtherIncomeExpensesNet": -45300000,
        "incomeBeforeTax": 102800000,
        "incomeBeforeTaxRatio": 0.2093686354,
        "incomeTaxExpense": 37500000,
        "netIncome": 64700000,
        "netIncomeRatio": 0.1317718941,
        "eps": 0.37,
        "epsdiluted": 0.37,
        "weightedAverageShsOut": 174900000,
        "weightedAverageShsOutDil": 177200000,
        "link": "https://www.sec.gov/Archives/edgar/data/1108827/000110882709000012/0001108827-09-000012-index.html",
        "finalLink": "https://www.sec.gov/Archives/edgar/data/1108827/000110882709000012/qmr10q2q2009.htm"
    },
    {
        "date": "2009-03-31",
        "symbol": "QEP",
        "reportedCurrency": "USD",
        "cik": "0001108827",
        "fillingDate": "2009-05-08",
        "acceptedDate": "2009-05-08 13:27:37",
        "calendarYear": "2009",
        "period": "Q1",
        "revenue": 538400000,
        "costOfRevenue": 170200000,
        "grossProfit": 368200000,
        "grossProfitRatio": 0.6838781575,
        "researchAndDevelopmentExpenses": 0,
        "generalAndAdministrativeExpenses": 23300000,
        "sellingAndMarketingExpenses": 162400000,
        "sellingGeneralAndAdministrativeExpenses": 185700000,
        "otherExpenses": 0,
        "operatingExpenses": 185700000,
        "costAndExpenses": 355900000,
        "interestIncome": 0,
        "interestExpense": 16200000,
        "depreciationAndAmortization": -134300000,
        "ebitda": 48200000,
        "ebitdaratio": 0.0895245171,
        "operatingIncome": 182500000,
        "operatingIncomeRatio": 0.3389673105,
        "totalOtherIncomeExpensesNet": -150000000,
        "incomeBeforeTax": 32500000,
        "incomeBeforeTaxRatio": 0.0603640416,
        "incomeTaxExpense": 11300000,
        "netIncome": 20700000,
        "netIncomeRatio": 0.0384472511,
        "eps": 0.12,
        "epsdiluted": 0.12,
        "weightedAverageShsOut": 174900000,
        "weightedAverageShsOutDil": 177200000,
        "link": "https://www.sec.gov/Archives/edgar/data/1108827/000110882709000006/0001108827-09-000006-index.html",
        "finalLink": "https://www.sec.gov/Archives/edgar/data/1108827/000110882709000006/qmr10q1q2009.htm"
    },
    {
        "date": "2008-12-31",
        "symbol": "QEP",
        "reportedCurrency": "USD",
        "cik": "0001108827",
        "fillingDate": "2009-02-27",
        "acceptedDate": "2009-02-27 17:14:24",
        "calendarYear": "2008",
        "period": "Q4",
        "revenue": 570700000,
        "costOfRevenue": 158500000,
        "grossProfit": 412200000,
        "grossProfitRatio": 0.7222708954,
        "researchAndDevelopmentExpenses": 0,
        "generalAndAdministrativeExpenses": 25200000,
        "sellingAndMarketingExpenses": 145700000,
        "sellingGeneralAndAdministrativeExpenses": 170900000,
        "otherExpenses": 0,
        "operatingExpenses": 170900000,
        "costAndExpenses": 329400000,
        "interestIncome": 0,
        "interestExpense": 13200000,
        "depreciationAndAmortization": -115500000,
        "ebitda": 125800000,
        "ebitdaratio": 0.2204310496,
        "operatingIncome": 241300000,
        "operatingIncomeRatio": 0.422814088,
        "totalOtherIncomeExpensesNet": -128700000,
        "incomeBeforeTax": 112600000,
        "incomeBeforeTaxRatio": 0.1973015595,
        "incomeTaxExpense": 26100000,
        "netIncome": 86500000,
        "netIncomeRatio": 0.1515682495,
        "eps": 0.49,
        "epsdiluted": 0.49,
        "weightedAverageShsOut": 174900000,
        "weightedAverageShsOutDil": 174900000,
        "link": "https://www.sec.gov/Archives/edgar/data/1108827/000110882709000002/0001108827-09-000002-index.html",
        "finalLink": "https://www.sec.gov/Archives/edgar/data/1108827/000110882709000002/qmr10k4q2008.htm"
    },
    {
        "date": "2008-09-30",
        "symbol": "QEP",
        "reportedCurrency": "USD",
        "cik": "0001108827",
        "fillingDate": "2008-10-31",
        "acceptedDate": "2008-10-31 12:13:56",
        "calendarYear": "2008",
        "period": "Q3",
        "revenue": 661400000,
        "costOfRevenue": 195400000,
        "grossProfit": 466000000,
        "grossProfitRatio": 0.704566072,
        "researchAndDevelopmentExpenses": 0,
        "generalAndAdministrativeExpenses": 20200000,
        "sellingAndMarketingExpenses": 146800000,
        "sellingGeneralAndAdministrativeExpenses": 167000000,
        "otherExpenses": 0,
        "operatingExpenses": 167000000,
        "costAndExpenses": 362400000,
        "interestIncome": 0,
        "interestExpense": 18000000,
        "depreciationAndAmortization": 35100000,
        "ebitda": 334100000,
        "ebitdaratio": 0.5051406108,
        "operatingIncome": 299000000,
        "operatingIncomeRatio": 0.4520713638,
        "totalOtherIncomeExpensesNet": 17100000,
        "incomeBeforeTax": 316100000,
        "incomeBeforeTaxRatio": 0.4779256123,
        "incomeTaxExpense": 118500000,
        "netIncome": 197600000,
        "netIncomeRatio": 0.2987602056,
        "eps": 1.13,
        "epsdiluted": 1.12,
        "weightedAverageShsOut": 174900000,
        "weightedAverageShsOutDil": 177200000,
        "link": "https://www.sec.gov/Archives/edgar/data/1108827/000110882708000045/0001108827-08-000045-index.html",
        "finalLink": "https://www.sec.gov/Archives/edgar/data/1108827/000110882708000045/qmr10q3q2008.htm"
    },
    {
        "date": "2008-06-30",
        "symbol": "QEP",
        "reportedCurrency": "USD",
        "cik": "0001108827",
        "fillingDate": "2008-08-05",
        "acceptedDate": "2008-08-05 14:18:06",
        "calendarYear": "2008",
        "period": "Q2",
        "revenue": 711900000,
        "costOfRevenue": 283000000,
        "grossProfit": 428900000,
        "grossProfitRatio": 0.6024722573,
        "researchAndDevelopmentExpenses": 0,
        "generalAndAdministrativeExpenses": 25100000,
        "sellingAndMarketingExpenses": 140300000,
        "sellingGeneralAndAdministrativeExpenses": 165400000,
        "otherExpenses": 0,
        "operatingExpenses": 165400000,
        "costAndExpenses": 448400000,
        "interestIncome": 0,
        "interestExpense": 18400000,
        "depreciationAndAmortization": 14100000,
        "ebitda": 277600000,
        "ebitdaratio": 0.3899424076,
        "operatingIncome": 263500000,
        "operatingIncomeRatio": 0.3701362551,
        "totalOtherIncomeExpensesNet": -2200000,
        "incomeBeforeTax": 261300000,
        "incomeBeforeTaxRatio": 0.3670459334,
        "incomeTaxExpense": 97100000,
        "netIncome": 162100000,
        "netIncomeRatio": 0.2277005197,
        "eps": 0.93,
        "epsdiluted": 0.91,
        "weightedAverageShsOut": 174900000,
        "weightedAverageShsOutDil": 177200000,
        "link": "https://www.sec.gov/Archives/edgar/data/1108827/000110882708000032/0001108827-08-000032-index.html",
        "finalLink": "https://www.sec.gov/Archives/edgar/data/1108827/000110882708000032/qmr10q2q2008.htm"
    },
    {
        "date": "2008-03-31",
        "symbol": "QEP",
        "reportedCurrency": "USD",
        "cik": "0001108827",
        "fillingDate": "2008-05-05",
        "acceptedDate": "2008-05-05 13:36:37",
        "calendarYear": "2008",
        "period": "Q1",
        "revenue": 662100000,
        "costOfRevenue": 287100000,
        "grossProfit": 375000000,
        "grossProfitRatio": 0.566379701,
        "researchAndDevelopmentExpenses": 0,
        "generalAndAdministrativeExpenses": 23000000,
        "sellingAndMarketingExpenses": 126700000,
        "sellingGeneralAndAdministrativeExpenses": 149700000,
        "otherExpenses": 0,
        "operatingExpenses": 149700000,
        "costAndExpenses": 436800000,
        "interestIncome": 0,
        "interestExpense": 12600000,
        "depreciationAndAmortization": 9800000,
        "ebitda": 235100000,
        "ebitdaratio": 0.3550823138,
        "operatingIncome": 225300000,
        "operatingIncomeRatio": 0.3402809243,
        "totalOtherIncomeExpensesNet": -400000,
        "incomeBeforeTax": 224900000,
        "incomeBeforeTaxRatio": 0.339676786,
        "incomeTaxExpense": 83200000,
        "netIncome": 139300000,
        "netIncomeRatio": 0.2103911796,
        "eps": 0.8,
        "epsdiluted": 0.79,
        "weightedAverageShsOut": 174900000,
        "weightedAverageShsOutDil": 177200000,
        "link": "https://www.sec.gov/Archives/edgar/data/1108827/000110882708000023/0001108827-08-000023-index.html",
        "finalLink": "https://www.sec.gov/Archives/edgar/data/1108827/000110882708000023/qmr10q1q2008.htm"
    },
    {
        "date": "2007-12-31",
        "symbol": "QEP",
        "reportedCurrency": "USD",
        "cik": "0001108827",
        "fillingDate": "2008-02-27",
        "acceptedDate": "2008-02-27 14:40:22",
        "calendarYear": "2007",
        "period": "Q4",
        "revenue": 522300000,
        "costOfRevenue": 228100000,
        "grossProfit": 294200000,
        "grossProfitRatio": 0.5632778097,
        "researchAndDevelopmentExpenses": 0,
        "generalAndAdministrativeExpenses": 24000000,
        "sellingAndMarketingExpenses": 98300000,
        "sellingGeneralAndAdministrativeExpenses": 122300000,
        "otherExpenses": 0,
        "operatingExpenses": 122300000,
        "costAndExpenses": 350400000,
        "interestIncome": 0,
        "interestExpense": 9700000,
        "depreciationAndAmortization": -7700000,
        "ebitda": 164200000,
        "ebitdaratio": 0.3143787096,
        "operatingIncome": 171900000,
        "operatingIncomeRatio": 0.3291211947,
        "totalOtherIncomeExpensesNet": -17400000,
        "incomeBeforeTax": 154500000,
        "incomeBeforeTaxRatio": 0.2958070075,
        "incomeTaxExpense": 54000000,
        "netIncome": 100500000,
        "netIncomeRatio": 0.1924181505,
        "eps": 0.57,
        "epsdiluted": 0.57,
        "weightedAverageShsOut": 174900000,
        "weightedAverageShsOutDil": 174900000,
        "link": "https://www.sec.gov/Archives/edgar/data/1108827/000110882708000009/0001108827-08-000009-index.htm",
        "finalLink": "https://www.sec.gov/Archives/edgar/data/1108827/000110882708000009/qmr10k4q2007.htm"
    },
    {
        "date": "2007-09-30",
        "symbol": "QEP",
        "reportedCurrency": "USD",
        "cik": "0001108827",
        "fillingDate": "2007-11-02",
        "acceptedDate": "2007-11-02 16:19:54",
        "calendarYear": "2007",
        "period": "Q3",
        "revenue": 411800000,
        "costOfRevenue": 129600000,
        "grossProfit": 282200000,
        "grossProfitRatio": 0.6852841185,
        "researchAndDevelopmentExpenses": 0,
        "generalAndAdministrativeExpenses": 23400000,
        "sellingAndMarketingExpenses": 88800000,
        "sellingGeneralAndAdministrativeExpenses": 112200000,
        "otherExpenses": 0,
        "operatingExpenses": 112200000,
        "costAndExpenses": 241800000,
        "interestIncome": 0,
        "interestExpense": 8900000,
        "depreciationAndAmortization": 12000000,
        "ebitda": 182000000,
        "ebitdaratio": 0.4419621175,
        "operatingIncome": 170000000,
        "operatingIncomeRatio": 0.4128217581,
        "totalOtherIncomeExpensesNet": 3100000,
        "incomeBeforeTax": 173100000,
        "incomeBeforeTaxRatio": 0.4203496843,
        "incomeTaxExpense": 64400000,
        "netIncome": 108700000,
        "netIncomeRatio": 0.2639630889,
        "eps": 0.62,
        "epsdiluted": 0.61,
        "weightedAverageShsOut": 174900000,
        "weightedAverageShsOutDil": 177200000,
        "link": "https://www.sec.gov/Archives/edgar/data/1108827/000110882707000011/0001108827-07-000011-index.html",
        "finalLink": "https://www.sec.gov/Archives/edgar/data/1108827/000110882707000011/qmr10q3q2007.htm"
    },
    {
        "date": "2007-06-30",
        "symbol": "QEP",
        "reportedCurrency": "USD",
        "cik": "0001108827",
        "fillingDate": "2007-08-03",
        "acceptedDate": "2007-08-03 13:53:19",
        "calendarYear": "2007",
        "period": "Q2",
        "revenue": 430600000,
        "costOfRevenue": 132700000,
        "grossProfit": 297900000,
        "grossProfitRatio": 0.69182536,
        "researchAndDevelopmentExpenses": 0,
        "generalAndAdministrativeExpenses": 24700000,
        "sellingAndMarketingExpenses": 98000000,
        "sellingGeneralAndAdministrativeExpenses": 122700000,
        "otherExpenses": 0,
        "operatingExpenses": 122700000,
        "costAndExpenses": 255400000,
        "interestIncome": 0,
        "interestExpense": 8700000,
        "depreciationAndAmortization": -5000000,
        "ebitda": 170200000,
        "ebitdaratio": 0.3952624245,
        "operatingIncome": 175200000,
        "operatingIncomeRatio": 0.4068741291,
        "totalOtherIncomeExpensesNet": -13700000,
        "incomeBeforeTax": 161500000,
        "incomeBeforeTaxRatio": 0.3750580585,
        "incomeTaxExpense": 59400000,
        "netIncome": 102100000,
        "netIncomeRatio": 0.2371110079,
        "eps": 0.58,
        "epsdiluted": 0.58,
        "weightedAverageShsOut": 174900000,
        "weightedAverageShsOutDil": 177200000,
        "link": "https://www.sec.gov/Archives/edgar/data/1108827/000110882707000009/0001108827-07-000009-index.html",
        "finalLink": "https://www.sec.gov/Archives/edgar/data/1108827/000110882707000009/qmr10q_2q2007.htm"
    },
    {
        "date": "2007-03-31",
        "symbol": "QEP",
        "reportedCurrency": "USD",
        "cik": "0001108827",
        "fillingDate": "2007-05-07",
        "acceptedDate": "2007-05-04 17:40:11",
        "calendarYear": "2007",
        "period": "Q1",
        "revenue": 478700000,
        "costOfRevenue": 194200000,
        "grossProfit": 284500000,
        "grossProfitRatio": 0.5943179444,
        "researchAndDevelopmentExpenses": 0,
        "generalAndAdministrativeExpenses": 0,
        "sellingAndMarketingExpenses": 0,
        "sellingGeneralAndAdministrativeExpenses": 117000000,
        "otherExpenses": 0,
        "operatingExpenses": 117000000,
        "costAndExpenses": 311200000,
        "interestIncome": 0,
        "interestExpense": 8300000,
        "depreciationAndAmortization": 13800000,
        "ebitda": 181300000,
        "ebitdaratio": 0.3787340714,
        "operatingIncome": 167500000,
        "operatingIncomeRatio": 0.3499059954,
        "totalOtherIncomeExpensesNet": 5500000,
        "incomeBeforeTax": 173000000,
        "incomeBeforeTaxRatio": 0.361395446,
        "incomeTaxExpense": 63500000,
        "netIncome": 109500000,
        "netIncomeRatio": 0.2287445164,
        "eps": 0.63,
        "epsdiluted": 0.62,
        "weightedAverageShsOut": 174900000,
        "weightedAverageShsOutDil": 177200000,
        "link": "https://www.sec.gov/Archives/edgar/data/1108827/000110882707000007/0001108827-07-000007-index.html",
        "finalLink": "https://www.sec.gov/Archives/edgar/data/1108827/000110882707000007/qmr10q1q2007.htm"
    },
    {
        "date": "2006-12-31",
        "symbol": "QEP",
        "reportedCurrency": "USD",
        "cik": "0001108827",
        "fillingDate": "2007-03-02",
        "acceptedDate": "2007-03-02 14:19:48",
        "calendarYear": "2006",
        "period": "Q4",
        "revenue": 476120000,
        "costOfRevenue": 231697000,
        "grossProfit": 244423000,
        "grossProfitRatio": 0.5133642779,
        "researchAndDevelopmentExpenses": 0,
        "generalAndAdministrativeExpenses": 18930000,
        "sellingAndMarketingExpenses": 60712000,
        "sellingGeneralAndAdministrativeExpenses": 79642000,
        "otherExpenses": 0,
        "operatingExpenses": 79642000,
        "costAndExpenses": 311339000,
        "interestIncome": 0,
        "interestExpense": 8506000,
        "depreciationAndAmortization": -15064000,
        "ebitda": 149717000,
        "ebitdaratio": 0.3144522389,
        "operatingIncome": 164781000,
        "operatingIncomeRatio": 0.3460913215,
        "totalOtherIncomeExpensesNet": -23570000,
        "incomeBeforeTax": 141211000,
        "incomeBeforeTaxRatio": 0.2965869949,
        "incomeTaxExpense": 51063000,
        "netIncome": 90148000,
        "netIncomeRatio": 0.1893388221,
        "eps": 0.52,
        "epsdiluted": 0.52,
        "weightedAverageShsOut": 174900000,
        "weightedAverageShsOutDil": 174900000,
        "link": "https://www.sec.gov/Archives/edgar/data/1108827/000110882707000003/0001108827-07-000003-index.htm",
        "finalLink": "https://www.sec.gov/Archives/edgar/data/1108827/000110882707000003/qmr10k4q2006.htm"
    },
    {
        "date": "2006-09-30",
        "symbol": "QEP",
        "reportedCurrency": "USD",
        "cik": "0001108827",
        "fillingDate": "2006-11-03",
        "acceptedDate": "2006-11-03 17:22:27",
        "calendarYear": "2006",
        "period": "Q3",
        "revenue": 467892000,
        "costOfRevenue": 231290000,
        "grossProfit": 236602000,
        "grossProfitRatio": 0.5056765236,
        "researchAndDevelopmentExpenses": 0,
        "generalAndAdministrativeExpenses": 18211000,
        "sellingAndMarketingExpenses": 85485000,
        "sellingGeneralAndAdministrativeExpenses": 103696000,
        "otherExpenses": 0,
        "operatingExpenses": 103696000,
        "costAndExpenses": 334986000,
        "interestIncome": 0,
        "interestExpense": 7892000,
        "depreciationAndAmortization": 20907000,
        "ebitda": 153813000,
        "ebitdaratio": 0.3287361186,
        "operatingIncome": 132906000,
        "operatingIncomeRatio": 0.2840527301,
        "totalOtherIncomeExpensesNet": 13015000,
        "incomeBeforeTax": 145921000,
        "incomeBeforeTaxRatio": 0.3118689783,
        "incomeTaxExpense": 53919000,
        "netIncome": 92002000,
        "netIncomeRatio": 0.1966308464,
        "eps": 0.53,
        "epsdiluted": 0.52,
        "weightedAverageShsOut": 174900000,
        "weightedAverageShsOutDil": 177200000,
        "link": "https://www.sec.gov/Archives/edgar/data/1108827/000110882706000026/0001108827-06-000026-index.htm",
        "finalLink": "https://www.sec.gov/Archives/edgar/data/1108827/000110882706000026/qmr10q_3q2006.htm"
    },
    {
        "date": "2006-06-30",
        "symbol": "QEP",
        "reportedCurrency": "USD",
        "cik": "0001108827",
        "fillingDate": "2006-08-04",
        "acceptedDate": "2006-08-04 16:52:07",
        "calendarYear": "2006",
        "period": "Q2",
        "revenue": 424300000,
        "costOfRevenue": 192600000,
        "grossProfit": 231700000,
        "grossProfitRatio": 0.5460758897,
        "researchAndDevelopmentExpenses": 0,
        "generalAndAdministrativeExpenses": 15500000,
        "sellingAndMarketingExpenses": 75800000,
        "sellingGeneralAndAdministrativeExpenses": 91300000,
        "otherExpenses": 0,
        "operatingExpenses": 91300000,
        "costAndExpenses": 283900000,
        "interestIncome": 0,
        "interestExpense": 9700000,
        "depreciationAndAmortization": -5300000,
        "ebitda": 135100000,
        "ebitdaratio": 0.3184067877,
        "operatingIncome": 140400000,
        "operatingIncomeRatio": 0.3308979496,
        "totalOtherIncomeExpensesNet": -15000000,
        "incomeBeforeTax": 125400000,
        "incomeBeforeTaxRatio": 0.2955456045,
        "incomeTaxExpense": 46100000,
        "netIncome": 79300000,
        "netIncomeRatio": 0.1868960641,
        "eps": 0.45,
        "epsdiluted": 0.45,
        "weightedAverageShsOut": 174900000,
        "weightedAverageShsOutDil": 177200000,
        "link": "https://www.sec.gov/Archives/edgar/data/1108827/000110882706000024/0001108827-06-000024-index.htm",
        "finalLink": "https://www.sec.gov/Archives/edgar/data/1108827/000110882706000024/qmr10q_2q2006.htm"
    },
    {
        "date": "2006-03-31",
        "symbol": "QEP",
        "reportedCurrency": "USD",
        "cik": "0001108827",
        "fillingDate": "2006-05-08",
        "acceptedDate": "2006-05-08 15:55:16",
        "calendarYear": "2006",
        "period": "Q1",
        "revenue": 467500000,
        "costOfRevenue": 211800000,
        "grossProfit": 255700000,
        "grossProfitRatio": 0.5469518717,
        "researchAndDevelopmentExpenses": 0,
        "generalAndAdministrativeExpenses": 16600000,
        "sellingAndMarketingExpenses": 82400000,
        "sellingGeneralAndAdministrativeExpenses": 99000000,
        "otherExpenses": 0,
        "operatingExpenses": 99000000,
        "costAndExpenses": 310800000,
        "interestIncome": 0,
        "interestExpense": 7800000,
        "depreciationAndAmortization": 1300000,
        "ebitda": 158000000,
        "ebitdaratio": 0.3379679144,
        "operatingIncome": 156700000,
        "operatingIncomeRatio": 0.3351871658,
        "totalOtherIncomeExpensesNet": -6500000,
        "incomeBeforeTax": 150200000,
        "incomeBeforeTaxRatio": 0.3212834225,
        "incomeTaxExpense": 55500000,
        "netIncome": 94700000,
        "netIncomeRatio": 0.2025668449,
        "eps": 0.54,
        "epsdiluted": 0.53,
        "weightedAverageShsOut": 174900000,
        "weightedAverageShsOutDil": 177200000,
        "link": "https://www.sec.gov/Archives/edgar/data/1108827/000110882706000007/0001108827-06-000007-index.htm",
        "finalLink": "https://www.sec.gov/Archives/edgar/data/1108827/000110882706000007/qmr10k4q2005.htm"
    },
    {
        "date": "2005-12-31",
        "symbol": "QEP",
        "reportedCurrency": "USD",
        "cik": "0001108827",
        "fillingDate": "2006-03-13",
        "acceptedDate": "2006-03-10 17:46:11",
        "calendarYear": "2005",
        "period": "Q4",
        "revenue": 613649000,
        "costOfRevenue": 378904000,
        "grossProfit": 234745000,
        "grossProfitRatio": 0.3825395299,
        "researchAndDevelopmentExpenses": 0,
        "generalAndAdministrativeExpenses": 13563000,
        "sellingAndMarketingExpenses": 83987000,
        "sellingGeneralAndAdministrativeExpenses": 97550000,
        "otherExpenses": 0,
        "operatingExpenses": 97550000,
        "costAndExpenses": 476454000,
        "interestIncome": 0,
        "interestExpense": 8544000,
        "depreciationAndAmortization": -281000,
        "ebitda": 136914000,
        "ebitdaratio": 0.2231145166,
        "operatingIncome": 137195000,
        "operatingIncomeRatio": 0.2235724331,
        "totalOtherIncomeExpensesNet": -8825000,
        "incomeBeforeTax": 128370000,
        "incomeBeforeTaxRatio": 0.2091912478,
        "incomeTaxExpense": 46831000,
        "netIncome": 81539000,
        "netIncomeRatio": 0.1328756341,
        "eps": 0.47,
        "epsdiluted": 0.47,
        "weightedAverageShsOut": 174900000,
        "weightedAverageShsOutDil": 174900000,
        "link": "https://www.sec.gov/Archives/edgar/data/1108827/000110882706000007/0001108827-06-000007-index.htm",
        "finalLink": "https://www.sec.gov/Archives/edgar/data/1108827/000110882706000007/qmr10k4q2005.htm"
    },
    {
        "date": "2005-09-30",
        "symbol": "QEP",
        "reportedCurrency": "USD",
        "cik": "0001108827",
        "fillingDate": "2005-11-10",
        "acceptedDate": "2005-11-10 13:24:53",
        "calendarYear": "2005",
        "period": "Q3",
        "revenue": 481492000,
        "costOfRevenue": 288768000,
        "grossProfit": 192724000,
        "grossProfitRatio": 0.4002641788,
        "researchAndDevelopmentExpenses": 0,
        "generalAndAdministrativeExpenses": 0,
        "sellingAndMarketingExpenses": 0,
        "sellingGeneralAndAdministrativeExpenses": 84598000,
        "otherExpenses": 0,
        "operatingExpenses": 84598000,
        "costAndExpenses": 373366000,
        "interestIncome": 0,
        "interestExpense": 8546000,
        "depreciationAndAmortization": 44300000,
        "ebitda": 156233000,
        "ebitdaratio": 0.3244768345,
        "operatingIncome": 108126000,
        "operatingIncomeRatio": 0.2245644787,
        "totalOtherIncomeExpensesNet": -4739000,
        "incomeBeforeTax": 103387000,
        "incomeBeforeTaxRatio": 0.2147221553,
        "incomeTaxExpense": 38108000,
        "netIncome": 65279000,
        "netIncomeRatio": 0.1355764997,
        "eps": 0.37,
        "epsdiluted": 0.37,
        "weightedAverageShsOut": 174900000,
        "weightedAverageShsOutDil": 177200000,
        "link": "https://www.sec.gov/Archives/edgar/data/1108827/000110882705000014/0001108827-05-000014-index.htm",
        "finalLink": "https://www.sec.gov/Archives/edgar/data/1108827/000110882705000014/qmr10q_3q2005.htm"
    },
    {
        "date": "2005-06-30",
        "symbol": "QEP",
        "reportedCurrency": "USD",
        "cik": "0001108827",
        "fillingDate": "2005-08-11",
        "acceptedDate": "2005-08-11 16:52:29",
        "calendarYear": "2005",
        "period": "Q2",
        "revenue": 380600000,
        "costOfRevenue": 205700000,
        "grossProfit": 174900000,
        "grossProfitRatio": 0.4595375723,
        "researchAndDevelopmentExpenses": 5500000,
        "generalAndAdministrativeExpenses": 13300000,
        "sellingAndMarketingExpenses": 65100000,
        "sellingGeneralAndAdministrativeExpenses": 78400000,
        "otherExpenses": 0,
        "operatingExpenses": 83900000,
        "costAndExpenses": 289600000,
        "interestIncome": 0,
        "interestExpense": -4400000,
        "depreciationAndAmortization": 41400000,
        "ebitda": 123700000,
        "ebitdaratio": 0.3250131372,
        "operatingIncome": 91100000,
        "operatingIncomeRatio": 0.239358907,
        "totalOtherIncomeExpensesNet": -4500000,
        "incomeBeforeTax": 86600000,
        "incomeBeforeTaxRatio": 0.2275354703,
        "incomeTaxExpense": 31900000,
        "netIncome": 54800000,
        "netIncomeRatio": 0.1439831844,
        "eps": 12.45,
        "epsdiluted": 12.45,
        "weightedAverageShsOut": 4400000,
        "weightedAverageShsOutDil": 4400000,
        "link": "https://www.sec.gov/Archives/edgar/data/1108827/000110882705000012/0001108827-05-000012-index.htm",
        "finalLink": "https://www.sec.gov/Archives/edgar/data/1108827/000110882705000012/qmr10q_2q2005.htm"
    },
    {
        "date": "2005-03-31",
        "symbol": "QEP",
        "reportedCurrency": "USD",
        "cik": "0001108827",
        "fillingDate": "2005-05-16",
        "acceptedDate": "2005-05-16 11:17:42",
        "calendarYear": "2005",
        "period": "Q1",
        "revenue": 352400000,
        "costOfRevenue": 178200000,
        "grossProfit": 174200000,
        "grossProfitRatio": 0.4943246311,
        "researchAndDevelopmentExpenses": 1400000,
        "generalAndAdministrativeExpenses": 14400000,
        "sellingAndMarketingExpenses": 63700000,
        "sellingGeneralAndAdministrativeExpenses": 78100000,
        "otherExpenses": 0,
        "operatingExpenses": 79500000,
        "costAndExpenses": 257700000,
        "interestIncome": 0,
        "interestExpense": -4800000,
        "depreciationAndAmortization": 40100000,
        "ebitda": 125200000,
        "ebitdaratio": 0.3552780931,
        "operatingIncome": 94700000,
        "operatingIncomeRatio": 0.2687287174,
        "totalOtherIncomeExpensesNet": -4800000,
        "incomeBeforeTax": 89900000,
        "incomeBeforeTaxRatio": 0.255107832,
        "incomeTaxExpense": 33300000,
        "netIncome": 56600000,
        "netIncomeRatio": 0.1606129398,
        "eps": 13.16,
        "epsdiluted": 13.16,
        "weightedAverageShsOut": 4300000,
        "weightedAverageShsOutDil": 4300000,
        "link": "https://www.sec.gov/Archives/edgar/data/1108827/000110882705000005/0001108827-05-000005-index.htm",
        "finalLink": "https://www.sec.gov/Archives/edgar/data/1108827/000110882705000005/qmr10k4q2004accepted.htm"
    },
    {
        "date": "2004-12-31",
        "symbol": "QEP",
        "reportedCurrency": "USD",
        "cik": "0001108827",
        "fillingDate": "2005-03-31",
        "acceptedDate": "2005-03-30 19:07:45",
        "calendarYear": "2004",
        "period": "Q4",
        "revenue": 353800000,
        "costOfRevenue": 155800000,
        "grossProfit": 198000000,
        "grossProfitRatio": 0.5596382137,
        "researchAndDevelopmentExpenses": 5500000,
        "generalAndAdministrativeExpenses": 49600000,
        "sellingAndMarketingExpenses": 66000000,
        "sellingGeneralAndAdministrativeExpenses": 115600000,
        "otherExpenses": 0,
        "operatingExpenses": 121100000,
        "costAndExpenses": 276900000,
        "interestIncome": 0,
        "interestExpense": -4500000,
        "depreciationAndAmortization": 38400000,
        "ebitda": 106600000,
        "ebitdaratio": 0.3013001696,
        "operatingIncome": 76900000,
        "operatingIncomeRatio": 0.2173544375,
        "totalOtherIncomeExpensesNet": -4500000,
        "incomeBeforeTax": 72400000,
        "incomeBeforeTaxRatio": 0.2046353872,
        "incomeTaxExpense": 22900000,
        "netIncome": 49800000,
        "netIncomeRatio": 0.1407574901,
        "eps": 11.58,
        "epsdiluted": 11.58,
        "weightedAverageShsOut": 4300000,
        "weightedAverageShsOutDil": 4300000,
        "link": "https://www.sec.gov/Archives/edgar/data/1108827/000110882705000005/0001108827-05-000005-index.html",
        "finalLink": "https://www.sec.gov/Archives/edgar/data/1108827/000110882705000005/qmr10k4q2004accepted.htm"
    },
    {
        "date": "2004-09-30",
        "symbol": "QEP",
        "reportedCurrency": "USD",
        "cik": "0001108827",
        "fillingDate": "2004-11-12",
        "acceptedDate": "2004-11-12 12:57:16",
        "calendarYear": "2004",
        "period": "Q3",
        "revenue": 284600000,
        "costOfRevenue": 163500000,
        "grossProfit": 121100000,
        "grossProfitRatio": 0.425509487,
        "researchAndDevelopmentExpenses": 1300000,
        "generalAndAdministrativeExpenses": 0,
        "sellingAndMarketingExpenses": 0,
        "sellingGeneralAndAdministrativeExpenses": 55400000,
        "otherExpenses": 0,
        "operatingExpenses": 56700000,
        "costAndExpenses": 220200000,
        "interestIncome": 0,
        "interestExpense": -5200000,
        "depreciationAndAmortization": 35300000,
        "ebitda": 89300000,
        "ebitdaratio": 0.3137737175,
        "operatingIncome": 64400000,
        "operatingIncomeRatio": 0.2262825018,
        "totalOtherIncomeExpensesNet": -5200000,
        "incomeBeforeTax": 59200000,
        "incomeBeforeTaxRatio": 0.2080112439,
        "incomeTaxExpense": 22000000,
        "netIncome": 37200000,
        "netIncomeRatio": 0.1307097681,
        "eps": 8.65,
        "epsdiluted": 8.65,
        "weightedAverageShsOut": 4300000,
        "weightedAverageShsOutDil": 4300000,
        "link": "https://www.sec.gov/Archives/edgar/data/1108827/000110882704000010/0001108827-04-000010-index.html",
        "finalLink": "https://www.sec.gov/Archives/edgar/data/1108827/000110882704000010/qmr10q_3q2004.htm"
    },
    {
        "date": "2004-06-30",
        "symbol": "QEP",
        "reportedCurrency": "USD",
        "cik": "0001108827",
        "fillingDate": "2004-08-12",
        "acceptedDate": "2004-08-12 14:18:18",
        "calendarYear": "2004",
        "period": "Q2",
        "revenue": 278500000,
        "costOfRevenue": 153400000,
        "grossProfit": 125100000,
        "grossProfitRatio": 0.4491921005,
        "researchAndDevelopmentExpenses": 1300000,
        "generalAndAdministrativeExpenses": 0,
        "sellingAndMarketingExpenses": 0,
        "sellingGeneralAndAdministrativeExpenses": 57800000,
        "otherExpenses": 0,
        "operatingExpenses": 59100000,
        "costAndExpenses": 212500000,
        "interestIncome": 0,
        "interestExpense": -5200000,
        "depreciationAndAmortization": 38300000,
        "ebitda": 93800000,
        "ebitdaratio": 0.3368043088,
        "operatingIncome": 65900000,
        "operatingIncomeRatio": 0.2366247756,
        "totalOtherIncomeExpensesNet": -5200000,
        "incomeBeforeTax": 60700000,
        "incomeBeforeTaxRatio": 0.2179533214,
        "incomeTaxExpense": 22500000,
        "netIncome": 38200000,
        "netIncomeRatio": 0.1371633752,
        "eps": 8.88,
        "epsdiluted": 8.88,
        "weightedAverageShsOut": 4300000,
        "weightedAverageShsOutDil": 4300000,
        "link": "https://www.sec.gov/Archives/edgar/data/1108827/000110882704000006/0001108827-04-000006-index.html",
        "finalLink": "https://www.sec.gov/Archives/edgar/data/1108827/000110882704000006/qmr10q_2q2004.htm"
    },
    {
        "date": "2004-03-31",
        "symbol": "QEP",
        "reportedCurrency": "USD",
        "cik": "0001108827",
        "fillingDate": "2004-05-13",
        "acceptedDate": "2004-05-13 11:49:42",
        "calendarYear": "2004",
        "period": "Q1",
        "revenue": 268400000,
        "costOfRevenue": 140900000,
        "grossProfit": 127500000,
        "grossProfitRatio": 0.4750372578,
        "researchAndDevelopmentExpenses": 1100000,
        "generalAndAdministrativeExpenses": 0,
        "sellingAndMarketingExpenses": 0,
        "sellingGeneralAndAdministrativeExpenses": 57100000,
        "otherExpenses": 0,
        "operatingExpenses": 58200000,
        "costAndExpenses": 199100000,
        "interestIncome": 0,
        "interestExpense": -5100000,
        "depreciationAndAmortization": 35100000,
        "ebitda": 94000000,
        "ebitdaratio": 0.3502235469,
        "operatingIncome": 69300000,
        "operatingIncomeRatio": 0.2581967213,
        "totalOtherIncomeExpensesNet": -5000000,
        "incomeBeforeTax": 64300000,
        "incomeBeforeTaxRatio": 0.2395678092,
        "incomeTaxExpense": 23700000,
        "netIncome": 40300000,
        "netIncomeRatio": 0.1501490313,
        "eps": 9.37,
        "epsdiluted": 9.37,
        "weightedAverageShsOut": 4300000,
        "weightedAverageShsOutDil": 4300000,
        "link": "https://www.sec.gov/Archives/edgar/data/1108827/000110882704000004/0001108827-04-000004-index.html",
        "finalLink": "https://www.sec.gov/Archives/edgar/data/1108827/000110882704000004/qmr10q1q2004.htm"
    },
    {
        "date": "2003-12-31",
        "symbol": "QEP",
        "reportedCurrency": "USD",
        "cik": "0001108827",
        "fillingDate": "2004-03-30",
        "acceptedDate": "2004-03-30 13:08:52",
        "calendarYear": "2003",
        "period": "Q4",
        "revenue": 234200000,
        "costOfRevenue": 128900000,
        "grossProfit": 105300000,
        "grossProfitRatio": 0.4496157131,
        "researchAndDevelopmentExpenses": 1300000,
        "generalAndAdministrativeExpenses": 0,
        "sellingAndMarketingExpenses": 0,
        "sellingGeneralAndAdministrativeExpenses": 50000000,
        "otherExpenses": 0,
        "operatingExpenses": 51300000,
        "costAndExpenses": 180200000,
        "interestIncome": 0,
        "interestExpense": -5300000,
        "depreciationAndAmortization": 33900000,
        "ebitda": 77300000,
        "ebitdaratio": 0.330059778,
        "operatingIncome": 54000000,
        "operatingIncomeRatio": 0.2305721605,
        "totalOtherIncomeExpensesNet": -5300000,
        "incomeBeforeTax": 48700000,
        "incomeBeforeTaxRatio": 0.20794193,
        "incomeTaxExpense": 16800000,
        "netIncome": 31900000,
        "netIncomeRatio": 0.1362083689,
        "eps": 7.42,
        "epsdiluted": 7.42,
        "weightedAverageShsOut": 4300000,
        "weightedAverageShsOutDil": 4300000,
        "link": "https://www.sec.gov/Archives/edgar/data/1108827/000110882704000002/0001108827-04-000002-index.html",
        "finalLink": "https://www.sec.gov/Archives/edgar/data/1108827/000110882704000002/qmr10k_4q2003.htm"
    },
    {
        "date": "2003-09-30",
        "symbol": "QEP",
        "reportedCurrency": "USD",
        "cik": "0001108827",
        "fillingDate": "2003-11-14",
        "acceptedDate": "2003-11-13 17:50:37",
        "calendarYear": "2003",
        "period": "Q3",
        "revenue": 209300000,
        "costOfRevenue": 114100000,
        "grossProfit": 95200000,
        "grossProfitRatio": 0.4548494983,
        "researchAndDevelopmentExpenses": 1000000,
        "generalAndAdministrativeExpenses": 0,
        "sellingAndMarketingExpenses": 0,
        "sellingGeneralAndAdministrativeExpenses": 45600000,
        "otherExpenses": 0,
        "operatingExpenses": 46600000,
        "costAndExpenses": 160700000,
        "interestIncome": 0,
        "interestExpense": -5100000,
        "depreciationAndAmortization": 31700000,
        "ebitda": 70100000,
        "ebitdaratio": 0.3349259436,
        "operatingIncome": 48600000,
        "operatingIncomeRatio": 0.23220258,
        "totalOtherIncomeExpensesNet": -5200000,
        "incomeBeforeTax": 43400000,
        "incomeBeforeTaxRatio": 0.2073578595,
        "incomeTaxExpense": 16100000,
        "netIncome": 27400000,
        "netIncomeRatio": 0.1309125657,
        "eps": 6.37,
        "epsdiluted": 6.37,
        "weightedAverageShsOut": 4300000,
        "weightedAverageShsOutDil": 4300000,
        "link": "https://www.sec.gov/Archives/edgar/data/1108827/000110882703000004/0001108827-03-000004-index.html",
        "finalLink": "https://www.sec.gov/Archives/edgar/data/1108827/000110882703000004/qmr10q_3q2003.htm"
    },
    {
        "date": "2003-06-30",
        "symbol": "QEP",
        "reportedCurrency": "USD",
        "cik": "0001108827",
        "fillingDate": "2003-08-14",
        "acceptedDate": "2003-08-14 12:54:57",
        "calendarYear": "2003",
        "period": "Q2",
        "revenue": 185900000,
        "costOfRevenue": 94900000,
        "grossProfit": 91000000,
        "grossProfitRatio": 0.4895104895,
        "researchAndDevelopmentExpenses": 1000000,
        "generalAndAdministrativeExpenses": 0,
        "sellingAndMarketingExpenses": 0,
        "sellingGeneralAndAdministrativeExpenses": 41800000,
        "otherExpenses": 0,
        "operatingExpenses": 42800000,
        "costAndExpenses": 137700000,
        "interestIncome": 0,
        "interestExpense": -4400000,
        "depreciationAndAmortization": 29300000,
        "ebitda": 68800000,
        "ebitdaratio": 0.370091447,
        "operatingIncome": 48200000,
        "operatingIncomeRatio": 0.2592791824,
        "totalOtherIncomeExpensesNet": -4400000,
        "incomeBeforeTax": 43800000,
        "incomeBeforeTaxRatio": 0.2356105433,
        "incomeTaxExpense": 16100000,
        "netIncome": 27800000,
        "netIncomeRatio": 0.1495427649,
        "eps": 6.47,
        "epsdiluted": 6.47,
        "weightedAverageShsOut": 4300000,
        "weightedAverageShsOutDil": 4300000,
        "link": "https://www.sec.gov/Archives/edgar/data/1108827/000110882703000002/0001108827-03-000002-index.html",
        "finalLink": "https://www.sec.gov/Archives/edgar/data/1108827/000110882703000002/qmr10q_2q2003.htm"
    },
    {
        "date": "2003-03-31",
        "symbol": "QEP",
        "reportedCurrency": "USD",
        "cik": "0001108827",
        "fillingDate": "2003-05-15",
        "acceptedDate": "2003-05-15 13:56:11",
        "calendarYear": "2003",
        "period": "Q1",
        "revenue": 239600000,
        "costOfRevenue": 135300000,
        "grossProfit": 104300000,
        "grossProfitRatio": 0.4353088481,
        "researchAndDevelopmentExpenses": 1200000,
        "generalAndAdministrativeExpenses": 0,
        "sellingAndMarketingExpenses": 0,
        "sellingGeneralAndAdministrativeExpenses": 43600000,
        "otherExpenses": 0,
        "operatingExpenses": 44800000,
        "costAndExpenses": 180100000,
        "interestIncome": 0,
        "interestExpense": -5500000,
        "depreciationAndAmortization": 30800000,
        "ebitda": 74300000,
        "ebitdaratio": 0.3101001669,
        "operatingIncome": 59600000,
        "operatingIncomeRatio": 0.2487479132,
        "totalOtherIncomeExpensesNet": -5500000,
        "incomeBeforeTax": 54100000,
        "incomeBeforeTaxRatio": 0.2257929883,
        "incomeTaxExpense": 20100000,
        "netIncome": 28900000,
        "netIncomeRatio": 0.1206176962,
        "eps": 6.72,
        "epsdiluted": 6.72,
        "weightedAverageShsOut": 4300000,
        "weightedAverageShsOutDil": 4300000,
        "link": "https://www.sec.gov/Archives/edgar/data/1108827/000110465903010253/0001104659-03-010253-index.html",
        "finalLink": "https://www.sec.gov/Archives/edgar/data/1108827/000110465903010253/j1151_10q.htm"
    },
    {
        "date": "2002-12-31",
        "symbol": "QEP",
        "reportedCurrency": "USD",
        "cik": "0001108827",
        "fillingDate": "2003-03-31",
        "acceptedDate": "2003-03-31 14:01:25",
        "calendarYear": "2002",
        "period": "Q4",
        "revenue": 133684000,
        "costOfRevenue": 31953000,
        "grossProfit": 101731000,
        "grossProfitRatio": 0.7609811197,
        "researchAndDevelopmentExpenses": 0,
        "generalAndAdministrativeExpenses": 0,
        "sellingAndMarketingExpenses": 0,
        "sellingGeneralAndAdministrativeExpenses": 103119000,
        "otherExpenses": 0,
        "operatingExpenses": 103119000,
        "costAndExpenses": 135072000,
        "interestIncome": 0,
        "interestExpense": 0,
        "depreciationAndAmortization": 31152000,
        "ebitda": 47152000,
        "ebitdaratio": 0.3527123665,
        "operatingIncome": 30565000,
        "operatingIncomeRatio": 0.2286361868,
        "totalOtherIncomeExpensesNet": -6093000,
        "incomeBeforeTax": 24472000,
        "incomeBeforeTaxRatio": 0.183058556,
        "incomeTaxExpense": -6093000,
        "netIncome": 16000000,
        "netIncomeRatio": 0.1196852279,
        "eps": 3.72,
        "epsdiluted": 3.72,
        "weightedAverageShsOut": 4300000,
        "weightedAverageShsOutDil": 4300000,
        "link": "https://www.sec.gov/Archives/edgar/data/1108827/999999999702058566/9999999997-02-058566-index.html",
        "finalLink": "https://www.sec.gov/Archives/edgar/data/1108827/999999999702058566/9999999997-02-058566.paper"
    }
]