[
    {
        "date": "2025-06-28",
        "symbol": "QRVO",
        "reportedCurrency": "USD",
        "cik": "0001604778",
        "fillingDate": "2025-07-30",
        "acceptedDate": "2025-07-30 16:09:12",
        "calendarYear": "2026",
        "period": "Q1",
        "revenue": 818778000,
        "costOfRevenue": 486976000,
        "grossProfit": 331802000,
        "grossProfitRatio": 0.4052404925,
        "researchAndDevelopmentExpenses": 179244000,
        "generalAndAdministrativeExpenses": 50998000,
        "sellingAndMarketingExpenses": 56891000,
        "sellingGeneralAndAdministrativeExpenses": 107889000,
        "otherExpenses": 14583000,
        "operatingExpenses": 301716000,
        "costAndExpenses": 788692000,
        "interestIncome": 10900000,
        "interestExpense": 18787000,
        "depreciationAndAmortization": 67460000,
        "ebitda": 117932000,
        "ebitdaratio": 0.1440341582,
        "operatingIncome": 30086000,
        "operatingIncomeRatio": 0.0367450029,
        "totalOtherIncomeExpensesNet": 1599000,
        "incomeBeforeTax": 31685000,
        "incomeBeforeTaxRatio": 0.0386979132,
        "incomeTaxExpense": -6091000,
        "netIncome": 25594000,
        "netIncomeRatio": 0.0312587783,
        "eps": 0.28,
        "epsdiluted": 0.27,
        "weightedAverageShsOut": 92915000,
        "weightedAverageShsOutDil": 93770000,
        "link": "https://www.sec.gov/Archives/edgar/data/1604778/000160477825000067/0001604778-25-000067-index.htm",
        "finalLink": "https://www.sec.gov/Archives/edgar/data/1604778/000160477825000067/rfmd-20250628.htm"
    },
    {
        "date": "2025-03-31",
        "symbol": "QRVO",
        "reportedCurrency": "USD",
        "cik": "0001604778",
        "fillingDate": "2025-05-19",
        "acceptedDate": "2025-05-19 16:08:50",
        "calendarYear": "2025",
        "period": "Q4",
        "revenue": 869474000,
        "costOfRevenue": 475734000,
        "grossProfit": 393740000,
        "grossProfitRatio": 0.4528485038,
        "researchAndDevelopmentExpenses": 179931000,
        "generalAndAdministrativeExpenses": 171712000,
        "sellingAndMarketingExpenses": 231912000,
        "sellingGeneralAndAdministrativeExpenses": 90581000,
        "otherExpenses": 84584000,
        "operatingExpenses": 357678000,
        "costAndExpenses": 841253000,
        "interestIncome": 0,
        "interestExpense": 19985000,
        "depreciationAndAmortization": 32983000,
        "ebitda": 28221000,
        "ebitdaratio": 0.0324575548,
        "operatingIncome": 28221000,
        "operatingIncomeRatio": 0.0324575548,
        "totalOtherIncomeExpensesNet": -12998000,
        "incomeBeforeTax": 15223000,
        "incomeBeforeTaxRatio": 0.0175082866,
        "incomeTaxExpense": -16142000,
        "netIncome": 31365000,
        "netIncomeRatio": 0.0360735341,
        "eps": 0.34,
        "epsdiluted": 0.33,
        "weightedAverageShsOut": 94586000,
        "weightedAverageShsOutDil": 95450000,
        "link": "https://www.sec.gov/Archives/edgar/data/1604778/000160477825000041/0001604778-25-000041-index.htm",
        "finalLink": "https://www.sec.gov/Archives/edgar/data/1604778/000160477825000041/rfmd-20250329.htm"
    },
    {
        "date": "2024-12-28",
        "symbol": "QRVO",
        "reportedCurrency": "USD",
        "cik": "0001604778",
        "fillingDate": "2025-01-29",
        "acceptedDate": "2025-01-29 16:06:35",
        "calendarYear": "2025",
        "period": "Q3",
        "revenue": 916317000,
        "costOfRevenue": 524901000,
        "grossProfit": 391416000,
        "grossProfitRatio": 0.4271622157,
        "researchAndDevelopmentExpenses": 179126000,
        "generalAndAdministrativeExpenses": 0,
        "sellingAndMarketingExpenses": 0,
        "sellingGeneralAndAdministrativeExpenses": 90360000,
        "otherExpenses": 68905000,
        "operatingExpenses": 338391000,
        "costAndExpenses": 863292000,
        "interestIncome": 0,
        "interestExpense": 18655000,
        "depreciationAndAmortization": 73827000,
        "ebitda": 141378000,
        "ebitdaratio": 0.1542893998,
        "operatingIncome": 53025000,
        "operatingIncomeRatio": 0.0578675284,
        "totalOtherIncomeExpensesNet": -4129000,
        "incomeBeforeTax": 48896000,
        "incomeBeforeTaxRatio": 0.0533614459,
        "incomeTaxExpense": 7625000,
        "netIncome": 41271000,
        "netIncomeRatio": 0.0450400898,
        "eps": 0.44,
        "epsdiluted": 0.43,
        "weightedAverageShsOut": 94341000,
        "weightedAverageShsOutDil": 95031000,
        "link": "https://www.sec.gov/Archives/edgar/data/1604778/000160477825000017/0001604778-25-000017-index.htm",
        "finalLink": "https://www.sec.gov/Archives/edgar/data/1604778/000160477825000017/rfmd-20241228.htm"
    },
    {
        "date": "2024-09-28",
        "symbol": "QRVO",
        "reportedCurrency": "USD",
        "cik": "0001604778",
        "fillingDate": "2024-10-30",
        "acceptedDate": "2024-10-30 16:16:21",
        "calendarYear": "2025",
        "period": "Q2",
        "revenue": 1046509000,
        "costOfRevenue": 601203000,
        "grossProfit": 445306000,
        "grossProfitRatio": 0.4255156907,
        "researchAndDevelopmentExpenses": 201050000,
        "generalAndAdministrativeExpenses": 0,
        "sellingAndMarketingExpenses": 0,
        "sellingGeneralAndAdministrativeExpenses": 107760000,
        "otherExpenses": 126821000,
        "operatingExpenses": 435631000,
        "costAndExpenses": 1036834000,
        "interestIncome": 0,
        "interestExpense": 22594000,
        "depreciationAndAmortization": 76081000,
        "ebitda": 101178000,
        "ebitdaratio": 0.0966814428,
        "operatingIncome": 9675000,
        "operatingIncomeRatio": 0.0092450232,
        "totalOtherIncomeExpensesNet": -7172000,
        "incomeBeforeTax": 2503000,
        "incomeBeforeTaxRatio": 0.0023917616,
        "incomeTaxExpense": 19938000,
        "netIncome": -17435000,
        "netIncomeRatio": -0.0166601529,
        "eps": -0.18,
        "epsdiluted": -0.18,
        "weightedAverageShsOut": 94886000,
        "weightedAverageShsOutDil": 94886000,
        "link": "https://www.sec.gov/Archives/edgar/data/1604778/000160477824000082/0001604778-24-000082-index.htm",
        "finalLink": "https://www.sec.gov/Archives/edgar/data/1604778/000160477824000082/rfmd-20240928.htm"
    },
    {
        "date": "2024-06-29",
        "symbol": "QRVO",
        "reportedCurrency": "USD",
        "cik": "0001604778",
        "fillingDate": "2024-07-31",
        "acceptedDate": "2024-07-31 16:06:37",
        "calendarYear": "2025",
        "period": "Q1",
        "revenue": 886671000,
        "costOfRevenue": 554367000,
        "grossProfit": 332304000,
        "grossProfitRatio": 0.3747771158,
        "researchAndDevelopmentExpenses": 187602000,
        "generalAndAdministrativeExpenses": 0,
        "sellingAndMarketingExpenses": 0,
        "sellingGeneralAndAdministrativeExpenses": 114923000,
        "otherExpenses": 25173000,
        "operatingExpenses": 327698000,
        "costAndExpenses": 882065000,
        "interestIncome": 0,
        "interestExpense": 17094000,
        "depreciationAndAmortization": 76150000,
        "ebitda": 92521000,
        "ebitdaratio": 0.1043464825,
        "operatingIncome": 4606000,
        "operatingIncomeRatio": 0.0051947115,
        "totalOtherIncomeExpensesNet": -5744000,
        "incomeBeforeTax": -723000,
        "incomeBeforeTaxRatio": -0.0008154095,
        "incomeTaxExpense": -1137000,
        "netIncome": 414000,
        "netIncomeRatio": 0.000466915,
        "eps": 0.0043,
        "epsdiluted": 0.0043,
        "weightedAverageShsOut": 95467000,
        "weightedAverageShsOutDil": 96510000,
        "link": "https://www.sec.gov/Archives/edgar/data/1604778/000160477824000063/0001604778-24-000063-index.htm",
        "finalLink": "https://www.sec.gov/Archives/edgar/data/1604778/000160477824000063/rfmd-20240629.htm"
    },
    {
        "date": "2024-03-31",
        "symbol": "QRVO",
        "reportedCurrency": "USD",
        "cik": "0001604778",
        "fillingDate": "2024-05-20",
        "acceptedDate": "2024-05-20 16:06:13",
        "calendarYear": "2024",
        "period": "Q4",
        "revenue": 940988000,
        "costOfRevenue": 559131000,
        "grossProfit": 384370000,
        "grossProfitRatio": 0.4084749221,
        "researchAndDevelopmentExpenses": 179883000,
        "generalAndAdministrativeExpenses": 0,
        "sellingAndMarketingExpenses": 0,
        "sellingGeneralAndAdministrativeExpenses": 93107000,
        "otherExpenses": 0,
        "operatingExpenses": 350374000,
        "costAndExpenses": 911010000,
        "interestIncome": 0,
        "interestExpense": 17282000,
        "depreciationAndAmortization": 77381000,
        "ebitda": 124177000,
        "ebitdaratio": 0.1319644884,
        "operatingIncome": 29978000,
        "operatingIncomeRatio": 0.0318580046,
        "totalOtherIncomeExpensesNet": -68104000,
        "incomeBeforeTax": 29514000,
        "incomeBeforeTaxRatio": 0.0313649058,
        "incomeTaxExpense": 26779000,
        "netIncome": 2735000,
        "netIncomeRatio": 0.0029065195,
        "eps": 0.0283,
        "epsdiluted": 0.0281,
        "weightedAverageShsOut": 96548458,
        "weightedAverageShsOutDil": 97335000,
        "link": "https://www.sec.gov/Archives/edgar/data/1604778/000160477824000036/0001604778-24-000036-index.htm",
        "finalLink": "https://www.sec.gov/Archives/edgar/data/1604778/000160477824000036/rfmd-20240330.htm"
    },
    {
        "date": "2023-12-30",
        "symbol": "QRVO",
        "reportedCurrency": "USD",
        "cik": "0001604778",
        "fillingDate": "2024-02-01",
        "acceptedDate": "2024-02-01 16:06:33",
        "calendarYear": "2024",
        "period": "Q3",
        "revenue": 1073861000,
        "costOfRevenue": 686233000,
        "grossProfit": 387878000,
        "grossProfitRatio": 0.3611994476,
        "researchAndDevelopmentExpenses": 164329000,
        "generalAndAdministrativeExpenses": 0,
        "sellingAndMarketingExpenses": 0,
        "sellingGeneralAndAdministrativeExpenses": 86914000,
        "otherExpenses": 178204000,
        "operatingExpenses": 250383000,
        "costAndExpenses": 1109671000,
        "interestIncome": 0,
        "interestExpense": 17581000,
        "depreciationAndAmortization": 78863000,
        "ebitda": 52653000,
        "ebitdaratio": 0.0490314855,
        "operatingIncome": -41569000,
        "operatingIncomeRatio": -0.0387098516,
        "totalOtherIncomeExpensesNet": -178507000,
        "incomeBeforeTax": -43791000,
        "incomeBeforeTaxRatio": -0.0407790207,
        "incomeTaxExpense": 83147000,
        "netIncome": -126938000,
        "netIncomeRatio": -0.118207105,
        "eps": -1.31,
        "epsdiluted": -1.31,
        "weightedAverageShsOut": 96899236,
        "weightedAverageShsOutDil": 97152000,
        "link": "https://www.sec.gov/Archives/edgar/data/1604778/000160477824000018/0001604778-24-000018-index.htm",
        "finalLink": "https://www.sec.gov/Archives/edgar/data/1604778/000160477824000018/rfmd-20231230.htm"
    },
    {
        "date": "2023-09-30",
        "symbol": "QRVO",
        "reportedCurrency": "USD",
        "cik": "0001604778",
        "fillingDate": "2023-11-02",
        "acceptedDate": "2023-11-02 16:23:38",
        "calendarYear": "2024",
        "period": "Q2",
        "revenue": 1103493000,
        "costOfRevenue": 613803000,
        "grossProfit": 489690000,
        "grossProfitRatio": 0.4437635762,
        "researchAndDevelopmentExpenses": 174947000,
        "generalAndAdministrativeExpenses": 0,
        "sellingAndMarketingExpenses": 0,
        "sellingGeneralAndAdministrativeExpenses": 103696000,
        "otherExpenses": 59619000,
        "operatingExpenses": 335533000,
        "costAndExpenses": 946854000,
        "interestIncome": 0,
        "interestExpense": 17121000,
        "depreciationAndAmortization": 79274000,
        "ebitda": 235913000,
        "ebitdaratio": 0.2137874912,
        "operatingIncome": 151428000,
        "operatingIncomeRatio": 0.1372260631,
        "totalOtherIncomeExpensesNet": -11910000,
        "incomeBeforeTax": 139518000,
        "incomeBeforeTaxRatio": 0.126433063,
        "incomeTaxExpense": 42057000,
        "netIncome": 97461000,
        "netIncomeRatio": 0.0883204515,
        "eps": 1,
        "epsdiluted": 0.99,
        "weightedAverageShsOut": 97506000,
        "weightedAverageShsOutDil": 98590000,
        "link": "https://www.sec.gov/Archives/edgar/data/1604778/000160477823000100/0001604778-23-000100-index.htm",
        "finalLink": "https://www.sec.gov/Archives/edgar/data/1604778/000160477823000100/rfmd-20230930.htm"
    },
    {
        "date": "2023-07-01",
        "symbol": "QRVO",
        "reportedCurrency": "USD",
        "cik": "0001604778",
        "fillingDate": "2023-08-03",
        "acceptedDate": "2023-08-03 16:51:43",
        "calendarYear": "2024",
        "period": "Q1",
        "revenue": 651164000,
        "costOfRevenue": 422094000,
        "grossProfit": 229070000,
        "grossProfitRatio": 0.3517854181,
        "researchAndDevelopmentExpenses": 163090000,
        "generalAndAdministrativeExpenses": 0,
        "sellingAndMarketingExpenses": 0,
        "sellingGeneralAndAdministrativeExpenses": 105423000,
        "otherExpenses": 8693000,
        "operatingExpenses": 277206000,
        "costAndExpenses": 693784000,
        "interestIncome": 0,
        "interestExpense": 17261000,
        "depreciationAndAmortization": 81012000,
        "ebitda": 46592000,
        "ebitdaratio": 0.0715518671,
        "operatingIncome": -48136000,
        "operatingIncomeRatio": -0.0739230056,
        "totalOtherIncomeExpensesNet": -3545000,
        "incomeBeforeTax": -51681000,
        "incomeBeforeTaxRatio": -0.0793671026,
        "incomeTaxExpense": -8101000,
        "netIncome": -43580000,
        "netIncomeRatio": -0.0669263043,
        "eps": -0.44,
        "epsdiluted": -0.44,
        "weightedAverageShsOut": 98509000,
        "weightedAverageShsOutDil": 98509000,
        "link": "https://www.sec.gov/Archives/edgar/data/1604778/000160477823000083/0001604778-23-000083-index.htm",
        "finalLink": "https://www.sec.gov/Archives/edgar/data/1604778/000160477823000083/rfmd-20230701.htm"
    },
    {
        "date": "2023-03-31",
        "symbol": "QRVO",
        "reportedCurrency": "USD",
        "cik": "0001604778",
        "fillingDate": "2023-05-19",
        "acceptedDate": "2023-05-19 17:03:34",
        "calendarYear": "2023",
        "period": "Q4",
        "revenue": 632703000,
        "costOfRevenue": 474985000,
        "grossProfit": 157718000,
        "grossProfitRatio": 0.2492765168,
        "researchAndDevelopmentExpenses": 163637000,
        "generalAndAdministrativeExpenses": 0,
        "sellingAndMarketingExpenses": 0,
        "sellingGeneralAndAdministrativeExpenses": 82954000,
        "otherExpenses": 0,
        "operatingExpenses": 347790000,
        "costAndExpenses": 822775000,
        "interestIncome": 8941000,
        "interestExpense": 0,
        "depreciationAndAmortization": 84240000,
        "ebitda": 12584000,
        "ebitdaratio": 0.0198892687,
        "operatingIncome": -71656000,
        "operatingIncomeRatio": -0.1132537699,
        "totalOtherIncomeExpensesNet": -127357000,
        "incomeBeforeTax": -199013000,
        "incomeBeforeTaxRatio": -0.3145441068,
        "incomeTaxExpense": 60597000,
        "netIncome": -138416000,
        "netIncomeRatio": -0.218769312,
        "eps": -1.4,
        "epsdiluted": -1.39,
        "weightedAverageShsOut": 99192719,
        "weightedAverageShsOutDil": 99513000,
        "link": "https://www.sec.gov/Archives/edgar/data/1604778/000160477823000055/0001604778-23-000055-index.htm",
        "finalLink": "https://www.sec.gov/Archives/edgar/data/1604778/000160477823000055/rfmd-20230401.htm"
    },
    {
        "date": "2022-12-31",
        "symbol": "QRVO",
        "reportedCurrency": "USD",
        "cik": "0001604778",
        "fillingDate": "2023-02-02",
        "acceptedDate": "2023-02-02 16:10:36",
        "calendarYear": "2023",
        "period": "Q3",
        "revenue": 743281000,
        "costOfRevenue": 475230000,
        "grossProfit": 268051000,
        "grossProfitRatio": 0.3606321163,
        "researchAndDevelopmentExpenses": 149472000,
        "generalAndAdministrativeExpenses": 0,
        "sellingAndMarketingExpenses": 0,
        "sellingGeneralAndAdministrativeExpenses": 76269000,
        "otherExpenses": 33581000,
        "operatingExpenses": 259322000,
        "costAndExpenses": 734552000,
        "interestIncome": 0,
        "interestExpense": 17066000,
        "depreciationAndAmortization": 84187000,
        "ebitda": 98478000,
        "ebitdaratio": 0.1324909422,
        "operatingIncome": -69896000,
        "operatingIncomeRatio": -0.0940371138,
        "totalOtherIncomeExpensesNet": -11504000,
        "incomeBeforeTax": -2775000,
        "incomeBeforeTaxRatio": -0.0037334467,
        "incomeTaxExpense": 13156000,
        "netIncome": -15931000,
        "netIncomeRatio": -0.0214333475,
        "eps": -0.16,
        "epsdiluted": -0.16,
        "weightedAverageShsOut": 100943000,
        "weightedAverageShsOutDil": 100943000,
        "link": "https://www.sec.gov/Archives/edgar/data/1604778/000160477823000034/0001604778-23-000034-index.htm",
        "finalLink": "https://www.sec.gov/Archives/edgar/data/1604778/000160477823000034/rfmd-20221231.htm"
    },
    {
        "date": "2022-10-01",
        "symbol": "QRVO",
        "reportedCurrency": "USD",
        "cik": "0001604778",
        "fillingDate": "2022-11-03",
        "acceptedDate": "2022-11-03 16:09:49",
        "calendarYear": "2023",
        "period": "Q2",
        "revenue": 1158057000,
        "costOfRevenue": 619130000,
        "grossProfit": 538927000,
        "grossProfitRatio": 0.465371739,
        "researchAndDevelopmentExpenses": 168164000,
        "generalAndAdministrativeExpenses": 0,
        "sellingAndMarketingExpenses": 0,
        "sellingGeneralAndAdministrativeExpenses": 97752000,
        "otherExpenses": 11449000,
        "operatingExpenses": 277365000,
        "costAndExpenses": 896495000,
        "interestIncome": 0,
        "interestExpense": 16904000,
        "depreciationAndAmortization": 84700000,
        "ebitda": 348476000,
        "ebitdaratio": 0.3009143764,
        "operatingIncome": 179076000,
        "operatingIncomeRatio": 0.1546348755,
        "totalOtherIncomeExpensesNet": -14690000,
        "incomeBeforeTax": 246872000,
        "incomeBeforeTaxRatio": 0.2131777624,
        "incomeTaxExpense": 58257000,
        "netIncome": 188615000,
        "netIncomeRatio": 0.1628719484,
        "eps": 1.85,
        "epsdiluted": 1.82,
        "weightedAverageShsOut": 102061000,
        "weightedAverageShsOutDil": 103674000,
        "link": "https://www.sec.gov/Archives/edgar/data/1604778/000160477822000064/0001604778-22-000064-index.htm",
        "finalLink": "https://www.sec.gov/Archives/edgar/data/1604778/000160477822000064/rfmd-20221001.htm"
    },
    {
        "date": "2022-07-02",
        "symbol": "QRVO",
        "reportedCurrency": "USD",
        "cik": "0001604778",
        "fillingDate": "2022-08-04",
        "acceptedDate": "2022-08-04 16:04:05",
        "calendarYear": "2023",
        "period": "Q1",
        "revenue": 1035358000,
        "costOfRevenue": 660108000,
        "grossProfit": 375250000,
        "grossProfitRatio": 0.3624350225,
        "researchAndDevelopmentExpenses": 168568000,
        "generalAndAdministrativeExpenses": 0,
        "sellingAndMarketingExpenses": 0,
        "sellingGeneralAndAdministrativeExpenses": 101815000,
        "otherExpenses": 3008000,
        "operatingExpenses": 273391000,
        "costAndExpenses": 933499000,
        "interestIncome": 0,
        "interestExpense": 17252000,
        "depreciationAndAmortization": 85721000,
        "ebitda": 182518000,
        "ebitdaratio": 0.1762849179,
        "operatingIncome": 11076000,
        "operatingIncomeRatio": 0.010697749,
        "totalOtherIncomeExpensesNet": -22314000,
        "incomeBeforeTax": 79545000,
        "incomeBeforeTaxRatio": 0.076828498,
        "incomeTaxExpense": 10661000,
        "netIncome": 68884000,
        "netIncomeRatio": 0.0665315765,
        "eps": 0.67,
        "epsdiluted": 0.65,
        "weightedAverageShsOut": 103340000,
        "weightedAverageShsOutDil": 106080000,
        "link": "https://www.sec.gov/Archives/edgar/data/1604778/000160477822000042/0001604778-22-000042-index.htm",
        "finalLink": "https://www.sec.gov/Archives/edgar/data/1604778/000160477822000042/rfmd-20220702.htm"
    },
    {
        "date": "2022-03-31",
        "symbol": "QRVO",
        "reportedCurrency": "USD",
        "cik": "0001604778",
        "fillingDate": "2022-05-20",
        "acceptedDate": "2022-05-20 16:57:10",
        "calendarYear": "2022",
        "period": "Q4",
        "revenue": 1166158000,
        "costOfRevenue": 595819000,
        "grossProfit": 570339000,
        "grossProfitRatio": 0.4890752368,
        "researchAndDevelopmentExpenses": 158745000,
        "generalAndAdministrativeExpenses": 0,
        "sellingAndMarketingExpenses": 0,
        "sellingGeneralAndAdministrativeExpenses": 83927000,
        "otherExpenses": 57070000,
        "operatingExpenses": 299742000,
        "costAndExpenses": 895561000,
        "interestIncome": 0,
        "interestExpense": 17392000,
        "depreciationAndAmortization": 89796000,
        "ebitda": 354657000,
        "ebitdaratio": 0.3041243125,
        "operatingIncome": 175007000,
        "operatingIncomeRatio": 0.1500714311,
        "totalOtherIncomeExpensesNet": -23128000,
        "incomeBeforeTax": 247469000,
        "incomeBeforeTaxRatio": 0.2122088088,
        "incomeTaxExpense": 35194000,
        "netIncome": 212275000,
        "netIncomeRatio": 0.1820293648,
        "eps": 2,
        "epsdiluted": 1.95,
        "weightedAverageShsOut": 106303000,
        "weightedAverageShsOutDil": 108687000,
        "link": "https://www.sec.gov/Archives/edgar/data/1604778/000160477822000029/0001604778-22-000029-index.htm",
        "finalLink": "https://www.sec.gov/Archives/edgar/data/1604778/000160477822000029/rfmd-20220402.htm"
    },
    {
        "date": "2022-01-01",
        "symbol": "QRVO",
        "reportedCurrency": "USD",
        "cik": "0001604778",
        "fillingDate": "2022-02-03",
        "acceptedDate": "2022-02-03 16:44:48",
        "calendarYear": "2022",
        "period": "Q3",
        "revenue": 1113957000,
        "costOfRevenue": 565864000,
        "grossProfit": 548093000,
        "grossProfitRatio": 0.4920234803,
        "researchAndDevelopmentExpenses": 154435000,
        "generalAndAdministrativeExpenses": 0,
        "sellingAndMarketingExpenses": 0,
        "sellingGeneralAndAdministrativeExpenses": 82003000,
        "otherExpenses": 15645000,
        "operatingExpenses": 252083000,
        "costAndExpenses": 817947000,
        "interestIncome": 0,
        "interestExpense": 15328000,
        "depreciationAndAmortization": 92334000,
        "ebitda": 390876000,
        "ebitdaratio": 0.3508896663,
        "operatingIncome": 280682000,
        "operatingIncomeRatio": 0.2519684333,
        "totalOtherIncomeExpensesNet": -12796000,
        "incomeBeforeTax": 283214000,
        "incomeBeforeTaxRatio": 0.2542414115,
        "incomeTaxExpense": 66951000,
        "netIncome": 216263000,
        "netIncomeRatio": 0.1941394506,
        "eps": 1.97,
        "epsdiluted": 1.95,
        "weightedAverageShsOut": 109687000,
        "weightedAverageShsOutDil": 110810000,
        "link": "https://www.sec.gov/Archives/edgar/data/1604778/000160477822000010/0001604778-22-000010-index.htm",
        "finalLink": "https://www.sec.gov/Archives/edgar/data/1604778/000160477822000010/rfmd-20220101.htm"
    },
    {
        "date": "2021-10-02",
        "symbol": "QRVO",
        "reportedCurrency": "USD",
        "cik": "0001604778",
        "fillingDate": "2021-11-04",
        "acceptedDate": "2021-11-04 16:49:08",
        "calendarYear": "2022",
        "period": "Q2",
        "revenue": 1255248000,
        "costOfRevenue": 633695000,
        "grossProfit": 621553000,
        "grossProfitRatio": 0.4951635055,
        "researchAndDevelopmentExpenses": 158377000,
        "generalAndAdministrativeExpenses": 0,
        "sellingAndMarketingExpenses": 0,
        "sellingGeneralAndAdministrativeExpenses": 93489000,
        "otherExpenses": 4754000,
        "operatingExpenses": 259193000,
        "costAndExpenses": 892888000,
        "interestIncome": 0,
        "interestExpense": 15327000,
        "depreciationAndAmortization": 89395000,
        "ebitda": 456509000,
        "ebitdaratio": 0.3636803245,
        "operatingIncome": 362360000,
        "operatingIncomeRatio": 0.2886760226,
        "totalOtherIncomeExpensesNet": -10573000,
        "incomeBeforeTax": 351787000,
        "incomeBeforeTaxRatio": 0.2802529859,
        "incomeTaxExpense": 32598000,
        "netIncome": 319189000,
        "netIncomeRatio": 0.2542836157,
        "eps": 2.87,
        "epsdiluted": 2.84,
        "weightedAverageShsOut": 111035000,
        "weightedAverageShsOutDil": 112411000,
        "link": "https://www.sec.gov/Archives/edgar/data/1604778/000160477821000058/0001604778-21-000058-index.htm",
        "finalLink": "https://www.sec.gov/Archives/edgar/data/1604778/000160477821000058/rfmd-20211002.htm"
    },
    {
        "date": "2021-07-03",
        "symbol": "QRVO",
        "reportedCurrency": "USD",
        "cik": "0001604778",
        "fillingDate": "2021-08-05",
        "acceptedDate": "2021-08-05 16:25:50",
        "calendarYear": "2022",
        "period": "Q1",
        "revenue": 1110351000,
        "costOfRevenue": 564168000,
        "grossProfit": 546183000,
        "grossProfitRatio": 0.4919012096,
        "researchAndDevelopmentExpenses": 152079000,
        "generalAndAdministrativeExpenses": 0,
        "sellingAndMarketingExpenses": 0,
        "sellingGeneralAndAdministrativeExpenses": 90299000,
        "otherExpenses": 16791000,
        "operatingExpenses": 249081000,
        "costAndExpenses": 813249000,
        "interestIncome": 0,
        "interestExpense": 15279000,
        "depreciationAndAmortization": 89832000,
        "ebitda": 403725000,
        "ebitdaratio": 0.3636012396,
        "operatingIncome": 297102000,
        "operatingIncomeRatio": 0.267574848,
        "totalOtherIncomeExpensesNet": 1512000,
        "incomeBeforeTax": 298614000,
        "incomeBeforeTaxRatio": 0.2689365795,
        "incomeTaxExpense": 12988000,
        "netIncome": 285626000,
        "netIncomeRatio": 0.2572393775,
        "eps": 2.55,
        "epsdiluted": 2.51,
        "weightedAverageShsOut": 112026000,
        "weightedAverageShsOutDil": 113872000,
        "link": "https://www.sec.gov/Archives/edgar/data/1604778/000160477821000042/0001604778-21-000042-index.htm",
        "finalLink": "https://www.sec.gov/Archives/edgar/data/1604778/000160477821000042/rfmd-20210703.htm"
    },
    {
        "date": "2021-03-31",
        "symbol": "QRVO",
        "reportedCurrency": "USD",
        "cik": "0001604778",
        "fillingDate": "2021-05-24",
        "acceptedDate": "2021-05-24 17:13:05",
        "calendarYear": "2021",
        "period": "Q4",
        "revenue": 1072730000,
        "costOfRevenue": 544255000,
        "grossProfit": 528475000,
        "grossProfitRatio": 0.492644934,
        "researchAndDevelopmentExpenses": 147285000,
        "generalAndAdministrativeExpenses": 0,
        "sellingAndMarketingExpenses": 0,
        "sellingGeneralAndAdministrativeExpenses": 78123000,
        "otherExpenses": 9128000,
        "operatingExpenses": 235407000,
        "costAndExpenses": 779662000,
        "interestIncome": 0,
        "interestExpense": 15410000,
        "depreciationAndAmortization": 85986000,
        "ebitda": 388182000,
        "ebitdaratio": 0.3618636563,
        "operatingIncome": 293068000,
        "operatingIncomeRatio": 0.2731982885,
        "totalOtherIncomeExpensesNet": -6282000,
        "incomeBeforeTax": 286786000,
        "incomeBeforeTaxRatio": 0.2673422017,
        "incomeTaxExpense": -11951000,
        "netIncome": 298737000,
        "netIncomeRatio": 0.2784829361,
        "eps": 2.65,
        "epsdiluted": 2.6,
        "weightedAverageShsOut": 112557000,
        "weightedAverageShsOutDil": 115010000,
        "link": "https://www.sec.gov/Archives/edgar/data/1604778/000160477821000032/0001604778-21-000032-index.htm",
        "finalLink": "https://www.sec.gov/Archives/edgar/data/1604778/000160477821000032/rfmd-20210403.htm"
    },
    {
        "date": "2021-01-02",
        "symbol": "QRVO",
        "reportedCurrency": "USD",
        "cik": "0001604778",
        "fillingDate": "2021-02-04",
        "acceptedDate": "2021-02-04 16:54:10",
        "calendarYear": "2021",
        "period": "Q3",
        "revenue": 1094834000,
        "costOfRevenue": 557082000,
        "grossProfit": 537752000,
        "grossProfitRatio": 0.4911721777,
        "researchAndDevelopmentExpenses": 136697000,
        "generalAndAdministrativeExpenses": 0,
        "sellingAndMarketingExpenses": 0,
        "sellingGeneralAndAdministrativeExpenses": 93139000,
        "otherExpenses": -58234000,
        "operatingExpenses": 238549000,
        "costAndExpenses": 795631000,
        "interestIncome": 467000,
        "interestExpense": 17453000,
        "depreciationAndAmortization": 124849000,
        "ebitda": 365818000,
        "ebitdaratio": 0.3341310189,
        "operatingIncome": 299203000,
        "operatingIncomeRatio": 0.2732861785,
        "totalOtherIncomeExpensesNet": -75687000,
        "incomeBeforeTax": 223516000,
        "incomeBeforeTaxRatio": 0.2041551505,
        "incomeTaxExpense": 22481000,
        "netIncome": 201035000,
        "netIncomeRatio": 0.183621444,
        "eps": 1.77,
        "epsdiluted": 1.74,
        "weightedAverageShsOut": 113299000,
        "weightedAverageShsOutDil": 115690000,
        "link": "https://www.sec.gov/Archives/edgar/data/1604778/000160477821000010/0001604778-21-000010-index.htm",
        "finalLink": "https://www.sec.gov/Archives/edgar/data/1604778/000160477821000010/rfmd-20210102.htm"
    },
    {
        "date": "2020-10-03",
        "symbol": "QRVO",
        "reportedCurrency": "USD",
        "cik": "0001604778",
        "fillingDate": "2020-11-05",
        "acceptedDate": "2020-11-05 16:07:13",
        "calendarYear": "2021",
        "period": "Q2",
        "revenue": 1060292000,
        "costOfRevenue": 568742000,
        "grossProfit": 491550000,
        "grossProfitRatio": 0.4635987068,
        "researchAndDevelopmentExpenses": 156342000,
        "generalAndAdministrativeExpenses": 0,
        "sellingAndMarketingExpenses": 0,
        "sellingGeneralAndAdministrativeExpenses": 109372000,
        "otherExpenses": 1920000,
        "operatingExpenses": 269906000,
        "costAndExpenses": 838648000,
        "interestIncome": 1272000,
        "interestExpense": 23486000,
        "depreciationAndAmortization": 123154000,
        "ebitda": 346718000,
        "ebitdaratio": 0.3270023729,
        "operatingIncome": 221644000,
        "operatingIncomeRatio": 0.2090405285,
        "totalOtherIncomeExpensesNet": -21566000,
        "incomeBeforeTax": 200078000,
        "incomeBeforeTaxRatio": 0.1887008484,
        "incomeTaxExpense": 63161000,
        "netIncome": 136917000,
        "netIncomeRatio": 0.1291314091,
        "eps": 1.2,
        "epsdiluted": 1.18,
        "weightedAverageShsOut": 114111000,
        "weightedAverageShsOutDil": 116177000,
        "link": "https://www.sec.gov/Archives/edgar/data/1604778/000160477820000086/0001604778-20-000086-index.htm",
        "finalLink": "https://www.sec.gov/Archives/edgar/data/1604778/000160477820000086/qorvo2020100310-q.htm"
    },
    {
        "date": "2020-06-27",
        "symbol": "QRVO",
        "reportedCurrency": "USD",
        "cik": "0001604778",
        "fillingDate": "2020-07-30",
        "acceptedDate": "2020-07-30 18:49:16",
        "calendarYear": "2021",
        "period": "Q1",
        "revenue": 787451000,
        "costOfRevenue": 461662000,
        "grossProfit": 325789000,
        "grossProfitRatio": 0.4137260604,
        "researchAndDevelopmentExpenses": 130071000,
        "generalAndAdministrativeExpenses": 0,
        "sellingAndMarketingExpenses": 0,
        "sellingGeneralAndAdministrativeExpenses": 86604000,
        "otherExpenses": 23137000,
        "operatingExpenses": 233077000,
        "costAndExpenses": 694739000,
        "interestIncome": 1190000,
        "interestExpense": 18849000,
        "depreciationAndAmortization": 122115000,
        "ebitda": 237964000,
        "ebitdaratio": 0.3021953112,
        "operatingIncome": 92712000,
        "operatingIncomeRatio": 0.1177368497,
        "totalOtherIncomeExpensesNet": 4288000,
        "incomeBeforeTax": 97000000,
        "incomeBeforeTaxRatio": 0.1231822678,
        "incomeTaxExpense": 78000,
        "netIncome": 96922000,
        "netIncomeRatio": 0.1230832141,
        "eps": 0.85,
        "epsdiluted": 0.83,
        "weightedAverageShsOut": 114354000,
        "weightedAverageShsOutDil": 116751000,
        "link": "https://www.sec.gov/Archives/edgar/data/1604778/000160477820000057/0001604778-20-000057-index.htm",
        "finalLink": "https://www.sec.gov/Archives/edgar/data/1604778/000160477820000057/qorvo2020062710-q.htm"
    },
    {
        "date": "2020-03-31",
        "symbol": "QRVO",
        "reportedCurrency": "USD",
        "cik": "0001604778",
        "fillingDate": "2020-05-20",
        "acceptedDate": "2020-05-20 16:55:15",
        "calendarYear": "2020",
        "period": "Q4",
        "revenue": 787772000,
        "costOfRevenue": 451991000,
        "grossProfit": 335781000,
        "grossProfitRatio": 0.426241349,
        "researchAndDevelopmentExpenses": 127029000,
        "generalAndAdministrativeExpenses": 0,
        "sellingAndMarketingExpenses": 0,
        "sellingGeneralAndAdministrativeExpenses": 85111000,
        "otherExpenses": -18584000,
        "operatingExpenses": 233627000,
        "costAndExpenses": 685618000,
        "interestIncome": 3954000,
        "interestExpense": 18935000,
        "depreciationAndAmortization": 118687000,
        "ebitda": 202257000,
        "ebitdaratio": 0.2567456066,
        "operatingIncome": 102154000,
        "operatingIncomeRatio": 0.1296745759,
        "totalOtherIncomeExpensesNet": -37519000,
        "incomeBeforeTax": 64635000,
        "incomeBeforeTaxRatio": 0.0820478514,
        "incomeTaxExpense": 14245000,
        "netIncome": 50390000,
        "netIncomeRatio": 0.0639652082,
        "eps": 0.44,
        "epsdiluted": 0.43,
        "weightedAverageShsOut": 114625000,
        "weightedAverageShsOutDil": 117757000,
        "link": "https://www.sec.gov/Archives/edgar/data/1604778/000160477820000030/0001604778-20-000030-index.htm",
        "finalLink": "https://www.sec.gov/Archives/edgar/data/1604778/000160477820000030/qorvo2020032810-k.htm"
    },
    {
        "date": "2019-12-28",
        "symbol": "QRVO",
        "reportedCurrency": "USD",
        "cik": "0001604778",
        "fillingDate": "2020-01-30",
        "acceptedDate": "2020-01-30 16:35:04",
        "calendarYear": "2020",
        "period": "Q3",
        "revenue": 869073000,
        "costOfRevenue": 500962000,
        "grossProfit": 368111000,
        "grossProfitRatio": 0.4235674103,
        "researchAndDevelopmentExpenses": 122851000,
        "generalAndAdministrativeExpenses": 0,
        "sellingAndMarketingExpenses": 0,
        "sellingGeneralAndAdministrativeExpenses": 81205000,
        "otherExpenses": 47022000,
        "operatingExpenses": 215042000,
        "costAndExpenses": 716004000,
        "interestIncome": 2874000,
        "interestExpense": 16900000,
        "depreciationAndAmortization": 116785000,
        "ebitda": 316876000,
        "ebitdaratio": 0.3646137896,
        "operatingIncome": 153069000,
        "operatingIncomeRatio": 0.1761290478,
        "totalOtherIncomeExpensesNet": 30122000,
        "incomeBeforeTax": 183191000,
        "incomeBeforeTaxRatio": 0.2107889671,
        "incomeTaxExpense": 21835000,
        "netIncome": 161356000,
        "netIncomeRatio": 0.1856644954,
        "eps": 1.39,
        "epsdiluted": 1.36,
        "weightedAverageShsOut": 115738000,
        "weightedAverageShsOutDil": 118455000,
        "link": "https://www.sec.gov/Archives/edgar/data/1604778/000160477820000008/0001604778-20-000008-index.htm",
        "finalLink": "https://www.sec.gov/Archives/edgar/data/1604778/000160477820000008/qorvo2019122810-q.htm"
    },
    {
        "date": "2019-09-28",
        "symbol": "QRVO",
        "reportedCurrency": "USD",
        "cik": "0001604778",
        "fillingDate": "2019-11-01",
        "acceptedDate": "2019-11-01 16:07:24",
        "calendarYear": "2020",
        "period": "Q2",
        "revenue": 806698000,
        "costOfRevenue": 483116000,
        "grossProfit": 323582000,
        "grossProfitRatio": 0.4011191301,
        "researchAndDevelopmentExpenses": 115614000,
        "generalAndAdministrativeExpenses": 0,
        "sellingAndMarketingExpenses": 0,
        "sellingGeneralAndAdministrativeExpenses": 88274000,
        "otherExpenses": 1992000,
        "operatingExpenses": 210815000,
        "costAndExpenses": 693931000,
        "interestIncome": 2292000,
        "interestExpense": 12693000,
        "depreciationAndAmortization": 111189000,
        "ebitda": 225877000,
        "ebitdaratio": 0.2800019338,
        "operatingIncome": 112767000,
        "operatingIncomeRatio": 0.1397883719,
        "totalOtherIncomeExpensesNet": -10701000,
        "incomeBeforeTax": 102066000,
        "incomeBeforeTaxRatio": 0.1265231846,
        "incomeTaxExpense": 19028000,
        "netIncome": 83038000,
        "netIncomeRatio": 0.1029356711,
        "eps": 0.71,
        "epsdiluted": 0.7,
        "weightedAverageShsOut": 116294000,
        "weightedAverageShsOutDil": 119429000,
        "link": "https://www.sec.gov/Archives/edgar/data/1604778/000160477819000084/0001604778-19-000084-index.htm",
        "finalLink": "https://www.sec.gov/Archives/edgar/data/1604778/000160477819000084/qorvo2019092810-q.htm"
    },
    {
        "date": "2019-06-29",
        "symbol": "QRVO",
        "reportedCurrency": "USD",
        "cik": "0001604778",
        "fillingDate": "2019-08-06",
        "acceptedDate": "2019-08-05 18:33:52",
        "calendarYear": "2020",
        "period": "Q1",
        "revenue": 775598000,
        "costOfRevenue": 481309000,
        "grossProfit": 294289000,
        "grossProfitRatio": 0.379434965,
        "researchAndDevelopmentExpenses": 118920000,
        "generalAndAdministrativeExpenses": 0,
        "sellingAndMarketingExpenses": 0,
        "sellingGeneralAndAdministrativeExpenses": 88979000,
        "otherExpenses": 1835000,
        "operatingExpenses": 239063000,
        "costAndExpenses": 720372000,
        "interestIncome": 2946000,
        "interestExpense": 11864000,
        "depreciationAndAmortization": 122270000,
        "ebitda": 179331000,
        "ebitdaratio": 0.2312164291,
        "operatingIncome": 55226000,
        "operatingIncomeRatio": 0.0712044126,
        "totalOtherIncomeExpensesNet": -10029000,
        "incomeBeforeTax": 45197000,
        "incomeBeforeTaxRatio": 0.0582737449,
        "incomeTaxExpense": 5656000,
        "netIncome": 39541000,
        "netIncomeRatio": 0.0509813073,
        "eps": 0.34,
        "epsdiluted": 0.33,
        "weightedAverageShsOut": 117943000,
        "weightedAverageShsOutDil": 121123000,
        "link": "https://www.sec.gov/Archives/edgar/data/1604778/000160477819000053/0001604778-19-000053-index.htm",
        "finalLink": "https://www.sec.gov/Archives/edgar/data/1604778/000160477819000053/qorvo2019062910-q.htm"
    },
    {
        "date": "2019-03-31",
        "symbol": "QRVO",
        "reportedCurrency": "USD",
        "cik": "0001604778",
        "fillingDate": "2019-05-17",
        "acceptedDate": "2019-05-17 17:05:06",
        "calendarYear": "2019",
        "period": "Q4",
        "revenue": 680882000,
        "costOfRevenue": 414309000,
        "grossProfit": 266573000,
        "grossProfitRatio": 0.3915113045,
        "researchAndDevelopmentExpenses": 112846000,
        "generalAndAdministrativeExpenses": 0,
        "sellingAndMarketingExpenses": 0,
        "sellingGeneralAndAdministrativeExpenses": 75033000,
        "otherExpenses": -3492000,
        "operatingExpenses": 202526000,
        "costAndExpenses": 616835000,
        "interestIncome": 3183000,
        "interestExpense": 10359000,
        "depreciationAndAmortization": 120889000,
        "ebitda": 181444000,
        "ebitdaratio": 0.2664837666,
        "operatingIncome": 64047000,
        "operatingIncomeRatio": 0.0940647572,
        "totalOtherIncomeExpensesNet": -13851000,
        "incomeBeforeTax": 50196000,
        "incomeBeforeTaxRatio": 0.0737220253,
        "incomeTaxExpense": -11321000,
        "netIncome": 61517000,
        "netIncomeRatio": 0.0903489885,
        "eps": 0.52,
        "epsdiluted": 0.5,
        "weightedAverageShsOut": 119063000,
        "weightedAverageShsOutDil": 124057000,
        "link": "https://www.sec.gov/Archives/edgar/data/1604778/000160477819000031/0001604778-19-000031-index.htm",
        "finalLink": "https://www.sec.gov/Archives/edgar/data/1604778/000160477819000031/qorvo2019033010-k.htm"
    },
    {
        "date": "2018-12-29",
        "symbol": "QRVO",
        "reportedCurrency": "USD",
        "cik": "0001604778",
        "fillingDate": "2019-02-07",
        "acceptedDate": "2019-02-07 16:07:52",
        "calendarYear": "2019",
        "period": "Q3",
        "revenue": 832330000,
        "costOfRevenue": 493967000,
        "grossProfit": 338363000,
        "grossProfitRatio": 0.4065250562,
        "researchAndDevelopmentExpenses": 109985000,
        "generalAndAdministrativeExpenses": 0,
        "sellingAndMarketingExpenses": 0,
        "sellingGeneralAndAdministrativeExpenses": 125604000,
        "otherExpenses": -3520000,
        "operatingExpenses": 257206000,
        "costAndExpenses": 751173000,
        "interestIncome": 2814000,
        "interestExpense": 9562000,
        "depreciationAndAmortization": 185286000,
        "ebitda": 265737000,
        "ebitdaratio": 0.3192687996,
        "operatingIncome": 81157000,
        "operatingIncomeRatio": 0.097505797,
        "totalOtherIncomeExpensesNet": -10268000,
        "incomeBeforeTax": 70889000,
        "incomeBeforeTaxRatio": 0.0851693439,
        "incomeTaxExpense": 1372000,
        "netIncome": 69517000,
        "netIncomeRatio": 0.0835209592,
        "eps": 0.56,
        "epsdiluted": 0.55,
        "weightedAverageShsOut": 124308000,
        "weightedAverageShsOutDil": 126842000,
        "link": "https://www.sec.gov/Archives/edgar/data/1604778/000160477819000008/0001604778-19-000008-index.htm",
        "finalLink": "https://www.sec.gov/Archives/edgar/data/1604778/000160477819000008/qorvo2018122910-q.htm"
    },
    {
        "date": "2018-09-29",
        "symbol": "QRVO",
        "reportedCurrency": "USD",
        "cik": "0001604778",
        "fillingDate": "2018-11-01",
        "acceptedDate": "2018-11-01 17:11:31",
        "calendarYear": "2019",
        "period": "Q2",
        "revenue": 884443000,
        "costOfRevenue": 530929000,
        "grossProfit": 353514000,
        "grossProfitRatio": 0.3997024116,
        "researchAndDevelopmentExpenses": 116748000,
        "generalAndAdministrativeExpenses": 0,
        "sellingAndMarketingExpenses": 0,
        "sellingGeneralAndAdministrativeExpenses": 139507000,
        "otherExpenses": -47952000,
        "operatingExpenses": 263037000,
        "costAndExpenses": 793966000,
        "interestIncome": 1580000,
        "interestExpense": 9689000,
        "depreciationAndAmortization": 313471000,
        "ebitda": 222688000,
        "ebitdaratio": 0.2517833258,
        "operatingIncome": 90477000,
        "operatingIncomeRatio": 0.1022982826,
        "totalOtherIncomeExpensesNet": -57641000,
        "incomeBeforeTax": 32836000,
        "incomeBeforeTaxRatio": 0.0371261913,
        "incomeTaxExpense": 752000,
        "netIncome": 32084000,
        "netIncomeRatio": 0.0362759386,
        "eps": 0.26,
        "epsdiluted": 0.25,
        "weightedAverageShsOut": 125046000,
        "weightedAverageShsOutDil": 128550000,
        "link": "https://www.sec.gov/Archives/edgar/data/1604778/000160477818000094/0001604778-18-000094-index.htm",
        "finalLink": "https://www.sec.gov/Archives/edgar/data/1604778/000160477818000094/qorvo2018092910-q.htm"
    },
    {
        "date": "2018-06-30",
        "symbol": "QRVO",
        "reportedCurrency": "USD",
        "cik": "0001604778",
        "fillingDate": "2018-08-02",
        "acceptedDate": "2018-08-02 15:21:14",
        "calendarYear": "2019",
        "period": "Q1",
        "revenue": 692670000,
        "costOfRevenue": 455937000,
        "grossProfit": 236733000,
        "grossProfitRatio": 0.3417688077,
        "researchAndDevelopmentExpenses": 110903000,
        "generalAndAdministrativeExpenses": 0,
        "sellingAndMarketingExpenses": 0,
        "sellingGeneralAndAdministrativeExpenses": 135930000,
        "otherExpenses": -28561000,
        "operatingExpenses": 255948000,
        "costAndExpenses": 711885000,
        "interestIncome": 3394000,
        "interestExpense": 14353000,
        "depreciationAndAmortization": 43451000,
        "ebitda": 128996000,
        "ebitdaratio": 0.1862300951,
        "operatingIncome": -19215000,
        "operatingIncomeRatio": -0.0277404825,
        "totalOtherIncomeExpensesNet": -42914000,
        "incomeBeforeTax": -62129000,
        "incomeBeforeTaxRatio": -0.0896949485,
        "incomeTaxExpense": -32136000,
        "netIncome": -29993000,
        "netIncomeRatio": -0.0433005616,
        "eps": -0.24,
        "epsdiluted": -0.24,
        "weightedAverageShsOut": 125598000,
        "weightedAverageShsOutDil": 126198000,
        "link": "https://www.sec.gov/Archives/edgar/data/1604778/000160477818000071/0001604778-18-000071-index.htm",
        "finalLink": "https://www.sec.gov/Archives/edgar/data/1604778/000160477818000071/qorvo2018063010-q.htm"
    },
    {
        "date": "2018-03-31",
        "symbol": "QRVO",
        "reportedCurrency": "USD",
        "cik": "0001604778",
        "fillingDate": "2018-05-21",
        "acceptedDate": "2018-05-21 08:32:43",
        "calendarYear": "2018",
        "period": "Q4",
        "revenue": 665383000,
        "costOfRevenue": 412743000,
        "grossProfit": 252640000,
        "grossProfitRatio": 0.3796910952,
        "researchAndDevelopmentExpenses": 110795000,
        "generalAndAdministrativeExpenses": 0,
        "sellingAndMarketingExpenses": 0,
        "sellingGeneralAndAdministrativeExpenses": 122898000,
        "otherExpenses": 4255000,
        "operatingExpenses": 284413000,
        "costAndExpenses": 697156000,
        "interestIncome": 2978000,
        "interestExpense": 16161000,
        "depreciationAndAmortization": 581336000,
        "ebitda": 553818000,
        "ebitdaratio": 0.8323296507,
        "operatingIncome": -31773000,
        "operatingIncomeRatio": -0.0477514454,
        "totalOtherIncomeExpensesNet": -11906000,
        "incomeBeforeTax": -43679000,
        "incomeBeforeTaxRatio": -0.0656448993,
        "incomeTaxExpense": -31178000,
        "netIncome": -12501000,
        "netIncomeRatio": -0.0187876757,
        "eps": -0.099,
        "epsdiluted": -0.0988,
        "weightedAverageShsOut": 126322000,
        "weightedAverageShsOutDil": 126531000,
        "link": "https://www.sec.gov/Archives/edgar/data/1604778/000160477818000023/0001604778-18-000023-index.htm",
        "finalLink": "https://www.sec.gov/Archives/edgar/data/1604778/000160477818000023/qorvo2018033110-k.htm"
    },
    {
        "date": "2017-12-30",
        "symbol": "QRVO",
        "reportedCurrency": "USD",
        "cik": "0001604778",
        "fillingDate": "2018-02-01",
        "acceptedDate": "2018-02-01 17:14:47",
        "calendarYear": "2018",
        "period": "Q3",
        "revenue": 845739000,
        "costOfRevenue": 508812000,
        "grossProfit": 336927000,
        "grossProfitRatio": 0.3983817703,
        "researchAndDevelopmentExpenses": 106411000,
        "generalAndAdministrativeExpenses": 0,
        "sellingAndMarketingExpenses": 0,
        "sellingGeneralAndAdministrativeExpenses": 126555000,
        "otherExpenses": 1458000,
        "operatingExpenses": 256607000,
        "costAndExpenses": 765419000,
        "interestIncome": 2215000,
        "interestExpense": 16338000,
        "depreciationAndAmortization": 46612000,
        "ebitda": 264290000,
        "ebitdaratio": 0.3124959355,
        "operatingIncome": 80320000,
        "operatingIncomeRatio": 0.0949701977,
        "totalOtherIncomeExpensesNet": -14880000,
        "incomeBeforeTax": 65440000,
        "incomeBeforeTaxRatio": 0.0773761172,
        "incomeTaxExpense": 98522000,
        "netIncome": -33082000,
        "netIncomeRatio": -0.0391160866,
        "eps": -0.26,
        "epsdiluted": -0.26,
        "weightedAverageShsOut": 126473000,
        "weightedAverageShsOutDil": 127034000,
        "link": "https://www.sec.gov/Archives/edgar/data/1604778/000160477818000007/0001604778-18-000007-index.htm",
        "finalLink": "https://www.sec.gov/Archives/edgar/data/1604778/000160477818000007/qorvo2017123010-q.htm"
    },
    {
        "date": "2017-09-30",
        "symbol": "QRVO",
        "reportedCurrency": "USD",
        "cik": "0001604778",
        "fillingDate": "2017-11-03",
        "acceptedDate": "2017-11-02 17:52:45",
        "calendarYear": "2018",
        "period": "Q2",
        "revenue": 821583000,
        "costOfRevenue": 500561000,
        "grossProfit": 321022000,
        "grossProfitRatio": 0.3907359329,
        "researchAndDevelopmentExpenses": 111398000,
        "generalAndAdministrativeExpenses": 0,
        "sellingAndMarketingExpenses": 0,
        "sellingGeneralAndAdministrativeExpenses": 138867000,
        "otherExpenses": 866000,
        "operatingExpenses": 271458000,
        "costAndExpenses": 772019000,
        "interestIncome": 1058000,
        "interestExpense": 14778000,
        "depreciationAndAmortization": 43440000,
        "ebitda": 229670000,
        "ebitdaratio": 0.2795457063,
        "operatingIncome": 49564000,
        "operatingIncomeRatio": 0.060327441,
        "totalOtherIncomeExpensesNet": -13912000,
        "incomeBeforeTax": 35652000,
        "incomeBeforeTaxRatio": 0.0433942767,
        "incomeTaxExpense": -267000,
        "netIncome": 35919000,
        "netIncomeRatio": 0.043719259,
        "eps": 0.28,
        "epsdiluted": 0.27,
        "weightedAverageShsOut": 127137000,
        "weightedAverageShsOutDil": 130778000,
        "link": "https://www.sec.gov/Archives/edgar/data/1604778/000160477817000058/0001604778-17-000058-index.htm",
        "finalLink": "https://www.sec.gov/Archives/edgar/data/1604778/000160477817000058/qorvo20170930.htm"
    },
    {
        "date": "2017-07-01",
        "symbol": "QRVO",
        "reportedCurrency": "USD",
        "cik": "0001604778",
        "fillingDate": "2017-08-03",
        "acceptedDate": "2017-08-03 10:02:42",
        "calendarYear": "2018",
        "period": "Q1",
        "revenue": 640831000,
        "costOfRevenue": 404454000,
        "grossProfit": 236377000,
        "grossProfitRatio": 0.3688601207,
        "researchAndDevelopmentExpenses": 116499000,
        "generalAndAdministrativeExpenses": 0,
        "sellingAndMarketingExpenses": 0,
        "sellingGeneralAndAdministrativeExpenses": 139431000,
        "otherExpenses": -168000,
        "operatingExpenses": 264206000,
        "costAndExpenses": 668660000,
        "interestIncome": 766000,
        "interestExpense": 12271000,
        "depreciationAndAmortization": 42827000,
        "ebitda": 14830000,
        "ebitdaratio": 0.0231418268,
        "operatingIncome": -27829000,
        "operatingIncomeRatio": -0.043426426,
        "totalOtherIncomeExpensesNet": -12439000,
        "incomeBeforeTax": -40268000,
        "incomeBeforeTaxRatio": -0.0628371599,
        "incomeTaxExpense": -9644000,
        "netIncome": -30624000,
        "netIncomeRatio": -0.0477879503,
        "eps": -0.24,
        "epsdiluted": -0.24,
        "weightedAverageShsOut": 126961489,
        "weightedAverageShsOutDil": 127225000,
        "link": "https://www.sec.gov/Archives/edgar/data/1604778/000160477817000047/0001604778-17-000047-index.htm",
        "finalLink": "https://www.sec.gov/Archives/edgar/data/1604778/000160477817000047/qorvo20170701-10q.htm"
    },
    {
        "date": "2017-03-31",
        "symbol": "QRVO",
        "reportedCurrency": "USD",
        "cik": "0001604778",
        "fillingDate": "2017-05-23",
        "acceptedDate": "2017-05-23 17:25:24",
        "calendarYear": "2017",
        "period": "Q4",
        "revenue": 642992000,
        "costOfRevenue": 411396000,
        "grossProfit": 231596000,
        "grossProfitRatio": 0.3601848857,
        "researchAndDevelopmentExpenses": 115670000,
        "generalAndAdministrativeExpenses": 65014000,
        "sellingAndMarketingExpenses": -217164000,
        "sellingGeneralAndAdministrativeExpenses": 132738000,
        "otherExpenses": 842000,
        "operatingExpenses": 256052000,
        "costAndExpenses": 667448000,
        "interestIncome": 509000,
        "interestExpense": 13674000,
        "depreciationAndAmortization": 551291000,
        "ebitda": 527677000,
        "ebitdaratio": 0.8206587329,
        "operatingIncome": -24456000,
        "operatingIncomeRatio": -0.0380346878,
        "totalOtherIncomeExpensesNet": -12832000,
        "incomeBeforeTax": -37288000,
        "incomeBeforeTaxRatio": -0.0579913903,
        "incomeTaxExpense": -93196000,
        "netIncome": 55908000,
        "netIncomeRatio": 0.0869497599,
        "eps": 0.44,
        "epsdiluted": 0.43,
        "weightedAverageShsOut": 126464000,
        "weightedAverageShsOutDil": 131001000,
        "link": "https://www.sec.gov/Archives/edgar/data/1604778/000160477817000031/0001604778-17-000031-index.htm",
        "finalLink": "https://www.sec.gov/Archives/edgar/data/1604778/000160477817000031/qorvo2017040110-k.htm"
    },
    {
        "date": "2016-12-31",
        "symbol": "QRVO",
        "reportedCurrency": "USD",
        "cik": "0001604778",
        "fillingDate": "2017-02-02",
        "acceptedDate": "2017-02-02 17:02:50",
        "calendarYear": "2017",
        "period": "Q3",
        "revenue": 826347000,
        "costOfRevenue": 515705000,
        "grossProfit": 310642000,
        "grossProfitRatio": 0.3759219795,
        "researchAndDevelopmentExpenses": 111951000,
        "generalAndAdministrativeExpenses": 0,
        "sellingAndMarketingExpenses": 0,
        "sellingGeneralAndAdministrativeExpenses": 130672000,
        "otherExpenses": -2376000,
        "operatingExpenses": 249261000,
        "costAndExpenses": 764966000,
        "interestIncome": 233000,
        "interestExpense": 14464000,
        "depreciationAndAmortization": 56109000,
        "ebitda": 237114000,
        "ebitdaratio": 0.2869424104,
        "operatingIncome": 61381000,
        "operatingIncomeRatio": 0.0742799332,
        "totalOtherIncomeExpensesNet": -16840000,
        "incomeBeforeTax": 44541000,
        "incomeBeforeTaxRatio": 0.0539010851,
        "incomeTaxExpense": 123179000,
        "netIncome": -78638000,
        "netIncomeRatio": -0.095163412,
        "eps": -0.62,
        "epsdiluted": -0.62,
        "weightedAverageShsOut": 126835484,
        "weightedAverageShsOutDil": 126852000,
        "link": "https://www.sec.gov/Archives/edgar/data/1604778/000160477817000012/0001604778-17-000012-index.htm",
        "finalLink": "https://www.sec.gov/Archives/edgar/data/1604778/000160477817000012/qorvo20161231-10q.htm"
    },
    {
        "date": "2016-10-01",
        "symbol": "QRVO",
        "reportedCurrency": "USD",
        "cik": "0001604778",
        "fillingDate": "2016-11-07",
        "acceptedDate": "2016-11-07 16:59:30",
        "calendarYear": "2017",
        "period": "Q2",
        "revenue": 864698000,
        "costOfRevenue": 547899000,
        "grossProfit": 316799000,
        "grossProfitRatio": 0.3663695302,
        "researchAndDevelopmentExpenses": 126078000,
        "generalAndAdministrativeExpenses": 30455000,
        "sellingAndMarketingExpenses": 108128000,
        "sellingGeneralAndAdministrativeExpenses": 138583000,
        "otherExpenses": -119000,
        "operatingExpenses": 271406000,
        "costAndExpenses": 819305000,
        "interestIncome": 192000,
        "interestExpense": 15554000,
        "depreciationAndAmortization": 50825000,
        "ebitda": 215899000,
        "ebitdaratio": 0.2496813917,
        "operatingIncome": 45393000,
        "operatingIncomeRatio": 0.0524957847,
        "totalOtherIncomeExpensesNet": -15673000,
        "incomeBeforeTax": 29720000,
        "incomeBeforeTaxRatio": 0.0343703813,
        "incomeTaxExpense": 17873000,
        "netIncome": 11847000,
        "netIncomeRatio": 0.0137007371,
        "eps": 0.0933,
        "epsdiluted": 0.0895,
        "weightedAverageShsOut": 126995000,
        "weightedAverageShsOutDil": 132329000,
        "link": "https://www.sec.gov/Archives/edgar/data/1604778/000160477816000211/0001604778-16-000211-index.htm",
        "finalLink": "https://www.sec.gov/Archives/edgar/data/1604778/000160477816000211/qorvo20161001-10q.htm"
    },
    {
        "date": "2016-07-02",
        "symbol": "QRVO",
        "reportedCurrency": "USD",
        "cik": "0001604778",
        "fillingDate": "2016-08-05",
        "acceptedDate": "2016-08-05 17:25:24",
        "calendarYear": "2017",
        "period": "Q1",
        "revenue": 698537000,
        "costOfRevenue": 422062000,
        "grossProfit": 276475000,
        "grossProfitRatio": 0.3957914899,
        "researchAndDevelopmentExpenses": 117137000,
        "generalAndAdministrativeExpenses": 34559000,
        "sellingAndMarketingExpenses": 109036000,
        "sellingGeneralAndAdministrativeExpenses": 143595000,
        "otherExpenses": -222000,
        "operatingExpenses": 270734000,
        "costAndExpenses": 692796000,
        "interestIncome": 278000,
        "interestExpense": 15187000,
        "depreciationAndAmortization": 46352000,
        "ebitda": 51871000,
        "ebitdaratio": 0.0742566249,
        "operatingIncome": 5741000,
        "operatingIncomeRatio": 0.0082186055,
        "totalOtherIncomeExpensesNet": -15409000,
        "incomeBeforeTax": -9668000,
        "incomeBeforeTaxRatio": -0.0138403549,
        "incomeTaxExpense": -3993000,
        "netIncome": -5675000,
        "netIncomeRatio": -0.0081241223,
        "eps": -0.0445,
        "epsdiluted": -0.0444,
        "weightedAverageShsOut": 127542420,
        "weightedAverageShsOutDil": 127817000,
        "link": "https://www.sec.gov/Archives/edgar/data/1604778/000160477816000193/0001604778-16-000193-index.htm",
        "finalLink": "https://www.sec.gov/Archives/edgar/data/1604778/000160477816000193/qorvo20160702-10q.htm"
    },
    {
        "date": "2016-03-31",
        "symbol": "QRVO",
        "reportedCurrency": "USD",
        "cik": "0001604778",
        "fillingDate": "2016-05-31",
        "acceptedDate": "2016-05-31 17:01:41",
        "calendarYear": "2016",
        "period": "Q4",
        "revenue": 608069000,
        "costOfRevenue": 353869000,
        "grossProfit": 254200000,
        "grossProfitRatio": 0.4180446627,
        "researchAndDevelopmentExpenses": 107268000,
        "generalAndAdministrativeExpenses": 24076000,
        "sellingAndMarketingExpenses": 103007000,
        "sellingGeneralAndAdministrativeExpenses": 127083000,
        "otherExpenses": -11198000,
        "operatingExpenses": 245723000,
        "costAndExpenses": 599592000,
        "interestIncome": 685000,
        "interestExpense": 14440000,
        "depreciationAndAmortization": 537622000,
        "ebitda": 549341000,
        "ebitdaratio": 0.9034188554,
        "operatingIncome": 8477000,
        "operatingIncomeRatio": 0.0139408521,
        "totalOtherIncomeExpensesNet": -11198000,
        "incomeBeforeTax": -2721000,
        "incomeBeforeTaxRatio": -0.0044748211,
        "incomeTaxExpense": 21481000,
        "netIncome": -24202000,
        "netIncomeRatio": -0.0398014041,
        "eps": -0.19,
        "epsdiluted": -0.18,
        "weightedAverageShsOut": 127386000,
        "weightedAverageShsOutDil": 132713000,
        "link": "https://www.sec.gov/Archives/edgar/data/1604778/000160477816000175/0001604778-16-000175-index.htm",
        "finalLink": "https://www.sec.gov/Archives/edgar/data/1604778/000160477816000175/qorvo2016040210-k.htm"
    },
    {
        "date": "2016-01-02",
        "symbol": "QRVO",
        "reportedCurrency": "USD",
        "cik": "0001604778",
        "fillingDate": "2016-02-10",
        "acceptedDate": "2016-02-10 15:57:24",
        "calendarYear": "2016",
        "period": "Q3",
        "revenue": 620681000,
        "costOfRevenue": 389693000,
        "grossProfit": 230988000,
        "grossProfitRatio": 0.3721525228,
        "researchAndDevelopmentExpenses": 105992000,
        "generalAndAdministrativeExpenses": 24404000,
        "sellingAndMarketingExpenses": 101890000,
        "sellingGeneralAndAdministrativeExpenses": 126294000,
        "otherExpenses": -7788000,
        "operatingExpenses": 244201000,
        "costAndExpenses": 633894000,
        "interestIncome": 519000,
        "interestExpense": 7668000,
        "depreciationAndAmortization": 48522000,
        "ebitda": 35189000,
        "ebitdaratio": 0.0566941795,
        "operatingIncome": -13213000,
        "operatingIncomeRatio": -0.021287908,
        "totalOtherIncomeExpensesNet": -7788000,
        "incomeBeforeTax": -21001000,
        "incomeBeforeTaxRatio": -0.0338354163,
        "incomeTaxExpense": -9874000,
        "netIncome": -11127000,
        "netIncomeRatio": -0.0179270833,
        "eps": -0.0812,
        "epsdiluted": -0.0799,
        "weightedAverageShsOut": 137051000,
        "weightedAverageShsOutDil": 139343000,
        "link": "https://www.sec.gov/Archives/edgar/data/1604778/000160477816000133/0001604778-16-000133-index.htm",
        "finalLink": "https://www.sec.gov/Archives/edgar/data/1604778/000160477816000133/qorvo20160102-10q.htm"
    },
    {
        "date": "2015-10-03",
        "symbol": "QRVO",
        "reportedCurrency": "USD",
        "cik": "0001604778",
        "fillingDate": "2015-11-12",
        "acceptedDate": "2015-11-12 09:00:57",
        "calendarYear": "2016",
        "period": "Q2",
        "revenue": 708335000,
        "costOfRevenue": 423487000,
        "grossProfit": 284848000,
        "grossProfitRatio": 0.4021374067,
        "researchAndDevelopmentExpenses": 118293000,
        "generalAndAdministrativeExpenses": 29069000,
        "sellingAndMarketingExpenses": 105925000,
        "sellingGeneralAndAdministrativeExpenses": 134994000,
        "otherExpenses": 193000,
        "operatingExpenses": 266809000,
        "costAndExpenses": 690296000,
        "interestIncome": 472000,
        "interestExpense": 660000,
        "depreciationAndAmortization": 46069000,
        "ebitda": 64961000,
        "ebitdaratio": 0.0917094313,
        "operatingIncome": 18039000,
        "operatingIncomeRatio": 0.0254667636,
        "totalOtherIncomeExpensesNet": 193000,
        "incomeBeforeTax": 18232000,
        "incomeBeforeTaxRatio": 0.0257392336,
        "incomeTaxExpense": 13784000,
        "netIncome": 4448000,
        "netIncomeRatio": 0.0062795146,
        "eps": 0.0316,
        "epsdiluted": 0.0295,
        "weightedAverageShsOut": 140976000,
        "weightedAverageShsOutDil": 150783000,
        "link": "https://www.sec.gov/Archives/edgar/data/1604778/000160477815000109/0001604778-15-000109-index.htm",
        "finalLink": "https://www.sec.gov/Archives/edgar/data/1604778/000160477815000109/qorvo20151003-10q.htm"
    },
    {
        "date": "2015-06-27",
        "symbol": "QRVO",
        "reportedCurrency": "USD",
        "cik": "0001604778",
        "fillingDate": "2015-08-05",
        "acceptedDate": "2015-08-05 16:45:45",
        "calendarYear": "2016",
        "period": "Q1",
        "revenue": 673641000,
        "costOfRevenue": 394124000,
        "grossProfit": 279517000,
        "grossProfitRatio": 0.414934661,
        "researchAndDevelopmentExpenses": 117210000,
        "generalAndAdministrativeExpenses": 36083000,
        "sellingAndMarketingExpenses": 109645000,
        "sellingGeneralAndAdministrativeExpenses": 145728000,
        "otherExpenses": 3963000,
        "operatingExpenses": 280852000,
        "costAndExpenses": 674976000,
        "interestIncome": 392000,
        "interestExpense": 548000,
        "depreciationAndAmortization": 42738000,
        "ebitda": 45914000,
        "ebitdaratio": 0.0681579654,
        "operatingIncome": -1335000,
        "operatingIncomeRatio": -0.0019817677,
        "totalOtherIncomeExpensesNet": 3963000,
        "incomeBeforeTax": 2628000,
        "incomeBeforeTaxRatio": 0.0039011877,
        "incomeTaxExpense": 592000,
        "netIncome": 2036000,
        "netIncomeRatio": 0.0030223814,
        "eps": 0.0136,
        "epsdiluted": 0.0132,
        "weightedAverageShsOut": 149431000,
        "weightedAverageShsOutDil": 154461000,
        "link": "https://www.sec.gov/Archives/edgar/data/1604778/000160477815000075/0001604778-15-000075-index.htm",
        "finalLink": "https://www.sec.gov/Archives/edgar/data/1604778/000160477815000075/qorvo2015627-10q.htm"
    },
    {
        "date": "2015-03-31",
        "symbol": "QRVO",
        "reportedCurrency": "USD",
        "cik": "0001604778",
        "fillingDate": "2015-05-27",
        "acceptedDate": "2015-05-27 16:15:32",
        "calendarYear": "2015",
        "period": "Q4",
        "revenue": 634892000,
        "costOfRevenue": 446006000,
        "grossProfit": 188886000,
        "grossProfitRatio": 0.2975088676,
        "researchAndDevelopmentExpenses": 115476000,
        "generalAndAdministrativeExpenses": 36384000,
        "sellingAndMarketingExpenses": 108649000,
        "sellingGeneralAndAdministrativeExpenses": 145033000,
        "otherExpenses": -948000,
        "operatingExpenses": 291431000,
        "costAndExpenses": 737437000,
        "interestIncome": 187000,
        "interestExpense": 555000,
        "depreciationAndAmortization": 179964000,
        "ebitda": 77026000,
        "ebitdaratio": 0.1213214216,
        "operatingIncome": -102545000,
        "operatingIncomeRatio": -0.1615156594,
        "totalOtherIncomeExpensesNet": -948000,
        "incomeBeforeTax": -103493000,
        "incomeBeforeTaxRatio": -0.1630088267,
        "incomeTaxExpense": -109975000,
        "netIncome": 6482000,
        "netIncomeRatio": 0.0102096105,
        "eps": 0.0435,
        "epsdiluted": 0.0431,
        "weightedAverageShsOut": 149059000,
        "weightedAverageShsOutDil": 150470000,
        "link": "https://www.sec.gov/Archives/edgar/data/1604778/000160477815000051/0001604778-15-000051-index.htm",
        "finalLink": "https://www.sec.gov/Archives/edgar/data/1604778/000160477815000051/qorvo20150328-10xk.htm"
    },
    {
        "date": "2014-12-27",
        "symbol": "QRVO",
        "reportedCurrency": "USD",
        "cik": "0001604778",
        "fillingDate": "2015-02-03",
        "acceptedDate": "2015-02-03 17:13:09",
        "calendarYear": "2015",
        "period": "Q3",
        "revenue": 397086000,
        "costOfRevenue": 206384000,
        "grossProfit": 190702000,
        "grossProfitRatio": 0.4802536478,
        "researchAndDevelopmentExpenses": 48865000,
        "generalAndAdministrativeExpenses": 12026000,
        "sellingAndMarketingExpenses": 17939000,
        "sellingGeneralAndAdministrativeExpenses": 29965000,
        "otherExpenses": -195000,
        "operatingExpenses": 87067000,
        "costAndExpenses": 293451000,
        "interestIncome": 188000,
        "interestExpense": 197000,
        "depreciationAndAmortization": -7000,
        "ebitda": 116578000,
        "ebitdaratio": 0.2935837577,
        "operatingIncome": 103635000,
        "operatingIncomeRatio": 0.2609888034,
        "totalOtherIncomeExpensesNet": -204000,
        "incomeBeforeTax": 103431000,
        "incomeBeforeTaxRatio": 0.2604750608,
        "incomeTaxExpense": 15568000,
        "netIncome": 87863000,
        "netIncomeRatio": 0.2212694479,
        "eps": 0.59,
        "epsdiluted": 0.59,
        "weightedAverageShsOut": 148468717,
        "weightedAverageShsOutDil": 148468717,
        "link": "https://www.sec.gov/Archives/edgar/data/1604778/000160477815000011/0001604778-15-000011-index.htm",
        "finalLink": "https://www.sec.gov/Archives/edgar/data/1604778/000160477815000011/qorvo20141227-10q.htm"
    },
    {
        "date": "2014-09-27",
        "symbol": "QRVO",
        "reportedCurrency": "USD",
        "cik": "0001604778",
        "fillingDate": "2014-11-05",
        "acceptedDate": "2014-11-05 12:36:22",
        "calendarYear": "2015",
        "period": "Q2",
        "revenue": 362667000,
        "costOfRevenue": 195216000,
        "grossProfit": 167451000,
        "grossProfitRatio": 0.461721083,
        "researchAndDevelopmentExpenses": 48567000,
        "generalAndAdministrativeExpenses": 17754000,
        "sellingAndMarketingExpenses": 19179000,
        "sellingGeneralAndAdministrativeExpenses": 36933000,
        "otherExpenses": 0,
        "operatingExpenses": 92058000,
        "costAndExpenses": 287274000,
        "interestIncome": 0,
        "interestExpense": 0,
        "depreciationAndAmortization": 19036000,
        "ebitda": 87668000,
        "ebitdaratio": 0.2417313955,
        "operatingIncome": 82656000,
        "operatingIncomeRatio": 0.2279115552,
        "totalOtherIncomeExpensesNet": -7418000,
        "incomeBeforeTax": 75238000,
        "incomeBeforeTaxRatio": 0.2074575299,
        "incomeTaxExpense": 11927000,
        "netIncome": 63311000,
        "netIncomeRatio": 0.1745706116,
        "eps": 0.43,
        "epsdiluted": 0.43,
        "weightedAverageShsOut": 148468717,
        "weightedAverageShsOutDil": 148468717,
        "link": "https://www.sec.gov/Archives/edgar/data/1604778/000160477814000014/0001604778-14-000014-index.htm",
        "finalLink": "https://www.sec.gov/Archives/edgar/data/1604778/000160477814000014/qorvo2014927-10q.htm"
    },
    {
        "date": "2014-06-28",
        "symbol": "QRVO",
        "reportedCurrency": "USD",
        "cik": "0001604778",
        "fillingDate": "2014-09-12",
        "acceptedDate": "2014-09-12 16:30:50",
        "calendarYear": "2015",
        "period": "Q1",
        "revenue": 316321000,
        "costOfRevenue": 174052000,
        "grossProfit": 142269000,
        "grossProfitRatio": 0.4497614765,
        "researchAndDevelopmentExpenses": 44586000,
        "generalAndAdministrativeExpenses": 19065000,
        "sellingAndMarketingExpenses": 18890000,
        "sellingGeneralAndAdministrativeExpenses": 37955000,
        "otherExpenses": 0,
        "operatingExpenses": 95765000,
        "costAndExpenses": 269817000,
        "interestIncome": 0,
        "interestExpense": 0,
        "depreciationAndAmortization": 18805000,
        "ebitda": 58378000,
        "ebitdaratio": 0.1845530332,
        "operatingIncome": 54573000,
        "operatingIncomeRatio": 0.1725241132,
        "totalOtherIncomeExpensesNet": -8508000,
        "incomeBeforeTax": 46065000,
        "incomeBeforeTaxRatio": 0.1456273848,
        "incomeTaxExpense": 7418000,
        "netIncome": 38647000,
        "netIncomeRatio": 0.1221765232,
        "eps": 0.26,
        "epsdiluted": 0.26,
        "weightedAverageShsOut": 148468717,
        "weightedAverageShsOutDil": 148468717,
        "link": "https://www.sec.gov/Archives/edgar/data/1604778/000119312514340400/0001193125-14-340400-index.htm",
        "finalLink": "https://www.sec.gov/Archives/edgar/data/1604778/000119312514340400/d783115d10q.htm"
    },
    {
        "date": "2014-03-31",
        "symbol": "QRVO",
        "reportedCurrency": "USD",
        "cik": "0001604778",
        "fillingDate": "2014-03-31",
        "acceptedDate": "2014-03-31 00:00:00",
        "calendarYear": "2014",
        "period": "Q4",
        "revenue": 255999000,
        "costOfRevenue": 156720000,
        "grossProfit": 99279000,
        "grossProfitRatio": 0.3878101086,
        "researchAndDevelopmentExpenses": 49362000,
        "generalAndAdministrativeExpenses": 15412000,
        "sellingAndMarketingExpenses": 18291000,
        "sellingGeneralAndAdministrativeExpenses": 33703000,
        "otherExpenses": 1138000,
        "operatingExpenses": 100021000,
        "costAndExpenses": 256741000,
        "interestIncome": 51000,
        "interestExpense": 1602000,
        "depreciationAndAmortization": 40312000,
        "ebitda": 40759000,
        "ebitdaratio": 0.1592154657,
        "operatingIncome": -742000,
        "operatingIncomeRatio": -0.0028984488,
        "totalOtherIncomeExpensesNet": -413000,
        "incomeBeforeTax": -1155000,
        "incomeBeforeTaxRatio": -0.0045117364,
        "incomeTaxExpense": -109000,
        "netIncome": -1046000,
        "netIncomeRatio": -0.0040859535,
        "eps": -0.007,
        "epsdiluted": -0.007,
        "weightedAverageShsOut": 148468717,
        "weightedAverageShsOutDil": 148468717,
        "link": null,
        "finalLink": null
    },
    {
        "date": "2013-12-31",
        "symbol": "QRVO",
        "reportedCurrency": "USD",
        "cik": "0001604778",
        "fillingDate": "2013-12-31",
        "acceptedDate": "2013-12-31 00:00:00",
        "calendarYear": "2014",
        "period": "Q3",
        "revenue": 288520000,
        "costOfRevenue": 180997000,
        "grossProfit": 107523000,
        "grossProfitRatio": 0.372670872,
        "researchAndDevelopmentExpenses": 50378000,
        "generalAndAdministrativeExpenses": 17766000,
        "sellingAndMarketingExpenses": 18054000,
        "sellingGeneralAndAdministrativeExpenses": 35820000,
        "otherExpenses": 427000,
        "operatingExpenses": 92131000,
        "costAndExpenses": 273128000,
        "interestIncome": 46000,
        "interestExpense": 1469000,
        "depreciationAndAmortization": 473000,
        "ebitda": 15865000,
        "ebitdaratio": 0.0549875225,
        "operatingIncome": 15392000,
        "operatingIncomeRatio": 0.0533481214,
        "totalOtherIncomeExpensesNet": -996000,
        "incomeBeforeTax": 14396000,
        "incomeBeforeTaxRatio": 0.0498960211,
        "incomeTaxExpense": 8161000,
        "netIncome": 6235000,
        "netIncomeRatio": 0.021610287,
        "eps": 0.042,
        "epsdiluted": 0.042,
        "weightedAverageShsOut": 148468717,
        "weightedAverageShsOutDil": 148468717,
        "link": null,
        "finalLink": null
    },
    {
        "date": "2013-09-28",
        "symbol": "QRVO",
        "reportedCurrency": "USD",
        "cik": "0001604778",
        "fillingDate": "2013-09-28",
        "acceptedDate": "2013-09-27 20:00:00",
        "calendarYear": "2014",
        "period": "Q2",
        "revenue": 310716000,
        "costOfRevenue": 206060000,
        "grossProfit": 104656000,
        "grossProfitRatio": 0.3368220497,
        "researchAndDevelopmentExpenses": 49204000,
        "generalAndAdministrativeExpenses": 24062000,
        "sellingAndMarketingExpenses": 18918000,
        "sellingGeneralAndAdministrativeExpenses": 42980000,
        "otherExpenses": 0,
        "operatingExpenses": 94837000,
        "costAndExpenses": 300897000,
        "interestIncome": 1362000,
        "interestExpense": 0,
        "depreciationAndAmortization": 18044000,
        "ebitda": 30000000,
        "ebitdaratio": 0.0965511914,
        "operatingIncome": 11956000,
        "operatingIncomeRatio": 0.0384788682,
        "totalOtherIncomeExpensesNet": -3499000,
        "incomeBeforeTax": 8457000,
        "incomeBeforeTaxRatio": 0.0272177809,
        "incomeTaxExpense": 2565000,
        "netIncome": 5892000,
        "netIncomeRatio": 0.018962654,
        "eps": 0.08,
        "epsdiluted": 0.0819,
        "weightedAverageShsOut": 73650000,
        "weightedAverageShsOutDil": 71907250,
        "link": null,
        "finalLink": null
    },
    {
        "date": "2013-06-29",
        "symbol": "QRVO",
        "reportedCurrency": "USD",
        "cik": "0001604778",
        "fillingDate": "2013-06-29",
        "acceptedDate": "2013-06-28 20:00:00",
        "calendarYear": "2014",
        "period": "Q1",
        "revenue": 292996000,
        "costOfRevenue": 199527000,
        "grossProfit": 93469000,
        "grossProfitRatio": 0.319011181,
        "researchAndDevelopmentExpenses": 48325000,
        "generalAndAdministrativeExpenses": 19492000,
        "sellingAndMarketingExpenses": 19409000,
        "sellingGeneralAndAdministrativeExpenses": 38901000,
        "otherExpenses": 0,
        "operatingExpenses": 89826000,
        "costAndExpenses": 289353000,
        "interestIncome": 1468000,
        "interestExpense": 0,
        "depreciationAndAmortization": 18820000,
        "ebitda": 22055000,
        "ebitdaratio": 0.0752740652,
        "operatingIncome": 3235000,
        "operatingIncomeRatio": 0.0110411064,
        "totalOtherIncomeExpensesNet": -1060000,
        "incomeBeforeTax": 2175000,
        "incomeBeforeTaxRatio": 0.0074233095,
        "incomeTaxExpense": 614000,
        "netIncome": 1561000,
        "netIncomeRatio": 0.0053277178,
        "eps": 0.0222,
        "epsdiluted": 0.0217,
        "weightedAverageShsOut": 70198318,
        "weightedAverageShsOutDil": 71776250,
        "link": null,
        "finalLink": null
    },
    {
        "date": "2013-03-31",
        "symbol": "QRVO",
        "reportedCurrency": "USD",
        "cik": "0001604778",
        "fillingDate": "2013-03-31",
        "acceptedDate": "2013-03-30 20:00:00",
        "calendarYear": "2013",
        "period": "Q4",
        "revenue": 280603000,
        "costOfRevenue": 186729000,
        "grossProfit": 93874000,
        "grossProfitRatio": 0.3345438217,
        "researchAndDevelopmentExpenses": 48740000,
        "generalAndAdministrativeExpenses": 15244000,
        "sellingAndMarketingExpenses": 18652000,
        "sellingGeneralAndAdministrativeExpenses": 33896000,
        "otherExpenses": 0,
        "operatingExpenses": 93419000,
        "costAndExpenses": 280148000,
        "interestIncome": 1392000,
        "interestExpense": 0,
        "depreciationAndAmortization": 19030000,
        "ebitda": 30409000,
        "ebitdaratio": 0.1083701885,
        "operatingIncome": 11379000,
        "operatingIncomeRatio": 0.0405519542,
        "totalOtherIncomeExpensesNet": -12316000,
        "incomeBeforeTax": -937000,
        "incomeBeforeTaxRatio": -0.0033392373,
        "incomeTaxExpense": 15024000,
        "netIncome": -15961000,
        "netIncomeRatio": -0.056881074,
        "eps": -0.24,
        "epsdiluted": -0.23,
        "weightedAverageShsOut": 66209808,
        "weightedAverageShsOutDil": 69903000,
        "link": null,
        "finalLink": null
    },
    {
        "date": "2012-12-29",
        "symbol": "QRVO",
        "reportedCurrency": "USD",
        "cik": "0001604778",
        "fillingDate": "2012-12-29",
        "acceptedDate": "2012-12-28 19:00:00",
        "calendarYear": "2013",
        "period": "Q3",
        "revenue": 271213000,
        "costOfRevenue": 184403000,
        "grossProfit": 86810000,
        "grossProfitRatio": 0.3200805271,
        "researchAndDevelopmentExpenses": 46509000,
        "generalAndAdministrativeExpenses": 14573000,
        "sellingAndMarketingExpenses": 16906000,
        "sellingGeneralAndAdministrativeExpenses": 31479000,
        "otherExpenses": 0,
        "operatingExpenses": 80987000,
        "costAndExpenses": 265390000,
        "interestIncome": 1316000,
        "interestExpense": 0,
        "depreciationAndAmortization": 18060000,
        "ebitda": 24913000,
        "ebitdaratio": 0.0918576912,
        "operatingIncome": 6853000,
        "operatingIncomeRatio": 0.0252679628,
        "totalOtherIncomeExpensesNet": -2346000,
        "incomeBeforeTax": 4507000,
        "incomeBeforeTaxRatio": 0.016617935,
        "incomeTaxExpense": 5950000,
        "netIncome": -1443000,
        "netIncomeRatio": -0.0053205414,
        "eps": -0.04,
        "epsdiluted": -0.0206,
        "weightedAverageShsOut": 36075000,
        "weightedAverageShsOutDil": 69880750,
        "link": null,
        "finalLink": null
    },
    {
        "date": "2012-09-29",
        "symbol": "QRVO",
        "reportedCurrency": "USD",
        "cik": "0001604778",
        "fillingDate": "2012-09-29",
        "acceptedDate": "2012-09-28 20:00:00",
        "calendarYear": "2013",
        "period": "Q2",
        "revenue": 209671000,
        "costOfRevenue": 143136000,
        "grossProfit": 66535000,
        "grossProfitRatio": 0.3173304844,
        "researchAndDevelopmentExpenses": 41968000,
        "generalAndAdministrativeExpenses": 18593000,
        "sellingAndMarketingExpenses": 16238000,
        "sellingGeneralAndAdministrativeExpenses": 34831000,
        "otherExpenses": 0,
        "operatingExpenses": 78102000,
        "costAndExpenses": 65034000,
        "interestIncome": 0,
        "interestExpense": 1580000,
        "depreciationAndAmortization": 15227000,
        "ebitda": 5077000,
        "ebitdaratio": 0.0242141259,
        "operatingIncome": -10150000,
        "operatingIncomeRatio": -0.0484091744,
        "totalOtherIncomeExpensesNet": -2997000,
        "incomeBeforeTax": -13147000,
        "incomeBeforeTaxRatio": -0.0627029966,
        "incomeTaxExpense": 3309000,
        "netIncome": -16456000,
        "netIncomeRatio": -0.0784848644,
        "eps": -0.24,
        "epsdiluted": -0.24,
        "weightedAverageShsOut": 68566666,
        "weightedAverageShsOutDil": 69526250,
        "link": null,
        "finalLink": null
    }
]