[
    {
        "date": "2023-09-02",
        "symbol": "RAD",
        "reportedCurrency": "USD",
        "cik": "0000084129",
        "fillingDate": "2023-10-18",
        "acceptedDate": "2023-10-17 20:09:02",
        "calendarYear": "2024",
        "period": "Q2",
        "revenue": 5646081000,
        "costOfRevenue": 4550485000,
        "grossProfit": 1095596000,
        "grossProfitRatio": 0.1940453918,
        "researchAndDevelopmentExpenses": 0,
        "generalAndAdministrativeExpenses": 0,
        "sellingAndMarketingExpenses": 0,
        "sellingGeneralAndAdministrativeExpenses": 1458466000,
        "otherExpenses": 0,
        "operatingExpenses": 1458466000,
        "costAndExpenses": 6008951000,
        "interestIncome": 0,
        "interestExpense": 72658000,
        "depreciationAndAmortization": 69029000,
        "ebitda": -293841000,
        "ebitdaratio": -0.0520433554,
        "operatingIncome": -362870000,
        "operatingIncomeRatio": -0.0642693578,
        "totalOtherIncomeExpensesNet": -654822000,
        "incomeBeforeTax": -1017692000,
        "incomeBeforeTaxRatio": -0.1802475026,
        "incomeTaxExpense": 2338000,
        "netIncome": -1020030000,
        "netIncomeRatio": -0.1806615952,
        "eps": -18.44,
        "epsdiluted": -18.44,
        "weightedAverageShsOut": 55306000,
        "weightedAverageShsOutDil": 55306000,
        "link": "https://www.sec.gov/Archives/edgar/data/84129/000155837023016503/0001558370-23-016503-index.htm",
        "finalLink": "https://www.sec.gov/Archives/edgar/data/84129/000155837023016503/rad-20230902x10q.htm"
    },
    {
        "date": "2023-06-03",
        "symbol": "RAD",
        "reportedCurrency": "USD",
        "cik": "0000084129",
        "fillingDate": "2023-07-11",
        "acceptedDate": "2023-07-11 13:12:57",
        "calendarYear": "2024",
        "period": "Q1",
        "revenue": 5653162000,
        "costOfRevenue": 4474636000,
        "grossProfit": 1178526000,
        "grossProfitRatio": 0.208472002,
        "researchAndDevelopmentExpenses": 0,
        "generalAndAdministrativeExpenses": 0,
        "sellingAndMarketingExpenses": 0,
        "sellingGeneralAndAdministrativeExpenses": 1255223000,
        "otherExpenses": 0,
        "operatingExpenses": 1255223000,
        "costAndExpenses": 5729859000,
        "interestIncome": 0,
        "interestExpense": 65220000,
        "depreciationAndAmortization": 65895000,
        "ebitda": -76697000,
        "ebitdaratio": -0.0135670975,
        "operatingIncome": -76697000,
        "operatingIncomeRatio": -0.0135670975,
        "totalOtherIncomeExpensesNet": -228528000,
        "incomeBeforeTax": -305225000,
        "incomeBeforeTaxRatio": -0.0539919075,
        "incomeTaxExpense": 1493000,
        "netIncome": -306718000,
        "netIncomeRatio": -0.0542560075,
        "eps": -5.56,
        "epsdiluted": -5.56,
        "weightedAverageShsOut": 55179000,
        "weightedAverageShsOutDil": 55179000,
        "link": "https://www.sec.gov/Archives/edgar/data/84129/000155837023011791/0001558370-23-011791-index.htm",
        "finalLink": "https://www.sec.gov/Archives/edgar/data/84129/000155837023011791/rad-20230603x10q.htm"
    },
    {
        "date": "2023-03-04",
        "symbol": "RAD",
        "reportedCurrency": "USD",
        "cik": "0000084129",
        "fillingDate": "2023-05-01",
        "acceptedDate": "2023-05-01 16:16:40",
        "calendarYear": "2023",
        "period": "Q4",
        "revenue": 6092902000,
        "costOfRevenue": 4843938000,
        "grossProfit": 1248964000,
        "grossProfitRatio": 0.2049867206,
        "researchAndDevelopmentExpenses": 0,
        "generalAndAdministrativeExpenses": 0,
        "sellingAndMarketingExpenses": 0,
        "sellingGeneralAndAdministrativeExpenses": 1296059000,
        "otherExpenses": 0,
        "operatingExpenses": 1296059000,
        "costAndExpenses": 6139997000,
        "interestIncome": 0,
        "interestExpense": 66331000,
        "depreciationAndAmortization": 68450000,
        "ebitda": 21355000,
        "ebitdaratio": 0.003504898,
        "operatingIncome": -47095000,
        "operatingIncomeRatio": -0.0077294859,
        "totalOtherIncomeExpensesNet": -215637000,
        "incomeBeforeTax": -262732000,
        "incomeBeforeTaxRatio": -0.0431209955,
        "incomeTaxExpense": -21421000,
        "netIncome": -241311000,
        "netIncomeRatio": -0.0396052653,
        "eps": -4.39,
        "epsdiluted": -4.39,
        "weightedAverageShsOut": 54993000,
        "weightedAverageShsOutDil": 54993000,
        "link": "https://www.sec.gov/Archives/edgar/data/84129/000155837023007488/0001558370-23-007488-index.htm",
        "finalLink": "https://www.sec.gov/Archives/edgar/data/84129/000155837023007488/rad-20230304x10k.htm"
    },
    {
        "date": "2022-11-26",
        "symbol": "RAD",
        "reportedCurrency": "USD",
        "cik": "0000084129",
        "fillingDate": "2023-01-04",
        "acceptedDate": "2023-01-04 11:46:53",
        "calendarYear": "2023",
        "period": "Q3",
        "revenue": 6083346000,
        "costOfRevenue": 4879594000,
        "grossProfit": 1203752000,
        "grossProfitRatio": 0.1978766291,
        "researchAndDevelopmentExpenses": 0,
        "generalAndAdministrativeExpenses": 0,
        "sellingAndMarketingExpenses": 0,
        "sellingGeneralAndAdministrativeExpenses": 1194546000,
        "otherExpenses": 0,
        "operatingExpenses": 1194546000,
        "costAndExpenses": 6074140000,
        "interestIncome": 0,
        "interestExpense": 57416000,
        "depreciationAndAmortization": 69496000,
        "ebitda": 78702000,
        "ebitdaratio": 0.0129372881,
        "operatingIncome": 9206000,
        "operatingIncomeRatio": 0.0015133119,
        "totalOtherIncomeExpensesNet": -76860000,
        "incomeBeforeTax": -67654000,
        "incomeBeforeTaxRatio": -0.0111211823,
        "incomeTaxExpense": -510000,
        "netIncome": -67144000,
        "netIncomeRatio": -0.0110373469,
        "eps": -1.23,
        "epsdiluted": -1.23,
        "weightedAverageShsOut": 54792000,
        "weightedAverageShsOutDil": 54792000,
        "link": "https://www.sec.gov/Archives/edgar/data/84129/000155837023000026/0001558370-23-000026-index.htm",
        "finalLink": "https://www.sec.gov/Archives/edgar/data/84129/000155837023000026/rad-20221126x10q.htm"
    },
    {
        "date": "2022-08-27",
        "symbol": "RAD",
        "reportedCurrency": "USD",
        "cik": "0000084129",
        "fillingDate": "2022-10-05",
        "acceptedDate": "2022-10-05 13:22:38",
        "calendarYear": "2023",
        "period": "Q2",
        "revenue": 5901069000,
        "costOfRevenue": 4746574000,
        "grossProfit": 1154495000,
        "grossProfitRatio": 0.195641671,
        "researchAndDevelopmentExpenses": 0,
        "generalAndAdministrativeExpenses": 0,
        "sellingAndMarketingExpenses": 0,
        "sellingGeneralAndAdministrativeExpenses": 1193553000,
        "otherExpenses": 0,
        "operatingExpenses": 1193553000,
        "costAndExpenses": 5940127000,
        "interestIncome": 0,
        "interestExpense": 52533000,
        "depreciationAndAmortization": 68564000,
        "ebitda": -39058000,
        "ebitdaratio": -0.0066188008,
        "operatingIncome": -39058000,
        "operatingIncomeRatio": -0.0066188008,
        "totalOtherIncomeExpensesNet": -280265000,
        "incomeBeforeTax": -319323000,
        "incomeBeforeTaxRatio": -0.0541127379,
        "incomeTaxExpense": 11967000,
        "netIncome": -331290000,
        "netIncomeRatio": -0.0561406755,
        "eps": -6.07,
        "epsdiluted": -6.07,
        "weightedAverageShsOut": 54548000,
        "weightedAverageShsOutDil": 54548000,
        "link": "https://www.sec.gov/Archives/edgar/data/84129/000155837022014850/0001558370-22-014850-index.htm",
        "finalLink": "https://www.sec.gov/Archives/edgar/data/84129/000155837022014850/rad-20220827x10q.htm"
    },
    {
        "date": "2022-05-28",
        "symbol": "RAD",
        "reportedCurrency": "USD",
        "cik": "0000084129",
        "fillingDate": "2022-07-06",
        "acceptedDate": "2022-07-06 11:47:58",
        "calendarYear": "2023",
        "period": "Q1",
        "revenue": 6014583000,
        "costOfRevenue": 4817854000,
        "grossProfit": 1196729000,
        "grossProfitRatio": 0.1989712337,
        "researchAndDevelopmentExpenses": 0,
        "generalAndAdministrativeExpenses": 0,
        "sellingAndMarketingExpenses": 0,
        "sellingGeneralAndAdministrativeExpenses": 1217929000,
        "otherExpenses": 0,
        "operatingExpenses": 1217929000,
        "costAndExpenses": 6035783000,
        "interestIncome": 0,
        "interestExpense": 48119000,
        "depreciationAndAmortization": 70073000,
        "ebitda": 48873000,
        "ebitdaratio": 0.0081257504,
        "operatingIncome": -21200000,
        "operatingIncomeRatio": -0.0035247664,
        "totalOtherIncomeExpensesNet": -85494000,
        "incomeBeforeTax": -106694000,
        "incomeBeforeTaxRatio": -0.0177392182,
        "incomeTaxExpense": 3497000,
        "netIncome": -110191000,
        "netIncomeRatio": -0.0183206384,
        "eps": -2.03,
        "epsdiluted": -2.03,
        "weightedAverageShsOut": 54348000,
        "weightedAverageShsOutDil": 54348000,
        "link": "https://www.sec.gov/Archives/edgar/data/84129/000155837022010556/0001558370-22-010556-index.htm",
        "finalLink": "https://www.sec.gov/Archives/edgar/data/84129/000155837022010556/rad-20220528x10q.htm"
    },
    {
        "date": "2022-02-26",
        "symbol": "RAD",
        "reportedCurrency": "USD",
        "cik": "0000084129",
        "fillingDate": "2022-04-25",
        "acceptedDate": "2022-04-25 15:32:42",
        "calendarYear": "2022",
        "period": "Q4",
        "revenue": 6065390000,
        "costOfRevenue": 4824077000,
        "grossProfit": 1241313000,
        "grossProfitRatio": 0.2046551005,
        "researchAndDevelopmentExpenses": 0,
        "generalAndAdministrativeExpenses": 0,
        "sellingAndMarketingExpenses": 0,
        "sellingGeneralAndAdministrativeExpenses": 1243841000,
        "otherExpenses": 0,
        "operatingExpenses": 1243841000,
        "costAndExpenses": 6067918000,
        "interestIncome": 0,
        "interestExpense": 46094000,
        "depreciationAndAmortization": 72995000,
        "ebitda": 70467000,
        "ebitdaratio": 0.0116178844,
        "operatingIncome": -2528000,
        "operatingIncomeRatio": -0.000416791,
        "totalOtherIncomeExpensesNet": -393229000,
        "incomeBeforeTax": -395757000,
        "incomeBeforeTaxRatio": -0.0652484012,
        "incomeTaxExpense": -6695000,
        "netIncome": -389062000,
        "netIncomeRatio": -0.0641445975,
        "eps": -7.18,
        "epsdiluted": -7.18,
        "weightedAverageShsOut": 54208000,
        "weightedAverageShsOutDil": 54208000,
        "link": "https://www.sec.gov/Archives/edgar/data/84129/000155837022005866/0001558370-22-005866-index.htm",
        "finalLink": "https://www.sec.gov/Archives/edgar/data/84129/000155837022005866/rad-20220226x10k.htm"
    },
    {
        "date": "2021-11-27",
        "symbol": "RAD",
        "reportedCurrency": "USD",
        "cik": "0000084129",
        "fillingDate": "2022-01-05",
        "acceptedDate": "2022-01-05 13:21:16",
        "calendarYear": "2022",
        "period": "Q3",
        "revenue": 6228880000,
        "costOfRevenue": 4894497000,
        "grossProfit": 1334383000,
        "grossProfitRatio": 0.2142251898,
        "researchAndDevelopmentExpenses": 0,
        "generalAndAdministrativeExpenses": 0,
        "sellingAndMarketingExpenses": 0,
        "sellingGeneralAndAdministrativeExpenses": 1276920000,
        "otherExpenses": 0,
        "operatingExpenses": 1276920000,
        "costAndExpenses": 6171417000,
        "interestIncome": 0,
        "interestExpense": 47794000,
        "depreciationAndAmortization": 72973000,
        "ebitda": 130436000,
        "ebitdaratio": 0.0209405222,
        "operatingIncome": 57463000,
        "operatingIncomeRatio": 0.009225254,
        "totalOtherIncomeExpensesNet": -94696000,
        "incomeBeforeTax": -37233000,
        "incomeBeforeTaxRatio": -0.0059774791,
        "incomeTaxExpense": -1175000,
        "netIncome": -36058000,
        "netIncomeRatio": -0.0057888417,
        "eps": -0.67,
        "epsdiluted": -0.67,
        "weightedAverageShsOut": 54168000,
        "weightedAverageShsOutDil": 54168000,
        "link": "https://www.sec.gov/Archives/edgar/data/84129/000155837022000062/0001558370-22-000062-index.htm",
        "finalLink": "https://www.sec.gov/Archives/edgar/data/84129/000155837022000062/rad-20211127x10q.htm"
    },
    {
        "date": "2021-08-28",
        "symbol": "RAD",
        "reportedCurrency": "USD",
        "cik": "0000084129",
        "fillingDate": "2021-10-05",
        "acceptedDate": "2021-10-05 13:14:33",
        "calendarYear": "2022",
        "period": "Q2",
        "revenue": 6113000000,
        "costOfRevenue": 4867076000,
        "grossProfit": 1245924000,
        "grossProfitRatio": 0.2038154752,
        "researchAndDevelopmentExpenses": 0,
        "generalAndAdministrativeExpenses": 0,
        "sellingAndMarketingExpenses": 0,
        "sellingGeneralAndAdministrativeExpenses": 1267753000,
        "otherExpenses": 0,
        "operatingExpenses": 1267753000,
        "costAndExpenses": 6134829000,
        "interestIncome": 0,
        "interestExpense": 48592000,
        "depreciationAndAmortization": 73859000,
        "ebitda": 52030000,
        "ebitdaratio": 0.0085113692,
        "operatingIncome": -21829000,
        "operatingIncomeRatio": -0.0035709144,
        "totalOtherIncomeExpensesNet": -75162000,
        "incomeBeforeTax": -96991000,
        "incomeBeforeTaxRatio": -0.0158663504,
        "incomeTaxExpense": 3310000,
        "netIncome": -100301000,
        "netIncomeRatio": -0.0164078194,
        "eps": -1.86,
        "epsdiluted": -1.86,
        "weightedAverageShsOut": 53989000,
        "weightedAverageShsOutDil": 53989000,
        "link": "https://www.sec.gov/Archives/edgar/data/84129/000155837021012998/0001558370-21-012998-index.htm",
        "finalLink": "https://www.sec.gov/Archives/edgar/data/84129/000155837021012998/rad-20210828x10q.htm"
    },
    {
        "date": "2021-05-29",
        "symbol": "RAD",
        "reportedCurrency": "USD",
        "cik": "0000084129",
        "fillingDate": "2021-07-06",
        "acceptedDate": "2021-07-06 08:32:05",
        "calendarYear": "2022",
        "period": "Q1",
        "revenue": 6160985000,
        "costOfRevenue": 4876110000,
        "grossProfit": 1284875000,
        "grossProfitRatio": 0.2085502562,
        "researchAndDevelopmentExpenses": 0,
        "generalAndAdministrativeExpenses": 0,
        "sellingAndMarketingExpenses": 0,
        "sellingGeneralAndAdministrativeExpenses": 1245362000,
        "otherExpenses": 0,
        "operatingExpenses": 1245362000,
        "costAndExpenses": 6121472000,
        "interestIncome": 0,
        "interestExpense": 49121000,
        "depreciationAndAmortization": 75859000,
        "ebitda": 115372000,
        "ebitdaratio": 0.0187262264,
        "operatingIncome": 39513000,
        "operatingIncomeRatio": 0.0064134225,
        "totalOtherIncomeExpensesNet": 780000,
        "incomeBeforeTax": -12277000,
        "incomeBeforeTaxRatio": -0.0019927008,
        "incomeTaxExpense": 780000,
        "netIncome": -13057000,
        "netIncomeRatio": -0.002119304,
        "eps": -0.24,
        "epsdiluted": -0.24,
        "weightedAverageShsOut": 53852000,
        "weightedAverageShsOutDil": 53852000,
        "link": "https://www.sec.gov/Archives/edgar/data/84129/000155837021008767/0001558370-21-008767-index.htm",
        "finalLink": "https://www.sec.gov/Archives/edgar/data/84129/000155837021008767/rad-20210529x10q.htm"
    },
    {
        "date": "2021-02-27",
        "symbol": "RAD",
        "reportedCurrency": "USD",
        "cik": "0000084129",
        "fillingDate": "2021-04-27",
        "acceptedDate": "2021-04-27 14:18:01",
        "calendarYear": "2021",
        "period": "Q4",
        "revenue": 5916856000,
        "costOfRevenue": 4774297000,
        "grossProfit": 1142559000,
        "grossProfitRatio": 0.1931023841,
        "researchAndDevelopmentExpenses": 0,
        "generalAndAdministrativeExpenses": 0,
        "sellingAndMarketingExpenses": 0,
        "sellingGeneralAndAdministrativeExpenses": 1187541000,
        "otherExpenses": 0,
        "operatingExpenses": 1187541000,
        "costAndExpenses": 5961838000,
        "interestIncome": 0,
        "interestExpense": 49999000,
        "depreciationAndAmortization": 77568000,
        "ebitda": 32586000,
        "ebitdaratio": 0.0055073167,
        "operatingIncome": -44982000,
        "operatingIncomeRatio": -0.0076023483,
        "totalOtherIncomeExpensesNet": 13864000,
        "incomeBeforeTax": -31118000,
        "incomeBeforeTaxRatio": -0.005259212,
        "incomeTaxExpense": -12623000,
        "netIncome": -18495000,
        "netIncomeRatio": -0.0031258155,
        "eps": -0.34,
        "epsdiluted": -0.34,
        "weightedAverageShsOut": 53812000,
        "weightedAverageShsOutDil": 53812000,
        "link": "https://www.sec.gov/Archives/edgar/data/84129/000155837021004887/0001558370-21-004887-index.htm",
        "finalLink": "https://www.sec.gov/Archives/edgar/data/84129/000155837021004887/rad-20210227x10k.htm"
    },
    {
        "date": "2020-11-28",
        "symbol": "RAD",
        "reportedCurrency": "USD",
        "cik": "0000084129",
        "fillingDate": "2021-01-06",
        "acceptedDate": "2021-01-06 13:21:11",
        "calendarYear": "2021",
        "period": "Q3",
        "revenue": 6117038000,
        "costOfRevenue": 4913939000,
        "grossProfit": 1203099000,
        "grossProfitRatio": 0.1966799945,
        "researchAndDevelopmentExpenses": 0,
        "generalAndAdministrativeExpenses": 0,
        "sellingAndMarketingExpenses": 0,
        "sellingGeneralAndAdministrativeExpenses": 1156355000,
        "otherExpenses": 0,
        "operatingExpenses": 1156355000,
        "costAndExpenses": 6070294000,
        "interestIncome": 0,
        "interestExpense": 50835000,
        "depreciationAndAmortization": 83336000,
        "ebitda": 130080000,
        "ebitdaratio": 0.021265194,
        "operatingIncome": 46744000,
        "operatingIncomeRatio": 0.0076416069,
        "totalOtherIncomeExpensesNet": -41983000,
        "incomeBeforeTax": 4761000,
        "incomeBeforeTaxRatio": 0.0007783179,
        "incomeTaxExpense": 437000,
        "netIncome": 4324000,
        "netIncomeRatio": 0.0007068781,
        "eps": 0.08,
        "epsdiluted": 0.08,
        "weightedAverageShsOut": 53744000,
        "weightedAverageShsOutDil": 54079000,
        "link": "https://www.sec.gov/Archives/edgar/data/84129/000155837021000043/0001558370-21-000043-index.htm",
        "finalLink": "https://www.sec.gov/Archives/edgar/data/84129/000155837021000043/rad-20201128x10q.htm"
    },
    {
        "date": "2020-08-29",
        "symbol": "RAD",
        "reportedCurrency": "USD",
        "cik": "0000084129",
        "fillingDate": "2020-10-06",
        "acceptedDate": "2020-10-06 12:22:31",
        "calendarYear": "2021",
        "period": "Q2",
        "revenue": 5981970000,
        "costOfRevenue": 4821625000,
        "grossProfit": 1160345000,
        "grossProfitRatio": 0.1939737244,
        "researchAndDevelopmentExpenses": 0,
        "generalAndAdministrativeExpenses": 0,
        "sellingAndMarketingExpenses": 0,
        "sellingGeneralAndAdministrativeExpenses": 1116142000,
        "otherExpenses": 0,
        "operatingExpenses": 1116142000,
        "costAndExpenses": 5937767000,
        "interestIncome": 0,
        "interestExpense": 50007000,
        "depreciationAndAmortization": 87117000,
        "ebitda": 131320000,
        "ebitdaratio": 0.0219526343,
        "operatingIncome": 44203000,
        "operatingIncomeRatio": 0.0073893717,
        "totalOtherIncomeExpensesNet": 47000,
        "incomeBeforeTax": -13150000,
        "incomeBeforeTaxRatio": -0.0021982725,
        "incomeTaxExpense": 47000,
        "netIncome": -13197000,
        "netIncomeRatio": -0.0022061294,
        "eps": -0.25,
        "epsdiluted": -0.25,
        "weightedAverageShsOut": 53573000,
        "weightedAverageShsOutDil": 53573000,
        "link": "https://www.sec.gov/Archives/edgar/data/84129/000155837020011382/0001558370-20-011382-index.htm",
        "finalLink": "https://www.sec.gov/Archives/edgar/data/84129/000155837020011382/rad-20200829x10q.htm"
    },
    {
        "date": "2020-05-30",
        "symbol": "RAD",
        "reportedCurrency": "USD",
        "cik": "0000084129",
        "fillingDate": "2020-07-02",
        "acceptedDate": "2020-07-02 16:20:10",
        "calendarYear": "2021",
        "period": "Q1",
        "revenue": 6027376000,
        "costOfRevenue": 4829057000,
        "grossProfit": 1198319000,
        "grossProfitRatio": 0.1988127172,
        "researchAndDevelopmentExpenses": 0,
        "generalAndAdministrativeExpenses": 0,
        "sellingAndMarketingExpenses": 0,
        "sellingGeneralAndAdministrativeExpenses": 1197147000,
        "otherExpenses": 0,
        "operatingExpenses": 1197147000,
        "costAndExpenses": 6026204000,
        "interestIncome": 0,
        "interestExpense": 50547000,
        "depreciationAndAmortization": 79103000,
        "ebitda": 80275000,
        "ebitdaratio": 0.0133183993,
        "operatingIncome": 1172000,
        "operatingIncomeRatio": 0.0001944461,
        "totalOtherIncomeExpensesNet": -8018000,
        "incomeBeforeTax": -80720000,
        "incomeBeforeTaxRatio": -0.0133922291,
        "incomeTaxExpense": -8018000,
        "netIncome": -63541000,
        "netIncomeRatio": -0.0105420667,
        "eps": -1.19,
        "epsdiluted": -1.19,
        "weightedAverageShsOut": 53462000,
        "weightedAverageShsOutDil": 53462000,
        "link": "https://www.sec.gov/Archives/edgar/data/84129/000155837020007993/0001558370-20-007993-index.htm",
        "finalLink": "https://www.sec.gov/Archives/edgar/data/84129/000155837020007993/rad-20200530x10q.htm"
    },
    {
        "date": "2020-02-29",
        "symbol": "RAD",
        "reportedCurrency": "USD",
        "cik": "0000084129",
        "fillingDate": "2020-04-27",
        "acceptedDate": "2020-04-27 16:10:09",
        "calendarYear": "2020",
        "period": "Q4",
        "revenue": 5727242000,
        "costOfRevenue": 4460621000,
        "grossProfit": 1266621000,
        "grossProfitRatio": 0.2211572341,
        "researchAndDevelopmentExpenses": 0,
        "generalAndAdministrativeExpenses": 0,
        "sellingAndMarketingExpenses": 0,
        "sellingGeneralAndAdministrativeExpenses": 1154300000,
        "otherExpenses": 0,
        "operatingExpenses": 1154300000,
        "costAndExpenses": 5614921000,
        "interestIncome": 0,
        "interestExpense": 53429000,
        "depreciationAndAmortization": 79300000,
        "ebitda": 191621000,
        "ebitdaratio": 0.0334578144,
        "operatingIncome": 112321000,
        "operatingIncomeRatio": 0.0196117084,
        "totalOtherIncomeExpensesNet": -104053000,
        "incomeBeforeTax": 8268000,
        "incomeBeforeTaxRatio": 0.0014436268,
        "incomeTaxExpense": 351729000,
        "netIncome": -324721000,
        "netIncomeRatio": -0.0566976216,
        "eps": -6.08,
        "epsdiluted": -6.08,
        "weightedAverageShsOut": 53434000,
        "weightedAverageShsOutDil": 53434000,
        "link": "https://www.sec.gov/Archives/edgar/data/84129/000155837020004365/0001558370-20-004365-index.htm",
        "finalLink": "https://www.sec.gov/Archives/edgar/data/84129/000155837020004365/rad-20200427x10k.htm"
    },
    {
        "date": "2019-11-30",
        "symbol": "RAD",
        "reportedCurrency": "USD",
        "cik": "0000084129",
        "fillingDate": "2020-01-06",
        "acceptedDate": "2020-01-06 15:35:25",
        "calendarYear": "2020",
        "period": "Q3",
        "revenue": 5462298000,
        "costOfRevenue": 4273323000,
        "grossProfit": 1188975000,
        "grossProfitRatio": 0.2176693765,
        "researchAndDevelopmentExpenses": 0,
        "generalAndAdministrativeExpenses": 0,
        "sellingAndMarketingExpenses": 0,
        "sellingGeneralAndAdministrativeExpenses": 1134854000,
        "otherExpenses": 0,
        "operatingExpenses": 1134854000,
        "costAndExpenses": 5408177000,
        "interestIncome": 0,
        "interestExpense": 57856000,
        "depreciationAndAmortization": 82007000,
        "ebitda": 136128000,
        "ebitdaratio": 0.0249213792,
        "operatingIncome": 54121000,
        "operatingIncomeRatio": 0.0099081009,
        "totalOtherIncomeExpensesNet": -959000,
        "incomeBeforeTax": 53162000,
        "incomeBeforeTaxRatio": 0.0097325338,
        "incomeTaxExpense": 876000,
        "netIncome": 51485000,
        "netIncomeRatio": 0.0094255202,
        "eps": 0.97,
        "epsdiluted": 0.96,
        "weightedAverageShsOut": 53310000,
        "weightedAverageShsOutDil": 53584000,
        "link": "https://www.sec.gov/Archives/edgar/data/84129/000155837020000041/0001558370-20-000041-index.htm",
        "finalLink": "https://www.sec.gov/Archives/edgar/data/84129/000155837020000041/rad-20191130x10qaeefed.htm"
    },
    {
        "date": "2019-08-31",
        "symbol": "RAD",
        "reportedCurrency": "USD",
        "cik": "0000084129",
        "fillingDate": "2019-10-03",
        "acceptedDate": "2019-10-03 11:56:59",
        "calendarYear": "2020",
        "period": "Q2",
        "revenue": 5366264000,
        "costOfRevenue": 4221825000,
        "grossProfit": 1144439000,
        "grossProfitRatio": 0.2132655046,
        "researchAndDevelopmentExpenses": 0,
        "generalAndAdministrativeExpenses": 0,
        "sellingAndMarketingExpenses": 0,
        "sellingGeneralAndAdministrativeExpenses": 1135530000,
        "otherExpenses": 0,
        "operatingExpenses": 1135530000,
        "costAndExpenses": 5357355000,
        "interestIncome": 0,
        "interestExpense": 60102000,
        "depreciationAndAmortization": 83044000,
        "ebitda": 91953000,
        "ebitdaratio": 0.0171353851,
        "operatingIncome": 8909000,
        "operatingIncomeRatio": 0.0016601867,
        "totalOtherIncomeExpensesNet": -59986000,
        "incomeBeforeTax": -51077000,
        "incomeBeforeTaxRatio": -0.0095181676,
        "incomeTaxExpense": 27628000,
        "netIncome": -79279000,
        "netIncomeRatio": -0.014773593,
        "eps": -1.44,
        "epsdiluted": -1.44,
        "weightedAverageShsOut": 54896000,
        "weightedAverageShsOutDil": 54896000,
        "link": "https://www.sec.gov/Archives/edgar/data/84129/000155837019008810/0001558370-19-008810-index.htm",
        "finalLink": "https://www.sec.gov/Archives/edgar/data/84129/000155837019008810/rad-20190831x10q.htm"
    },
    {
        "date": "2019-06-01",
        "symbol": "RAD",
        "reportedCurrency": "USD",
        "cik": "0000084129",
        "fillingDate": "2019-07-11",
        "acceptedDate": "2019-07-11 15:37:33",
        "calendarYear": "2020",
        "period": "Q1",
        "revenue": 5372589000,
        "costOfRevenue": 4245866000,
        "grossProfit": 1126723000,
        "grossProfitRatio": 0.209716954,
        "researchAndDevelopmentExpenses": 0,
        "generalAndAdministrativeExpenses": 0,
        "sellingAndMarketingExpenses": 0,
        "sellingGeneralAndAdministrativeExpenses": 1162652000,
        "otherExpenses": 0,
        "operatingExpenses": 1162652000,
        "costAndExpenses": 5408518000,
        "interestIncome": 0,
        "interestExpense": 58270000,
        "depreciationAndAmortization": 83926000,
        "ebitda": 47997000,
        "ebitdaratio": 0.0089336817,
        "operatingIncome": -35929000,
        "operatingIncomeRatio": -0.0066874648,
        "totalOtherIncomeExpensesNet": -56036000,
        "incomeBeforeTax": -91965000,
        "incomeBeforeTaxRatio": -0.0171174456,
        "incomeTaxExpense": 7374000,
        "netIncome": -99659000,
        "netIncomeRatio": -0.0185495298,
        "eps": -1.88,
        "epsdiluted": -1.88,
        "weightedAverageShsOut": 52976000,
        "weightedAverageShsOutDil": 52976000,
        "link": "https://www.sec.gov/Archives/edgar/data/84129/000110465919039944/0001104659-19-039944-index.htm",
        "finalLink": "https://www.sec.gov/Archives/edgar/data/84129/000110465919039944/a19-11433_110q.htm"
    },
    {
        "date": "2019-03-02",
        "symbol": "RAD",
        "reportedCurrency": "USD",
        "cik": "0000084129",
        "fillingDate": "2019-04-25",
        "acceptedDate": "2019-04-25 13:13:17",
        "calendarYear": "2019",
        "period": "Q4",
        "revenue": 5379645000,
        "costOfRevenue": 4215281000,
        "grossProfit": 1164364000,
        "grossProfitRatio": 0.2164388171,
        "researchAndDevelopmentExpenses": 0,
        "generalAndAdministrativeExpenses": 0,
        "sellingAndMarketingExpenses": 0,
        "sellingGeneralAndAdministrativeExpenses": 1143202000,
        "otherExpenses": 0,
        "operatingExpenses": 1143202000,
        "costAndExpenses": 5358483000,
        "interestIncome": 0,
        "interestExpense": 52695000,
        "depreciationAndAmortization": 86925000,
        "ebitda": 108087000,
        "ebitdaratio": 0.0200918462,
        "operatingIncome": 21162000,
        "operatingIncomeRatio": 0.0039337168,
        "totalOtherIncomeExpensesNet": -81787000,
        "incomeBeforeTax": -60625000,
        "incomeBeforeTaxRatio": -0.011269331,
        "incomeTaxExpense": 195004000,
        "netIncome": -272979000,
        "netIncomeRatio": -0.0507429394,
        "eps": -5.15,
        "epsdiluted": -5.15,
        "weightedAverageShsOut": 52965400,
        "weightedAverageShsOutDil": 52965400,
        "link": "https://www.sec.gov/Archives/edgar/data/84129/000104746919002567/0001047469-19-002567-index.htm",
        "finalLink": "https://www.sec.gov/Archives/edgar/data/84129/000104746919002567/a2238552z10-k.htm"
    },
    {
        "date": "2018-12-01",
        "symbol": "RAD",
        "reportedCurrency": "USD",
        "cik": "0000084129",
        "fillingDate": "2019-01-08",
        "acceptedDate": "2019-01-08 11:37:17",
        "calendarYear": "2019",
        "period": "Q3",
        "revenue": 5450060000,
        "costOfRevenue": 4267972000,
        "grossProfit": 1182088000,
        "grossProfitRatio": 0.2168944929,
        "researchAndDevelopmentExpenses": 0,
        "generalAndAdministrativeExpenses": 0,
        "sellingAndMarketingExpenses": 0,
        "sellingGeneralAndAdministrativeExpenses": 1142555000,
        "otherExpenses": 0,
        "operatingExpenses": 1142555000,
        "costAndExpenses": 5410527000,
        "interestIncome": 0,
        "interestExpense": 56008000,
        "depreciationAndAmortization": 86685000,
        "ebitda": 126218000,
        "ebitdaratio": 0.0231590111,
        "operatingIncome": 39533000,
        "operatingIncomeRatio": 0.0072536816,
        "totalOtherIncomeExpensesNet": -1471000,
        "incomeBeforeTax": -18721000,
        "incomeBeforeTaxRatio": -0.0034350081,
        "incomeTaxExpense": -1471000,
        "netIncome": -4510000,
        "netIncomeRatio": -0.0008275138,
        "eps": -0.0852,
        "epsdiluted": -0.0852,
        "weightedAverageShsOut": 52919750,
        "weightedAverageShsOutDil": 52919750,
        "link": "https://www.sec.gov/Archives/edgar/data/84129/000110465919001219/0001104659-19-001219-index.htm",
        "finalLink": "https://www.sec.gov/Archives/edgar/data/84129/000110465919001219/a18-40216_110q.htm"
    },
    {
        "date": "2018-09-01",
        "symbol": "RAD",
        "reportedCurrency": "USD",
        "cik": "0000084129",
        "fillingDate": "2018-10-04",
        "acceptedDate": "2018-10-04 11:41:05",
        "calendarYear": "2019",
        "period": "Q2",
        "revenue": 5421362000,
        "costOfRevenue": 4260211000,
        "grossProfit": 1161151000,
        "grossProfitRatio": 0.2141806801,
        "researchAndDevelopmentExpenses": 0,
        "generalAndAdministrativeExpenses": 0,
        "sellingAndMarketingExpenses": 0,
        "sellingGeneralAndAdministrativeExpenses": 1153991000,
        "otherExpenses": 0,
        "operatingExpenses": 1153991000,
        "costAndExpenses": 5414202000,
        "interestIncome": 0,
        "interestExpense": 56233000,
        "depreciationAndAmortization": 89743000,
        "ebitda": -352348000,
        "ebitdaratio": -0.064992524,
        "operatingIncome": 7160000,
        "operatingIncomeRatio": 0.0013207013,
        "totalOtherIncomeExpensesNet": -466067000,
        "incomeBeforeTax": -458907000,
        "incomeBeforeTaxRatio": -0.0846479169,
        "incomeTaxExpense": -106559000,
        "netIncome": -359140000,
        "netIncomeRatio": -0.0662453457,
        "eps": -6.8,
        "epsdiluted": -6.8,
        "weightedAverageShsOut": 52823200,
        "weightedAverageShsOutDil": 52823200,
        "link": "https://www.sec.gov/Archives/edgar/data/84129/000110465918060482/0001104659-18-060482-index.htm",
        "finalLink": "https://www.sec.gov/Archives/edgar/data/84129/000110465918060482/a18-29008_110q.htm"
    },
    {
        "date": "2018-06-02",
        "symbol": "RAD",
        "reportedCurrency": "USD",
        "cik": "0000084129",
        "fillingDate": "2018-07-06",
        "acceptedDate": "2018-07-06 15:49:47",
        "calendarYear": "2019",
        "period": "Q1",
        "revenue": 5388490000,
        "costOfRevenue": 4219741000,
        "grossProfit": 1168749000,
        "grossProfitRatio": 0.2168973126,
        "researchAndDevelopmentExpenses": 0,
        "generalAndAdministrativeExpenses": 0,
        "sellingAndMarketingExpenses": 0,
        "sellingGeneralAndAdministrativeExpenses": 1152627000,
        "otherExpenses": 0,
        "operatingExpenses": 1152627000,
        "costAndExpenses": 5372368000,
        "interestIncome": 0,
        "interestExpense": 62792000,
        "depreciationAndAmortization": 94529000,
        "ebitda": 110651000,
        "ebitdaratio": 0.0205346952,
        "operatingIncome": 16122000,
        "operatingIncomeRatio": 0.0029919328,
        "totalOtherIncomeExpensesNet": -9497000,
        "incomeBeforeTax": -51224000,
        "incomeBeforeTaxRatio": -0.0095061882,
        "incomeTaxExpense": -9497000,
        "netIncome": 214416000,
        "netIncomeRatio": 0.0397914815,
        "eps": 4,
        "epsdiluted": 4,
        "weightedAverageShsOut": 52719050,
        "weightedAverageShsOutDil": 52719050,
        "link": "https://www.sec.gov/Archives/edgar/data/84129/000110465918044162/0001104659-18-044162-index.htm",
        "finalLink": "https://www.sec.gov/Archives/edgar/data/84129/000110465918044162/a18-15812_110q.htm"
    },
    {
        "date": "2018-03-03",
        "symbol": "RAD",
        "reportedCurrency": "USD",
        "cik": "0000084129",
        "fillingDate": "2018-04-26",
        "acceptedDate": "2018-04-26 13:19:23",
        "calendarYear": "2018",
        "period": "Q4",
        "revenue": 5394264000,
        "costOfRevenue": 4124498000,
        "grossProfit": 1269766000,
        "grossProfitRatio": 0.2353918903,
        "researchAndDevelopmentExpenses": 0,
        "generalAndAdministrativeExpenses": 0,
        "sellingAndMarketingExpenses": 0,
        "sellingGeneralAndAdministrativeExpenses": 1181964000,
        "otherExpenses": 0,
        "operatingExpenses": 1181964000,
        "costAndExpenses": 5306462000,
        "interestIncome": 0,
        "interestExpense": 50603000,
        "depreciationAndAmortization": 93609000,
        "ebitda": 181411000,
        "ebitdaratio": 0.0336303525,
        "operatingIncome": 87802000,
        "operatingIncomeRatio": 0.0162769193,
        "totalOtherIncomeExpensesNet": -354756000,
        "incomeBeforeTax": -266954000,
        "incomeBeforeTaxRatio": -0.0494884937,
        "incomeTaxExpense": 216719000,
        "netIncome": 767072000,
        "netIncomeRatio": 0.1422014199,
        "eps": 14.6,
        "epsdiluted": 14.6,
        "weightedAverageShsOut": 52674550,
        "weightedAverageShsOutDil": 52674550,
        "link": "https://www.sec.gov/Archives/edgar/data/84129/000104746918003207/0001047469-18-003207-index.htm",
        "finalLink": "https://www.sec.gov/Archives/edgar/data/84129/000104746918003207/a2235393z10-k.htm"
    },
    {
        "date": "2017-12-02",
        "symbol": "RAD",
        "reportedCurrency": "USD",
        "cik": "0000084129",
        "fillingDate": "2018-01-11",
        "acceptedDate": "2018-01-11 10:01:18",
        "calendarYear": "2018",
        "period": "Q3",
        "revenue": 5353170000,
        "costOfRevenue": 4166447000,
        "grossProfit": 1186723000,
        "grossProfitRatio": 0.221686029,
        "researchAndDevelopmentExpenses": 0,
        "generalAndAdministrativeExpenses": 0,
        "sellingAndMarketingExpenses": 0,
        "sellingGeneralAndAdministrativeExpenses": 1166514000,
        "otherExpenses": 0,
        "operatingExpenses": 1166514000,
        "costAndExpenses": 5332961000,
        "interestIncome": 0,
        "interestExpense": 50308000,
        "depreciationAndAmortization": 95764000,
        "ebitda": 115973000,
        "ebitdaratio": 0.0216643596,
        "operatingIncome": 20209000,
        "operatingIncomeRatio": 0.0037751463,
        "totalOtherIncomeExpensesNet": -16061000,
        "incomeBeforeTax": -34243000,
        "incomeBeforeTaxRatio": -0.0063967705,
        "incomeTaxExpense": -16061000,
        "netIncome": 81031000,
        "netIncomeRatio": 0.0151370123,
        "eps": 1.6,
        "epsdiluted": 1.6,
        "weightedAverageShsOut": 52425100,
        "weightedAverageShsOutDil": 52793450,
        "link": "https://www.sec.gov/Archives/edgar/data/84129/000110465918001768/0001104659-18-001768-index.htm",
        "finalLink": "https://www.sec.gov/Archives/edgar/data/84129/000110465918001768/a17-27851_110q.htm"
    },
    {
        "date": "2017-09-02",
        "symbol": "RAD",
        "reportedCurrency": "USD",
        "cik": "0000084129",
        "fillingDate": "2017-10-05",
        "acceptedDate": "2017-10-05 10:44:12",
        "calendarYear": "2018",
        "period": "Q2",
        "revenue": 7678903000,
        "costOfRevenue": 5891900000,
        "grossProfit": 1787003000,
        "grossProfitRatio": 0.2327159231,
        "researchAndDevelopmentExpenses": 0,
        "generalAndAdministrativeExpenses": 0,
        "sellingAndMarketingExpenses": 0,
        "sellingGeneralAndAdministrativeExpenses": 1734306000,
        "otherExpenses": 0,
        "operatingExpenses": 1734306000,
        "costAndExpenses": 7626206000,
        "interestIncome": 0,
        "interestExpense": 111261000,
        "depreciationAndAmortization": 132012000,
        "ebitda": 184709000,
        "ebitdaratio": 0.0240540869,
        "operatingIncome": 52697000,
        "operatingIncomeRatio": 0.0068625688,
        "totalOtherIncomeExpensesNet": 225106000,
        "incomeBeforeTax": 277803000,
        "incomeBeforeTaxRatio": 0.0361774332,
        "incomeTaxExpense": 107087000,
        "netIncome": 170716000,
        "netIncomeRatio": 0.0222318214,
        "eps": 3.2,
        "epsdiluted": 3.2,
        "weightedAverageShsOut": 52427400,
        "weightedAverageShsOutDil": 53360800,
        "link": "https://www.sec.gov/Archives/edgar/data/84129/000110465917061024/0001104659-17-061024-index.htm",
        "finalLink": "https://www.sec.gov/Archives/edgar/data/84129/000110465917061024/a17-20664_110q.htm"
    },
    {
        "date": "2017-06-03",
        "symbol": "RAD",
        "reportedCurrency": "USD",
        "cik": "0000084129",
        "fillingDate": "2017-07-06",
        "acceptedDate": "2017-07-06 10:43:59",
        "calendarYear": "2018",
        "period": "Q1",
        "revenue": 7781453000,
        "costOfRevenue": 6022419000,
        "grossProfit": 1759034000,
        "grossProfitRatio": 0.226054697,
        "researchAndDevelopmentExpenses": 0,
        "generalAndAdministrativeExpenses": 0,
        "sellingAndMarketingExpenses": 0,
        "sellingGeneralAndAdministrativeExpenses": 1761290000,
        "otherExpenses": 0,
        "operatingExpenses": 1761290000,
        "costAndExpenses": 7783709000,
        "interestIncome": 0,
        "interestExpense": 109937000,
        "depreciationAndAmortization": 142092000,
        "ebitda": 139836000,
        "ebitdaratio": 0.0179704227,
        "operatingIncome": -2256000,
        "operatingIncomeRatio": -0.0002899201,
        "totalOtherIncomeExpensesNet": -108302000,
        "incomeBeforeTax": -110558000,
        "incomeBeforeTaxRatio": -0.0142078864,
        "incomeTaxExpense": -35209000,
        "netIncome": -75349000,
        "netIncomeRatio": -0.009683153,
        "eps": -1.44,
        "epsdiluted": -1.44,
        "weightedAverageShsOut": 52341300,
        "weightedAverageShsOutDil": 52341300,
        "link": "https://www.sec.gov/Archives/edgar/data/84129/000110465917043765/0001104659-17-043765-index.htm",
        "finalLink": "https://www.sec.gov/Archives/edgar/data/84129/000110465917043765/a17-15030_110q.htm"
    },
    {
        "date": "2017-03-04",
        "symbol": "RAD",
        "reportedCurrency": "USD",
        "cik": "0000084129",
        "fillingDate": "2017-05-03",
        "acceptedDate": "2017-05-03 16:12:00",
        "calendarYear": "2017",
        "period": "Q4",
        "revenue": 8541360000,
        "costOfRevenue": 6473198000,
        "grossProfit": 2068162000,
        "grossProfitRatio": 0.2421349762,
        "researchAndDevelopmentExpenses": 0,
        "generalAndAdministrativeExpenses": 0,
        "sellingAndMarketingExpenses": 0,
        "sellingGeneralAndAdministrativeExpenses": 1897003000,
        "otherExpenses": 0,
        "operatingExpenses": 1897003000,
        "costAndExpenses": 8370201000,
        "interestIncome": 0,
        "interestExpense": 115181000,
        "depreciationAndAmortization": 144147000,
        "ebitda": 315306000,
        "ebitdaratio": 0.0369151985,
        "operatingIncome": 171159000,
        "operatingIncomeRatio": 0.0200388463,
        "totalOtherIncomeExpensesNet": -144441000,
        "incomeBeforeTax": 26718000,
        "incomeBeforeTaxRatio": 0.0031280733,
        "incomeTaxExpense": 47860000,
        "netIncome": -21142000,
        "netIncomeRatio": -0.0024752498,
        "eps": -0.4,
        "epsdiluted": -0.4,
        "weightedAverageShsOut": 52296450,
        "weightedAverageShsOutDil": 52296450,
        "link": "https://www.sec.gov/Archives/edgar/data/84129/000104746917003159/0001047469-17-003159-index.htm",
        "finalLink": "https://www.sec.gov/Archives/edgar/data/84129/000104746917003159/a2231929z10-k.htm"
    },
    {
        "date": "2016-11-26",
        "symbol": "RAD",
        "reportedCurrency": "USD",
        "cik": "0000084129",
        "fillingDate": "2017-01-05",
        "acceptedDate": "2017-01-05 14:27:17",
        "calendarYear": "2017",
        "period": "Q3",
        "revenue": 8089726000,
        "costOfRevenue": 6194866000,
        "grossProfit": 1894860000,
        "grossProfitRatio": 0.2342304301,
        "researchAndDevelopmentExpenses": 0,
        "generalAndAdministrativeExpenses": 0,
        "sellingAndMarketingExpenses": 0,
        "sellingGeneralAndAdministrativeExpenses": 1773862000,
        "otherExpenses": 0,
        "operatingExpenses": 1773862000,
        "costAndExpenses": 7968728000,
        "interestIncome": 0,
        "interestExpense": 106309000,
        "depreciationAndAmortization": 143245000,
        "ebitda": 264243000,
        "ebitdaratio": 0.0326640235,
        "operatingIncome": 120998000,
        "operatingIncomeRatio": 0.0149569961,
        "totalOtherIncomeExpensesNet": -114075000,
        "incomeBeforeTax": 6923000,
        "incomeBeforeTaxRatio": 0.0008557768,
        "incomeTaxExpense": -8087000,
        "netIncome": 15010000,
        "netIncomeRatio": 0.0018554399,
        "eps": 0.2,
        "epsdiluted": 0.2,
        "weightedAverageShsOut": 52251400,
        "weightedAverageShsOutDil": 53038150,
        "link": "https://www.sec.gov/Archives/edgar/data/84129/000110465917000870/0001104659-17-000870-index.htm",
        "finalLink": "https://www.sec.gov/Archives/edgar/data/84129/000110465917000870/a16-22148_110q.htm"
    },
    {
        "date": "2016-08-27",
        "symbol": "RAD",
        "reportedCurrency": "USD",
        "cik": "0000084129",
        "fillingDate": "2016-10-04",
        "acceptedDate": "2016-10-04 13:43:39",
        "calendarYear": "2017",
        "period": "Q2",
        "revenue": 8029806000,
        "costOfRevenue": 6113063000,
        "grossProfit": 1916743000,
        "grossProfitRatio": 0.2387035253,
        "researchAndDevelopmentExpenses": 0,
        "generalAndAdministrativeExpenses": 0,
        "sellingAndMarketingExpenses": 0,
        "sellingGeneralAndAdministrativeExpenses": 1778247000,
        "otherExpenses": 0,
        "operatingExpenses": 1778247000,
        "costAndExpenses": 7891310000,
        "interestIncome": 0,
        "interestExpense": 105388000,
        "depreciationAndAmortization": 142051000,
        "ebitda": 280547000,
        "ebitdaratio": 0.034938204,
        "operatingIncome": 138496000,
        "operatingIncomeRatio": 0.0172477392,
        "totalOtherIncomeExpensesNet": -112795000,
        "incomeBeforeTax": 25701000,
        "incomeBeforeTaxRatio": 0.0032007,
        "incomeTaxExpense": 10928000,
        "netIncome": 14773000,
        "netIncomeRatio": 0.0018397705,
        "eps": 0.2,
        "epsdiluted": 0.2,
        "weightedAverageShsOut": 52209900,
        "weightedAverageShsOutDil": 53072450,
        "link": "https://www.sec.gov/Archives/edgar/data/84129/000110465916148495/0001104659-16-148495-index.htm",
        "finalLink": "https://www.sec.gov/Archives/edgar/data/84129/000110465916148495/a16-17793_110q.htm"
    },
    {
        "date": "2016-05-28",
        "symbol": "RAD",
        "reportedCurrency": "USD",
        "cik": "0000084129",
        "fillingDate": "2016-07-05",
        "acceptedDate": "2016-07-05 16:18:23",
        "calendarYear": "2017",
        "period": "Q1",
        "revenue": 8184181000,
        "costOfRevenue": 6289881000,
        "grossProfit": 1894300000,
        "grossProfitRatio": 0.2314587129,
        "researchAndDevelopmentExpenses": 0,
        "generalAndAdministrativeExpenses": 0,
        "sellingAndMarketingExpenses": 0,
        "sellingGeneralAndAdministrativeExpenses": 1793247000,
        "otherExpenses": 0,
        "operatingExpenses": 1793247000,
        "costAndExpenses": 8083128000,
        "interestIncome": 0,
        "interestExpense": 105113000,
        "depreciationAndAmortization": 138788000,
        "ebitda": 239841000,
        "ebitdaratio": 0.0293054369,
        "operatingIncome": 101053000,
        "operatingIncomeRatio": 0.0123473564,
        "totalOtherIncomeExpensesNet": -111950000,
        "incomeBeforeTax": -10897000,
        "incomeBeforeTaxRatio": -0.001331471,
        "incomeTaxExpense": -6309000,
        "netIncome": -4588000,
        "netIncomeRatio": -0.0005605937,
        "eps": -0.088,
        "epsdiluted": -0.088,
        "weightedAverageShsOut": 52121850,
        "weightedAverageShsOutDil": 52121850,
        "link": "https://www.sec.gov/Archives/edgar/data/84129/000110465916131002/0001104659-16-131002-index.htm",
        "finalLink": "https://www.sec.gov/Archives/edgar/data/84129/000110465916131002/a16-12016_110q.htm"
    },
    {
        "date": "2016-02-27",
        "symbol": "RAD",
        "reportedCurrency": "USD",
        "cik": "0000084129",
        "fillingDate": "2016-04-25",
        "acceptedDate": "2016-04-25 14:28:10",
        "calendarYear": "2016",
        "period": "Q4",
        "revenue": 8270136000,
        "costOfRevenue": 6228581000,
        "grossProfit": 2041555000,
        "grossProfitRatio": 0.2468586974,
        "researchAndDevelopmentExpenses": 0,
        "generalAndAdministrativeExpenses": 0,
        "sellingAndMarketingExpenses": 0,
        "sellingGeneralAndAdministrativeExpenses": 1810288000,
        "otherExpenses": 0,
        "operatingExpenses": 1810288000,
        "costAndExpenses": 8038869000,
        "interestIncome": 0,
        "interestExpense": 103678000,
        "depreciationAndAmortization": 135430000,
        "ebitda": 366697000,
        "ebitdaratio": 0.0443398996,
        "operatingIncome": 231267000,
        "operatingIncomeRatio": 0.0279641109,
        "totalOtherIncomeExpensesNet": -130083000,
        "incomeBeforeTax": 101184000,
        "incomeBeforeTaxRatio": 0.0122348653,
        "incomeTaxExpense": 35567000,
        "netIncome": 65617000,
        "netIncomeRatio": 0.0079342105,
        "eps": 1.2,
        "epsdiluted": 1.2,
        "weightedAverageShsOut": 52057850,
        "weightedAverageShsOutDil": 52925700,
        "link": "https://www.sec.gov/Archives/edgar/data/84129/000104746916012513/0001047469-16-012513-index.htm",
        "finalLink": "https://www.sec.gov/Archives/edgar/data/84129/000104746916012513/a2228303z10-k.htm"
    },
    {
        "date": "2015-11-28",
        "symbol": "RAD",
        "reportedCurrency": "USD",
        "cik": "0000084129",
        "fillingDate": "2016-01-06",
        "acceptedDate": "2016-01-06 15:02:17",
        "calendarYear": "2016",
        "period": "Q3",
        "revenue": 8154184000,
        "costOfRevenue": 6151305000,
        "grossProfit": 2002879000,
        "grossProfitRatio": 0.2456259265,
        "researchAndDevelopmentExpenses": 0,
        "generalAndAdministrativeExpenses": 0,
        "sellingAndMarketingExpenses": 0,
        "sellingGeneralAndAdministrativeExpenses": 1777647000,
        "otherExpenses": 0,
        "operatingExpenses": 1777647000,
        "costAndExpenses": 7928952000,
        "interestIncome": 0,
        "interestExpense": 106879000,
        "depreciationAndAmortization": 136434000,
        "ebitda": 361666000,
        "ebitdaratio": 0.0443534264,
        "operatingIncome": 225232000,
        "operatingIncomeRatio": 0.027621648,
        "totalOtherIncomeExpensesNet": -117221000,
        "incomeBeforeTax": 108011000,
        "incomeBeforeTaxRatio": 0.0132460832,
        "incomeTaxExpense": 48468000,
        "netIncome": 59543000,
        "netIncomeRatio": 0.0073021408,
        "eps": 1.2,
        "epsdiluted": 1.2,
        "weightedAverageShsOut": 51993350,
        "weightedAverageShsOutDil": 52863900,
        "link": "https://www.sec.gov/Archives/edgar/data/84129/000110465916088371/0001104659-16-088371-index.htm",
        "finalLink": "https://www.sec.gov/Archives/edgar/data/84129/000110465916088371/a15-24100_110q.htm"
    },
    {
        "date": "2015-08-29",
        "symbol": "RAD",
        "reportedCurrency": "USD",
        "cik": "0000084129",
        "fillingDate": "2015-10-06",
        "acceptedDate": "2015-10-06 14:36:27",
        "calendarYear": "2016",
        "period": "Q2",
        "revenue": 7664776000,
        "costOfRevenue": 5742485000,
        "grossProfit": 1922291000,
        "grossProfitRatio": 0.250795457,
        "researchAndDevelopmentExpenses": 0,
        "generalAndAdministrativeExpenses": 0,
        "sellingAndMarketingExpenses": 0,
        "sellingGeneralAndAdministrativeExpenses": 1725826000,
        "otherExpenses": 0,
        "operatingExpenses": 1725826000,
        "costAndExpenses": 7468311000,
        "interestIncome": 0,
        "interestExpense": 115410000,
        "depreciationAndAmortization": 127699000,
        "ebitda": 324164000,
        "ebitdaratio": 0.0422926906,
        "operatingIncome": 196465000,
        "operatingIncomeRatio": 0.0256321907,
        "totalOtherIncomeExpensesNet": -158533000,
        "incomeBeforeTax": 37932000,
        "incomeBeforeTaxRatio": 0.0049488726,
        "incomeTaxExpense": 16463000,
        "netIncome": 21469000,
        "netIncomeRatio": 0.0028009951,
        "eps": 0.4,
        "epsdiluted": 0.4,
        "weightedAverageShsOut": 51489650,
        "weightedAverageShsOutDil": 52456700,
        "link": "https://www.sec.gov/Archives/edgar/data/84129/000110465915069389/0001104659-15-069389-index.htm",
        "finalLink": "https://www.sec.gov/Archives/edgar/data/84129/000110465915069389/a15-18848_110q.htm"
    },
    {
        "date": "2015-05-30",
        "symbol": "RAD",
        "reportedCurrency": "USD",
        "cik": "0000084129",
        "fillingDate": "2015-06-22",
        "acceptedDate": "2015-06-22 15:46:42",
        "calendarYear": "2016",
        "period": "Q1",
        "revenue": 6647561000,
        "costOfRevenue": 4788031000,
        "grossProfit": 1859530000,
        "grossProfitRatio": 0.2797311676,
        "researchAndDevelopmentExpenses": 0,
        "generalAndAdministrativeExpenses": 0,
        "sellingAndMarketingExpenses": 0,
        "sellingGeneralAndAdministrativeExpenses": 1699585000,
        "otherExpenses": 0,
        "operatingExpenses": 1699585000,
        "costAndExpenses": 6487616000,
        "interestIncome": 0,
        "interestExpense": 123607000,
        "depreciationAndAmortization": 109649000,
        "ebitda": 269594000,
        "ebitdaratio": 0.0405553255,
        "operatingIncome": 159945000,
        "operatingIncomeRatio": 0.0240607044,
        "totalOtherIncomeExpensesNet": -128668000,
        "incomeBeforeTax": 31277000,
        "incomeBeforeTaxRatio": 0.0047050339,
        "incomeTaxExpense": 12441000,
        "netIncome": 18836000,
        "netIncomeRatio": 0.0028335204,
        "eps": 0.4,
        "epsdiluted": 0.4,
        "weightedAverageShsOut": 49334550,
        "weightedAverageShsOutDil": 50457600,
        "link": "https://www.sec.gov/Archives/edgar/data/84129/000110465915046662/0001104659-15-046662-index.htm",
        "finalLink": "https://www.sec.gov/Archives/edgar/data/84129/000110465915046662/a15-11795_110q.htm"
    },
    {
        "date": "2015-02-28",
        "symbol": "RAD",
        "reportedCurrency": "USD",
        "cik": "0000084129",
        "fillingDate": "2015-04-23",
        "acceptedDate": "2015-04-23 15:52:55",
        "calendarYear": "2015",
        "period": "Q4",
        "revenue": 6847929000,
        "costOfRevenue": 4892068000,
        "grossProfit": 1955861000,
        "grossProfitRatio": 0.2856135045,
        "researchAndDevelopmentExpenses": 0,
        "generalAndAdministrativeExpenses": 0,
        "sellingAndMarketingExpenses": 0,
        "sellingGeneralAndAdministrativeExpenses": 1718327000,
        "otherExpenses": 0,
        "operatingExpenses": 1718327000,
        "costAndExpenses": 6610395000,
        "interestIncome": 0,
        "interestExpense": 98442000,
        "depreciationAndAmortization": 107425000,
        "ebitda": 344959000,
        "ebitdaratio": 0.050374208,
        "operatingIncome": 237534000,
        "operatingIncomeRatio": 0.0346869835,
        "totalOtherIncomeExpensesNet": -118467000,
        "incomeBeforeTax": 119067000,
        "incomeBeforeTaxRatio": 0.0173873006,
        "incomeTaxExpense": -1715965000,
        "netIncome": 1835032000,
        "netIncomeRatio": 0.2679688998,
        "eps": 37.6,
        "epsdiluted": 35.8,
        "weightedAverageShsOut": 48885800,
        "weightedAverageShsOutDil": 51230250,
        "link": "https://www.sec.gov/Archives/edgar/data/84129/000104746915003838/0001047469-15-003838-index.htm",
        "finalLink": "https://www.sec.gov/Archives/edgar/data/84129/000104746915003838/a2224297z10-k.htm"
    },
    {
        "date": "2014-11-29",
        "symbol": "RAD",
        "reportedCurrency": "USD",
        "cik": "0000084129",
        "fillingDate": "2015-01-06",
        "acceptedDate": "2015-01-06 11:15:03",
        "calendarYear": "2015",
        "period": "Q3",
        "revenue": 6692333000,
        "costOfRevenue": 4769020000,
        "grossProfit": 1923313000,
        "grossProfitRatio": 0.2873905109,
        "researchAndDevelopmentExpenses": 0,
        "generalAndAdministrativeExpenses": 0,
        "sellingAndMarketingExpenses": 0,
        "sellingGeneralAndAdministrativeExpenses": 1692437000,
        "otherExpenses": 0,
        "operatingExpenses": 1692437000,
        "costAndExpenses": 6461457000,
        "interestIncome": 0,
        "interestExpense": 97400000,
        "depreciationAndAmortization": 104614000,
        "ebitda": 335490000,
        "ebitdaratio": 0.0501305001,
        "operatingIncome": 230876000,
        "operatingIncomeRatio": 0.0344985822,
        "totalOtherIncomeExpensesNet": -124159000,
        "incomeBeforeTax": 106717000,
        "incomeBeforeTaxRatio": 0.0159461581,
        "incomeTaxExpense": 1871000,
        "netIncome": 104846000,
        "netIncomeRatio": 0.0156665844,
        "eps": 2.2,
        "epsdiluted": 2,
        "weightedAverageShsOut": 48634400,
        "weightedAverageShsOutDil": 51013850,
        "link": "https://www.sec.gov/Archives/edgar/data/84129/000104746915000045/0001047469-15-000045-index.htm",
        "finalLink": "https://www.sec.gov/Archives/edgar/data/84129/000104746915000045/a2222606z10-q.htm"
    },
    {
        "date": "2014-08-30",
        "symbol": "RAD",
        "reportedCurrency": "USD",
        "cik": "0000084129",
        "fillingDate": "2014-10-02",
        "acceptedDate": "2014-10-02 08:40:00",
        "calendarYear": "2015",
        "period": "Q2",
        "revenue": 6522584000,
        "costOfRevenue": 4628005000,
        "grossProfit": 1894579000,
        "grossProfitRatio": 0.2904644846,
        "researchAndDevelopmentExpenses": 0,
        "generalAndAdministrativeExpenses": 0,
        "sellingAndMarketingExpenses": 0,
        "sellingGeneralAndAdministrativeExpenses": 1640524000,
        "otherExpenses": 0,
        "operatingExpenses": 1640524000,
        "costAndExpenses": 6268529000,
        "interestIncome": 0,
        "interestExpense": 100950000,
        "depreciationAndAmortization": 101484000,
        "ebitda": 355539000,
        "ebitdaratio": 0.0545089186,
        "operatingIncome": 254055000,
        "operatingIncomeRatio": 0.0389500542,
        "totalOtherIncomeExpensesNet": -5396000,
        "incomeBeforeTax": 147709000,
        "incomeBeforeTaxRatio": 0.0226457796,
        "incomeTaxExpense": 19860000,
        "netIncome": 127849000,
        "netIncomeRatio": 0.0196009741,
        "eps": 2.6,
        "epsdiluted": 2.6,
        "weightedAverageShsOut": 48533200,
        "weightedAverageShsOutDil": 51079600,
        "link": "https://www.sec.gov/Archives/edgar/data/84129/000104746914008031/0001047469-14-008031-index.htm",
        "finalLink": "https://www.sec.gov/Archives/edgar/data/84129/000104746914008031/a2221581z10-q.htm"
    },
    {
        "date": "2014-05-31",
        "symbol": "RAD",
        "reportedCurrency": "USD",
        "cik": "0000084129",
        "fillingDate": "2014-07-03",
        "acceptedDate": "2014-07-03 10:47:25",
        "calendarYear": "2015",
        "period": "Q1",
        "revenue": 6465531000,
        "costOfRevenue": 4662552000,
        "grossProfit": 1802979000,
        "grossProfitRatio": 0.2788601586,
        "researchAndDevelopmentExpenses": 0,
        "generalAndAdministrativeExpenses": 0,
        "sellingAndMarketingExpenses": 0,
        "sellingGeneralAndAdministrativeExpenses": 1644354000,
        "otherExpenses": 0,
        "operatingExpenses": 1644354000,
        "costAndExpenses": 6306906000,
        "interestIncome": 0,
        "interestExpense": 100820000,
        "depreciationAndAmortization": 103105000,
        "ebitda": 261730000,
        "ebitdaratio": 0.0404808205,
        "operatingIncome": 158625000,
        "operatingIncomeRatio": 0.0245339478,
        "totalOtherIncomeExpensesNet": -4478000,
        "incomeBeforeTax": 53327000,
        "incomeBeforeTaxRatio": 0.0082478918,
        "incomeTaxExpense": 11881000,
        "netIncome": 41446000,
        "netIncomeRatio": 0.006410301,
        "eps": 0.8,
        "epsdiluted": 0.8,
        "weightedAverageShsOut": 48166600,
        "weightedAverageShsOutDil": 49827700,
        "link": "https://www.sec.gov/Archives/edgar/data/84129/000104746914006013/0001047469-14-006013-index.htm",
        "finalLink": "https://www.sec.gov/Archives/edgar/data/84129/000104746914006013/a2220630z10-q.htm"
    },
    {
        "date": "2014-03-01",
        "symbol": "RAD",
        "reportedCurrency": "USD",
        "cik": "0000084129",
        "fillingDate": "2014-04-23",
        "acceptedDate": "2014-04-23 14:01:11",
        "calendarYear": "2014",
        "period": "Q4",
        "revenue": 6597459000,
        "costOfRevenue": 4711743000,
        "grossProfit": 1885716000,
        "grossProfitRatio": 0.2858245879,
        "researchAndDevelopmentExpenses": 0,
        "generalAndAdministrativeExpenses": 0,
        "sellingAndMarketingExpenses": 0,
        "sellingGeneralAndAdministrativeExpenses": 1716671000,
        "otherExpenses": 0,
        "operatingExpenses": 1716671000,
        "costAndExpenses": 6428414000,
        "interestIncome": 0,
        "interestExpense": 101992000,
        "depreciationAndAmortization": 102060000,
        "ebitda": 271105000,
        "ebitdaratio": 0.0410923357,
        "operatingIncome": 169045000,
        "operatingIncomeRatio": 0.0256227435,
        "totalOtherIncomeExpensesNet": -369892000,
        "incomeBeforeTax": 49371000,
        "incomeBeforeTaxRatio": 0.0074833356,
        "incomeTaxExpense": -6006000,
        "netIncome": 55377000,
        "netIncomeRatio": 0.0083936861,
        "eps": 1.2,
        "epsdiluted": 1.2,
        "weightedAverageShsOut": 47846250,
        "weightedAverageShsOutDil": 50851450,
        "link": "https://www.sec.gov/Archives/edgar/data/84129/000104746914004077/0001047469-14-004077-index.htm",
        "finalLink": "https://www.sec.gov/Archives/edgar/data/84129/000104746914004077/a2219729z10-k.htm"
    },
    {
        "date": "2013-11-30",
        "symbol": "RAD",
        "reportedCurrency": "USD",
        "cik": "0000084129",
        "fillingDate": "2014-01-08",
        "acceptedDate": "2014-01-08 12:30:42",
        "calendarYear": "2014",
        "period": "Q3",
        "revenue": 6357732000,
        "costOfRevenue": 4557066000,
        "grossProfit": 1800666000,
        "grossProfitRatio": 0.2832245839,
        "researchAndDevelopmentExpenses": 0,
        "generalAndAdministrativeExpenses": 0,
        "sellingAndMarketingExpenses": 0,
        "sellingGeneralAndAdministrativeExpenses": 1632299000,
        "otherExpenses": 0,
        "operatingExpenses": 1632299000,
        "costAndExpenses": 6189365000,
        "interestIncome": 0,
        "interestExpense": 102819000,
        "depreciationAndAmortization": 101188000,
        "ebitda": 269555000,
        "ebitdaratio": 0.0423979809,
        "operatingIncome": 168367000,
        "operatingIncomeRatio": 0.0264822424,
        "totalOtherIncomeExpensesNet": -95431000,
        "incomeBeforeTax": 72936000,
        "incomeBeforeTaxRatio": 0.0114720155,
        "incomeTaxExpense": 1388000,
        "netIncome": 71548000,
        "netIncomeRatio": 0.0112536986,
        "eps": 0.92,
        "epsdiluted": 0.87,
        "weightedAverageShsOut": 46949700,
        "weightedAverageShsOutDil": 49391850,
        "link": "https://www.sec.gov/Archives/edgar/data/84129/000104746914000075/0001047469-14-000075-index.htm",
        "finalLink": "https://www.sec.gov/Archives/edgar/data/84129/000104746914000075/a2217820z10-q.htm"
    },
    {
        "date": "2013-08-31",
        "symbol": "RAD",
        "reportedCurrency": "USD",
        "cik": "0000084129",
        "fillingDate": "2013-10-03",
        "acceptedDate": "2013-10-03 11:24:52",
        "calendarYear": "2014",
        "period": "Q2",
        "revenue": 6278165000,
        "costOfRevenue": 4461804000,
        "grossProfit": 1816361000,
        "grossProfitRatio": 0.2893139954,
        "researchAndDevelopmentExpenses": 0,
        "generalAndAdministrativeExpenses": 0,
        "sellingAndMarketingExpenses": 0,
        "sellingGeneralAndAdministrativeExpenses": 1602931000,
        "otherExpenses": 0,
        "operatingExpenses": 1602931000,
        "costAndExpenses": 6064735000,
        "interestIncome": 0,
        "interestExpense": 106716000,
        "depreciationAndAmortization": 99247000,
        "ebitda": 312677000,
        "ebitdaratio": 0.0498038838,
        "operatingIncome": 213430000,
        "operatingIncomeRatio": 0.0339956022,
        "totalOtherIncomeExpensesNet": -178393000,
        "incomeBeforeTax": 35037000,
        "incomeBeforeTaxRatio": 0.0055807708,
        "incomeTaxExpense": 2210000,
        "netIncome": 32827000,
        "netIncomeRatio": 0.0052287571,
        "eps": 0.6,
        "epsdiluted": 0.6,
        "weightedAverageShsOut": 45099600,
        "weightedAverageShsOutDil": 47335900,
        "link": "https://www.sec.gov/Archives/edgar/data/84129/000104746913009488/0001047469-13-009488-index.htm",
        "finalLink": "https://www.sec.gov/Archives/edgar/data/84129/000104746913009488/a2216833z10-q.htm"
    },
    {
        "date": "2013-06-01",
        "symbol": "RAD",
        "reportedCurrency": "USD",
        "cik": "0000084129",
        "fillingDate": "2013-07-05",
        "acceptedDate": "2013-07-05 09:34:47",
        "calendarYear": "2014",
        "period": "Q1",
        "revenue": 6293057000,
        "costOfRevenue": 4472066000,
        "grossProfit": 1820991000,
        "grossProfitRatio": 0.2893650892,
        "researchAndDevelopmentExpenses": 0,
        "generalAndAdministrativeExpenses": 0,
        "sellingAndMarketingExpenses": 0,
        "sellingGeneralAndAdministrativeExpenses": 1609261000,
        "otherExpenses": 0,
        "operatingExpenses": 1609261000,
        "costAndExpenses": 6081327000,
        "interestIncome": 0,
        "interestExpense": 113064000,
        "depreciationAndAmortization": 101246000,
        "ebitda": 312976000,
        "ebitdaratio": 0.0497335397,
        "operatingIncome": 211730000,
        "operatingIncomeRatio": 0.0336450155,
        "totalOtherIncomeExpensesNet": -118856000,
        "incomeBeforeTax": 92874000,
        "incomeBeforeTaxRatio": 0.0147581692,
        "incomeTaxExpense": 3212000,
        "netIncome": 89662000,
        "netIncomeRatio": 0.0142477654,
        "eps": 2,
        "epsdiluted": 1.8,
        "weightedAverageShsOut": 44693550,
        "weightedAverageShsOutDil": 49554400,
        "link": "https://www.sec.gov/Archives/edgar/data/84129/000104746913007384/0001047469-13-007384-index.htm",
        "finalLink": "https://www.sec.gov/Archives/edgar/data/84129/000104746913007384/a2215816z10-q.htm"
    },
    {
        "date": "2013-03-02",
        "symbol": "RAD",
        "reportedCurrency": "USD",
        "cik": "0000084129",
        "fillingDate": "2013-04-23",
        "acceptedDate": "2013-04-23 15:57:40",
        "calendarYear": "2013",
        "period": "Q4",
        "revenue": 6455245000,
        "costOfRevenue": 4407482000,
        "grossProfit": 2047763000,
        "grossProfitRatio": 0.3172246754,
        "researchAndDevelopmentExpenses": 0,
        "generalAndAdministrativeExpenses": 0,
        "sellingAndMarketingExpenses": 0,
        "sellingGeneralAndAdministrativeExpenses": 1682332000,
        "otherExpenses": 0,
        "operatingExpenses": 1682332000,
        "costAndExpenses": 6089814000,
        "interestIncome": 0,
        "interestExpense": 127408000,
        "depreciationAndAmortization": 102951000,
        "ebitda": 468382000,
        "ebitdaratio": 0.0725583615,
        "operatingIncome": 365431000,
        "operatingIncomeRatio": 0.056609935,
        "totalOtherIncomeExpensesNet": -289126000,
        "incomeBeforeTax": 76305000,
        "incomeBeforeTaxRatio": 0.0118206203,
        "incomeTaxExpense": -46782000,
        "netIncome": 123087000,
        "netIncomeRatio": 0.0190677503,
        "eps": 2.8,
        "epsdiluted": 2.6,
        "weightedAverageShsOut": 44565150,
        "weightedAverageShsOutDil": 48441000,
        "link": "https://www.sec.gov/Archives/edgar/data/84129/000104746913004721/0001047469-13-004721-index.htm",
        "finalLink": "https://www.sec.gov/Archives/edgar/data/84129/000104746913004721/a2214454z10-k.htm"
    },
    {
        "date": "2012-12-01",
        "symbol": "RAD",
        "reportedCurrency": "USD",
        "cik": "0000084129",
        "fillingDate": "2013-01-08",
        "acceptedDate": "2013-01-08 14:53:12",
        "calendarYear": "2013",
        "period": "Q3",
        "revenue": 6237847000,
        "costOfRevenue": 4426526000,
        "grossProfit": 1811321000,
        "grossProfitRatio": 0.2903759903,
        "researchAndDevelopmentExpenses": 0,
        "generalAndAdministrativeExpenses": 0,
        "sellingAndMarketingExpenses": 0,
        "sellingGeneralAndAdministrativeExpenses": 1612198000,
        "otherExpenses": 0,
        "operatingExpenses": 1612198000,
        "costAndExpenses": 6038724000,
        "interestIncome": 0,
        "interestExpense": 128371000,
        "depreciationAndAmortization": 102790000,
        "ebitda": 422180000,
        "ebitdaratio": 0.0676804032,
        "operatingIncome": 199123000,
        "operatingIncomeRatio": 0.0319217512,
        "totalOtherIncomeExpensesNet": -136475000,
        "incomeBeforeTax": 62648000,
        "incomeBeforeTaxRatio": 0.0100432088,
        "incomeTaxExpense": 777000,
        "netIncome": 61871000,
        "netIncomeRatio": 0.0099186466,
        "eps": 1.4,
        "epsdiluted": 1.4,
        "weightedAverageShsOut": 44551550,
        "weightedAverageShsOutDil": 45890400,
        "link": "https://www.sec.gov/Archives/edgar/data/84129/000104746913000106/0001047469-13-000106-index.htm",
        "finalLink": "https://www.sec.gov/Archives/edgar/data/84129/000104746913000106/a2212296z10-q.htm"
    },
    {
        "date": "2012-09-01",
        "symbol": "RAD",
        "reportedCurrency": "USD",
        "cik": "0000084129",
        "fillingDate": "2012-10-02",
        "acceptedDate": "2012-10-02 12:30:46",
        "calendarYear": "2013",
        "period": "Q2",
        "revenue": 6230884000,
        "costOfRevenue": 4520463000,
        "grossProfit": 1710421000,
        "grossProfitRatio": 0.274506956,
        "researchAndDevelopmentExpenses": 0,
        "generalAndAdministrativeExpenses": 0,
        "sellingAndMarketingExpenses": 0,
        "sellingGeneralAndAdministrativeExpenses": 1618169000,
        "otherExpenses": 0,
        "operatingExpenses": 1618169000,
        "costAndExpenses": 6138632000,
        "interestIncome": 0,
        "interestExpense": 129054000,
        "depreciationAndAmortization": 101999000,
        "ebitda": 194251000,
        "ebitdaratio": 0.0311755122,
        "operatingIncome": 92252000,
        "operatingIncomeRatio": 0.0148056038,
        "totalOtherIncomeExpensesNet": -133883000,
        "incomeBeforeTax": -41631000,
        "incomeBeforeTaxRatio": -0.0066813954,
        "incomeTaxExpense": -2866000,
        "netIncome": -38765000,
        "netIncomeRatio": -0.0062214286,
        "eps": -0.87,
        "epsdiluted": -0.87,
        "weightedAverageShsOut": 44482250,
        "weightedAverageShsOutDil": 44482250,
        "link": "https://www.sec.gov/Archives/edgar/data/84129/000104746912009237/0001047469-12-009237-index.htm",
        "finalLink": "https://www.sec.gov/Archives/edgar/data/84129/000104746912009237/a2211132z10-q.htm"
    },
    {
        "date": "2012-06-02",
        "symbol": "RAD",
        "reportedCurrency": "USD",
        "cik": "0000084129",
        "fillingDate": "2012-07-03",
        "acceptedDate": "2012-07-03 09:14:14",
        "calendarYear": "2013",
        "period": "Q1",
        "revenue": 6468287000,
        "costOfRevenue": 4719516000,
        "grossProfit": 1748771000,
        "grossProfitRatio": 0.2703607617,
        "researchAndDevelopmentExpenses": 0,
        "generalAndAdministrativeExpenses": 0,
        "sellingAndMarketingExpenses": 0,
        "sellingGeneralAndAdministrativeExpenses": 1688066000,
        "otherExpenses": 0,
        "operatingExpenses": 1705908000,
        "costAndExpenses": 6425424000,
        "interestIncome": 0,
        "interestExpense": 130588000,
        "depreciationAndAmortization": 106371000,
        "ebitda": 149234000,
        "ebitdaratio": 0.0230716417,
        "operatingIncome": 42863000,
        "operatingIncomeRatio": 0.0066266386,
        "totalOtherIncomeExpensesNet": -132680000,
        "incomeBeforeTax": -89817000,
        "incomeBeforeTaxRatio": -0.0138857475,
        "incomeTaxExpense": -61729000,
        "netIncome": -28088000,
        "netIncomeRatio": -0.0043424171,
        "eps": -0.63,
        "epsdiluted": -0.63,
        "weightedAverageShsOut": 44375800,
        "weightedAverageShsOutDil": 44375800,
        "link": "https://www.sec.gov/Archives/edgar/data/84129/000104746912007017/0001047469-12-007017-index.htm",
        "finalLink": "https://www.sec.gov/Archives/edgar/data/84129/000104746912007017/a2210074z10-q.htm"
    },
    {
        "date": "2012-03-03",
        "symbol": "RAD",
        "reportedCurrency": "USD",
        "cik": "0000084129",
        "fillingDate": "2012-04-24",
        "acceptedDate": "2012-04-24 10:25:58",
        "calendarYear": "2012",
        "period": "Q4",
        "revenue": 7146754000,
        "costOfRevenue": 5364679000,
        "grossProfit": 1782075000,
        "grossProfitRatio": 0.2493544622,
        "researchAndDevelopmentExpenses": 0,
        "generalAndAdministrativeExpenses": 0,
        "sellingAndMarketingExpenses": 0,
        "sellingGeneralAndAdministrativeExpenses": 1758325000,
        "otherExpenses": 0,
        "operatingExpenses": 1758325000,
        "costAndExpenses": 7123004000,
        "interestIncome": 0,
        "interestExpense": 137739000,
        "depreciationAndAmortization": 107201000,
        "ebitda": 130951000,
        "ebitdaratio": 0.0183231436,
        "operatingIncome": 23750000,
        "operatingIncomeRatio": 0.003323187,
        "totalOtherIncomeExpensesNet": -209219000,
        "incomeBeforeTax": -185469000,
        "incomeBeforeTaxRatio": -0.0259515019,
        "incomeTaxExpense": -24219000,
        "netIncome": -161250000,
        "netIncomeRatio": -0.0225626907,
        "eps": -3.64,
        "epsdiluted": -3.64,
        "weightedAverageShsOut": 44355600,
        "weightedAverageShsOutDil": 44355600,
        "link": "https://www.sec.gov/Archives/edgar/data/84129/000104746912004644/0001047469-12-004644-index.htm",
        "finalLink": "https://www.sec.gov/Archives/edgar/data/84129/000104746912004644/a2208945z10-k.htm"
    },
    {
        "date": "2011-11-26",
        "symbol": "RAD",
        "reportedCurrency": "USD",
        "cik": "0000084129",
        "fillingDate": "2011-12-29",
        "acceptedDate": "2011-12-29 08:46:05",
        "calendarYear": "2012",
        "period": "Q3",
        "revenue": 6312584000,
        "costOfRevenue": 4641204000,
        "grossProfit": 1671380000,
        "grossProfitRatio": 0.264769546,
        "researchAndDevelopmentExpenses": 0,
        "generalAndAdministrativeExpenses": 0,
        "sellingAndMarketingExpenses": 0,
        "sellingGeneralAndAdministrativeExpenses": 1583098000,
        "otherExpenses": 0,
        "operatingExpenses": 1583098000,
        "costAndExpenses": 6224302000,
        "interestIncome": 0,
        "interestExpense": 129927000,
        "depreciationAndAmortization": 107579000,
        "ebitda": 88282000,
        "ebitdaratio": 0.0139850812,
        "operatingIncome": -19297000,
        "operatingIncomeRatio": -0.0030569098,
        "totalOtherIncomeExpensesNet": -31716000,
        "incomeBeforeTax": -51013000,
        "incomeBeforeTaxRatio": -0.0080811598,
        "incomeTaxExpense": 972000,
        "netIncome": -51985000,
        "netIncomeRatio": -0.0082351379,
        "eps": -1.17,
        "epsdiluted": -1.17,
        "weightedAverageShsOut": 44331450,
        "weightedAverageShsOutDil": 44331450,
        "link": "https://www.sec.gov/Archives/edgar/data/84129/000104746911010238/0001047469-11-010238-index.htm",
        "finalLink": "https://www.sec.gov/Archives/edgar/data/84129/000104746911010238/a2206708z10-q.htm"
    },
    {
        "date": "2011-08-27",
        "symbol": "RAD",
        "reportedCurrency": "USD",
        "cik": "0000084129",
        "fillingDate": "2011-10-05",
        "acceptedDate": "2011-10-05 09:12:11",
        "calendarYear": "2012",
        "period": "Q2",
        "revenue": 6271091000,
        "costOfRevenue": 4622130000,
        "grossProfit": 1648961000,
        "grossProfitRatio": 0.2629464315,
        "researchAndDevelopmentExpenses": 0,
        "generalAndAdministrativeExpenses": 0,
        "sellingAndMarketingExpenses": 0,
        "sellingGeneralAndAdministrativeExpenses": 1603752000,
        "otherExpenses": 0,
        "operatingExpenses": 1603752000,
        "costAndExpenses": 6225882000,
        "interestIncome": 0,
        "interestExpense": 130829000,
        "depreciationAndAmortization": 108712000,
        "ebitda": 153921000,
        "ebitdaratio": 0.024544533,
        "operatingIncome": 45209000,
        "operatingIncomeRatio": 0.0072091124,
        "totalOtherIncomeExpensesNet": -140175000,
        "incomeBeforeTax": -94966000,
        "incomeBeforeTaxRatio": -0.0151434575,
        "incomeTaxExpense": -2712000,
        "netIncome": -92254000,
        "netIncomeRatio": -0.0147109969,
        "eps": -2.08,
        "epsdiluted": -2.08,
        "weightedAverageShsOut": 44281050,
        "weightedAverageShsOutDil": 44281050,
        "link": "https://www.sec.gov/Archives/edgar/data/84129/000104746911008367/0001047469-11-008367-index.htm",
        "finalLink": "https://www.sec.gov/Archives/edgar/data/84129/000104746911008367/a2205725z10-q.htm"
    },
    {
        "date": "2011-05-28",
        "symbol": "RAD",
        "reportedCurrency": "USD",
        "cik": "0000084129",
        "fillingDate": "2011-07-06",
        "acceptedDate": "2011-07-06 09:43:00",
        "calendarYear": "2012",
        "period": "Q1",
        "revenue": 6390793000,
        "costOfRevenue": 4699874000,
        "grossProfit": 1690919000,
        "grossProfitRatio": 0.2645867266,
        "researchAndDevelopmentExpenses": 0,
        "generalAndAdministrativeExpenses": 0,
        "sellingAndMarketingExpenses": 0,
        "sellingGeneralAndAdministrativeExpenses": 1586236000,
        "otherExpenses": 0,
        "operatingExpenses": 1586236000,
        "costAndExpenses": 6286110000,
        "interestIncome": 0,
        "interestExpense": 130760000,
        "depreciationAndAmortization": 117090000,
        "ebitda": 221773000,
        "ebitdaratio": 0.0347019533,
        "operatingIncome": 104683000,
        "operatingIncomeRatio": 0.0163802833,
        "totalOtherIncomeExpensesNet": -165492000,
        "incomeBeforeTax": -60809000,
        "incomeBeforeTaxRatio": -0.0095150946,
        "incomeTaxExpense": 2273000,
        "netIncome": -63082000,
        "netIncomeRatio": -0.0098707625,
        "eps": -1.43,
        "epsdiluted": -1.43,
        "weightedAverageShsOut": 44195750,
        "weightedAverageShsOutDil": 44195750,
        "link": "https://www.sec.gov/Archives/edgar/data/84129/000104746911006165/0001047469-11-006165-index.htm",
        "finalLink": "https://www.sec.gov/Archives/edgar/data/84129/000104746911006165/a2204667z10-q.htm"
    },
    {
        "date": "2011-02-26",
        "symbol": "RAD",
        "reportedCurrency": "USD",
        "cik": "0000084129",
        "fillingDate": "2011-04-26",
        "acceptedDate": "2011-04-26 15:11:56",
        "calendarYear": "2011",
        "period": "Q4",
        "revenue": 6456466000,
        "costOfRevenue": 4755479000,
        "grossProfit": 1700987000,
        "grossProfitRatio": 0.2634548064,
        "researchAndDevelopmentExpenses": 0,
        "generalAndAdministrativeExpenses": 0,
        "sellingAndMarketingExpenses": 0,
        "sellingGeneralAndAdministrativeExpenses": 1630053000,
        "otherExpenses": 0,
        "operatingExpenses": 1630053000,
        "costAndExpenses": 6385532000,
        "interestIncome": 0,
        "interestExpense": 132504000,
        "depreciationAndAmortization": 126548000,
        "ebitda": 197482000,
        "ebitdaratio": 0.0305867018,
        "operatingIncome": 70934000,
        "operatingIncomeRatio": 0.0109865056,
        "totalOtherIncomeExpensesNet": -275139000,
        "incomeBeforeTax": -204205000,
        "incomeBeforeTaxRatio": -0.0316279835,
        "incomeTaxExpense": 1488000,
        "netIncome": -205693000,
        "netIncomeRatio": -0.0318584501,
        "eps": -4.65,
        "epsdiluted": -4.65,
        "weightedAverageShsOut": 44189200,
        "weightedAverageShsOutDil": 44189200,
        "link": "https://www.sec.gov/Archives/edgar/data/84129/000104746911004075/0001047469-11-004075-index.htm",
        "finalLink": "https://www.sec.gov/Archives/edgar/data/84129/000104746911004075/a2203508z10-k.htm"
    },
    {
        "date": "2010-11-27",
        "symbol": "RAD",
        "reportedCurrency": "USD",
        "cik": "0000084129",
        "fillingDate": "2011-01-06",
        "acceptedDate": "2011-01-06 10:13:36",
        "calendarYear": "2011",
        "period": "Q3",
        "revenue": 6202353000,
        "costOfRevenue": 4561200000,
        "grossProfit": 1641153000,
        "grossProfitRatio": 0.2646016762,
        "researchAndDevelopmentExpenses": 0,
        "generalAndAdministrativeExpenses": 0,
        "sellingAndMarketingExpenses": 0,
        "sellingGeneralAndAdministrativeExpenses": 1578142000,
        "otherExpenses": 0,
        "operatingExpenses": 1578142000,
        "costAndExpenses": 6139342000,
        "interestIncome": 0,
        "interestExpense": 133742000,
        "depreciationAndAmortization": 124985000,
        "ebitda": 187996000,
        "ebitdaratio": 0.0303104322,
        "operatingIncome": 63011000,
        "operatingIncomeRatio": 0.0101592089,
        "totalOtherIncomeExpensesNet": -143695000,
        "incomeBeforeTax": -80684000,
        "incomeBeforeTaxRatio": -0.0130086114,
        "incomeTaxExpense": -1613000,
        "netIncome": -79071000,
        "netIncomeRatio": -0.0127485488,
        "eps": -1.79,
        "epsdiluted": -1.79,
        "weightedAverageShsOut": 44175750,
        "weightedAverageShsOutDil": 44175750,
        "link": "https://www.sec.gov/Archives/edgar/data/84129/000104746911000033/0001047469-11-000033-index.htm",
        "finalLink": "https://www.sec.gov/Archives/edgar/data/84129/000104746911000033/a2201508z10-q.htm"
    },
    {
        "date": "2010-08-28",
        "symbol": "RAD",
        "reportedCurrency": "USD",
        "cik": "0000084129",
        "fillingDate": "2010-10-07",
        "acceptedDate": "2010-10-07 09:38:29",
        "calendarYear": "2011",
        "period": "Q2",
        "revenue": 6161752000,
        "costOfRevenue": 4523092000,
        "grossProfit": 1638660000,
        "grossProfitRatio": 0.2659405961,
        "researchAndDevelopmentExpenses": 0,
        "generalAndAdministrativeExpenses": 0,
        "sellingAndMarketingExpenses": 0,
        "sellingGeneralAndAdministrativeExpenses": 1626704000,
        "otherExpenses": 0,
        "operatingExpenses": 1666734000,
        "costAndExpenses": 6189826000,
        "interestIncome": 0,
        "interestExpense": 139716000,
        "depreciationAndAmortization": 126513000,
        "ebitda": 98439000,
        "ebitdaratio": 0.0159758134,
        "operatingIncome": -28074000,
        "operatingIncomeRatio": -0.0045561717,
        "totalOtherIncomeExpensesNet": -166076000,
        "incomeBeforeTax": -194150000,
        "incomeBeforeTaxRatio": -0.0315088955,
        "incomeTaxExpense": 2826000,
        "netIncome": -196976000,
        "netIncomeRatio": -0.0319675313,
        "eps": -4.46,
        "epsdiluted": -4.46,
        "weightedAverageShsOut": 44137900,
        "weightedAverageShsOutDil": 44137900,
        "link": "https://www.sec.gov/Archives/edgar/data/84129/000104746910008476/0001047469-10-008476-index.htm",
        "finalLink": "https://www.sec.gov/Archives/edgar/data/84129/000104746910008476/a2200331z10-q.htm"
    },
    {
        "date": "2010-05-29",
        "symbol": "RAD",
        "reportedCurrency": "USD",
        "cik": "0000084129",
        "fillingDate": "2010-07-06",
        "acceptedDate": "2010-07-06 16:59:33",
        "calendarYear": "2011",
        "period": "Q1",
        "revenue": 6394336000,
        "costOfRevenue": 4682632000,
        "grossProfit": 1711704000,
        "grossProfitRatio": 0.2676906562,
        "researchAndDevelopmentExpenses": 0,
        "generalAndAdministrativeExpenses": 0,
        "sellingAndMarketingExpenses": 0,
        "sellingGeneralAndAdministrativeExpenses": 1622934000,
        "otherExpenses": 0,
        "operatingExpenses": 1622934000,
        "costAndExpenses": 6305566000,
        "interestIncome": 0,
        "interestExpense": 141619000,
        "depreciationAndAmortization": 127500000,
        "ebitda": 216270000,
        "ebitdaratio": 0.0338221201,
        "operatingIncome": 88770000,
        "operatingIncomeRatio": 0.0138825986,
        "totalOtherIncomeExpensesNet": -155313000,
        "incomeBeforeTax": -66543000,
        "incomeBeforeTaxRatio": -0.0104065535,
        "incomeTaxExpense": 7141000,
        "netIncome": -73684000,
        "netIncomeRatio": -0.0115233231,
        "eps": -1.67,
        "epsdiluted": -1.67,
        "weightedAverageShsOut": 44086600,
        "weightedAverageShsOutDil": 44086600,
        "link": "https://www.sec.gov/Archives/edgar/data/84129/000104746910006268/0001047469-10-006268-index.htm",
        "finalLink": "https://www.sec.gov/Archives/edgar/data/84129/000104746910006268/a2199234z10-q.htm"
    },
    {
        "date": "2010-02-27",
        "symbol": "RAD",
        "reportedCurrency": "USD",
        "cik": "0000084129",
        "fillingDate": "2010-04-28",
        "acceptedDate": "2010-04-28 15:35:16",
        "calendarYear": "2010",
        "period": "Q4",
        "revenue": 6463786000,
        "costOfRevenue": 4788449000,
        "grossProfit": 1675337000,
        "grossProfitRatio": 0.2591881909,
        "researchAndDevelopmentExpenses": 0,
        "generalAndAdministrativeExpenses": 0,
        "sellingAndMarketingExpenses": 0,
        "sellingGeneralAndAdministrativeExpenses": 1641574000,
        "otherExpenses": 1459000,
        "operatingExpenses": 1666179000,
        "costAndExpenses": 6454628000,
        "interestIncome": 0,
        "interestExpense": 141687000,
        "depreciationAndAmortization": 129931000,
        "ebitda": 139089000,
        "ebitdaratio": 0.0215181938,
        "operatingIncome": 9158000,
        "operatingIncomeRatio": 0.0014168167,
        "totalOtherIncomeExpensesNet": -195750000,
        "incomeBeforeTax": -186592000,
        "incomeBeforeTaxRatio": -0.0288672923,
        "incomeTaxExpense": 21764000,
        "netIncome": -208356000,
        "netIncomeRatio": -0.0322343592,
        "eps": -4.73,
        "epsdiluted": -4.73,
        "weightedAverageShsOut": 44082050,
        "weightedAverageShsOutDil": 44082050,
        "link": "https://www.sec.gov/Archives/edgar/data/84129/000104746910004332/0001047469-10-004332-index.htm",
        "finalLink": "https://www.sec.gov/Archives/edgar/data/84129/000104746910004332/a2197990z10-k.htm"
    },
    {
        "date": "2009-11-28",
        "symbol": "RAD",
        "reportedCurrency": "USD",
        "cik": "0000084129",
        "fillingDate": "2010-01-06",
        "acceptedDate": "2010-01-06 15:03:49",
        "calendarYear": "2010",
        "period": "Q3",
        "revenue": 6352283000,
        "costOfRevenue": 4665871000,
        "grossProfit": 1686412000,
        "grossProfitRatio": 0.2654812451,
        "researchAndDevelopmentExpenses": 0,
        "generalAndAdministrativeExpenses": 0,
        "sellingAndMarketingExpenses": 0,
        "sellingGeneralAndAdministrativeExpenses": 1605213000,
        "otherExpenses": 0,
        "operatingExpenses": 1603754000,
        "costAndExpenses": 6269625000,
        "interestIncome": 0,
        "interestExpense": 135770000,
        "depreciationAndAmortization": 132547000,
        "ebitda": 215205000,
        "ebitdaratio": 0.033878371,
        "operatingIncome": 82658000,
        "operatingIncomeRatio": 0.0130123296,
        "totalOtherIncomeExpensesNet": -170842000,
        "incomeBeforeTax": -88184000,
        "incomeBeforeTaxRatio": -0.013882253,
        "incomeTaxExpense": -4322000,
        "netIncome": -83862000,
        "netIncomeRatio": -0.0132018677,
        "eps": -1.9,
        "epsdiluted": -1.9,
        "weightedAverageShsOut": 44068550,
        "weightedAverageShsOutDil": 44068550,
        "link": "https://www.sec.gov/Archives/edgar/data/84129/000104746910000035/0001047469-10-000035-index.htm",
        "finalLink": "https://www.sec.gov/Archives/edgar/data/84129/000104746910000035/a2195893z10-q.htm"
    },
    {
        "date": "2009-08-29",
        "symbol": "RAD",
        "reportedCurrency": "USD",
        "cik": "0000084129",
        "fillingDate": "2009-10-07",
        "acceptedDate": "2009-10-07 10:28:30",
        "calendarYear": "2010",
        "period": "Q2",
        "revenue": 6321870000,
        "costOfRevenue": 4633595000,
        "grossProfit": 1688275000,
        "grossProfitRatio": 0.267053103,
        "researchAndDevelopmentExpenses": 0,
        "generalAndAdministrativeExpenses": 0,
        "sellingAndMarketingExpenses": 0,
        "sellingGeneralAndAdministrativeExpenses": 1645913000,
        "otherExpenses": 0,
        "operatingExpenses": 1645913000,
        "costAndExpenses": 6279508000,
        "interestIncome": 0,
        "interestExpense": 128828000,
        "depreciationAndAmortization": 133522000,
        "ebitda": 175884000,
        "ebitdaratio": 0.0278215148,
        "operatingIncome": 42362000,
        "operatingIncomeRatio": 0.0067008654,
        "totalOtherIncomeExpensesNet": -154385000,
        "incomeBeforeTax": -112023000,
        "incomeBeforeTaxRatio": -0.0177199152,
        "incomeTaxExpense": 3989000,
        "netIncome": -116012000,
        "netIncomeRatio": -0.0183508993,
        "eps": -2.63,
        "epsdiluted": -2.63,
        "weightedAverageShsOut": 44034150,
        "weightedAverageShsOutDil": 44034150,
        "link": "https://www.sec.gov/Archives/edgar/data/84129/000104746909008799/0001047469-09-008799-index.htm",
        "finalLink": "https://www.sec.gov/Archives/edgar/data/84129/000104746909008799/a2194716z10-q.htm"
    },
    {
        "date": "2009-05-30",
        "symbol": "RAD",
        "reportedCurrency": "USD",
        "cik": "0000084129",
        "fillingDate": "2009-07-08",
        "acceptedDate": "2009-07-08 13:55:42",
        "calendarYear": "2010",
        "period": "Q1",
        "revenue": 6531178000,
        "costOfRevenue": 4757112000,
        "grossProfit": 1774066000,
        "grossProfitRatio": 0.2716303246,
        "researchAndDevelopmentExpenses": 0,
        "generalAndAdministrativeExpenses": 0,
        "sellingAndMarketingExpenses": 0,
        "sellingGeneralAndAdministrativeExpenses": 1710672000,
        "otherExpenses": 0,
        "operatingExpenses": 1710672000,
        "costAndExpenses": 6467784000,
        "interestIncome": 0,
        "interestExpense": 109478000,
        "depreciationAndAmortization": 138238000,
        "ebitda": 201632000,
        "ebitdaratio": 0.0308722255,
        "operatingIncome": 63394000,
        "operatingIncomeRatio": 0.0097063654,
        "totalOtherIncomeExpensesNet": 5327000,
        "incomeBeforeTax": -93119000,
        "incomeBeforeTaxRatio": -0.0142576117,
        "incomeTaxExpense": 5327000,
        "netIncome": -98446000,
        "netIncomeRatio": -0.0150732379,
        "eps": -2.24,
        "epsdiluted": -2.24,
        "weightedAverageShsOut": 43981650,
        "weightedAverageShsOutDil": 43981650,
        "link": "https://www.sec.gov/Archives/edgar/data/84129/000104746909006663/0001047469-09-006663-index.htm",
        "finalLink": "https://www.sec.gov/Archives/edgar/data/84129/000104746909006663/a2193600z10-q.htm"
    },
    {
        "date": "2009-02-28",
        "symbol": "RAD",
        "reportedCurrency": "USD",
        "cik": "0000084129",
        "fillingDate": "2009-04-17",
        "acceptedDate": "2009-04-17 17:09:44",
        "calendarYear": "2009",
        "period": "Q4",
        "revenue": 6707567000,
        "costOfRevenue": 4983847000,
        "grossProfit": 1723720000,
        "grossProfitRatio": 0.2569814062,
        "researchAndDevelopmentExpenses": 0,
        "generalAndAdministrativeExpenses": 0,
        "sellingAndMarketingExpenses": 0,
        "sellingGeneralAndAdministrativeExpenses": 1699889000,
        "otherExpenses": 0,
        "operatingExpenses": 1699889000,
        "costAndExpenses": 6683736000,
        "interestIncome": 0,
        "interestExpense": 477627000,
        "depreciationAndAmortization": 144859000,
        "ebitda": -1967984000,
        "ebitdaratio": -0.2933975911,
        "operatingIncome": 1937717000,
        "operatingIncomeRatio": 0.2888852247,
        "totalOtherIncomeExpensesNet": -2028093000,
        "incomeBeforeTax": -2004262000,
        "incomeBeforeTaxRatio": -0.2988061096,
        "incomeTaxExpense": 289396000,
        "netIncome": -2293658000,
        "netIncomeRatio": -0.3419508147,
        "eps": -53.24,
        "epsdiluted": -53.24,
        "weightedAverageShsOut": 43084150,
        "weightedAverageShsOutDil": 43084150,
        "link": "https://www.sec.gov/Archives/edgar/data/84129/000104746909004278/0001047469-09-004278-index.htm",
        "finalLink": "https://www.sec.gov/Archives/edgar/data/84129/000104746909004278/a2192156z10-k.htm"
    },
    {
        "date": "2008-11-29",
        "symbol": "RAD",
        "reportedCurrency": "USD",
        "cik": "0000084129",
        "fillingDate": "2009-01-07",
        "acceptedDate": "2009-01-07 17:13:41",
        "calendarYear": "2009",
        "period": "Q3",
        "revenue": 6468601000,
        "costOfRevenue": 4743089000,
        "grossProfit": 1725512000,
        "grossProfitRatio": 0.2667519607,
        "researchAndDevelopmentExpenses": 0,
        "generalAndAdministrativeExpenses": 0,
        "sellingAndMarketingExpenses": 0,
        "sellingGeneralAndAdministrativeExpenses": 1711873000,
        "otherExpenses": 0,
        "operatingExpenses": 1711873000,
        "costAndExpenses": 6454962000,
        "interestIncome": 0,
        "interestExpense": 126615000,
        "depreciationAndAmortization": 145407000,
        "ebitda": 259673000,
        "ebitdaratio": 0.0401436107,
        "operatingIncome": 114266000,
        "operatingIncomeRatio": 0.0176647161,
        "totalOtherIncomeExpensesNet": 29522000,
        "incomeBeforeTax": -213603000,
        "incomeBeforeTaxRatio": -0.0330215142,
        "incomeTaxExpense": 29522000,
        "netIncome": -243125000,
        "netIncomeRatio": -0.0375854068,
        "eps": -5.78,
        "epsdiluted": -5.78,
        "weightedAverageShsOut": 42027700,
        "weightedAverageShsOutDil": 42027700,
        "link": "https://www.sec.gov/Archives/edgar/data/84129/000104746909000070/0001047469-09-000070-index.htm",
        "finalLink": "https://www.sec.gov/Archives/edgar/data/84129/000104746909000070/a2189816z10-q.htm"
    },
    {
        "date": "2008-08-30",
        "symbol": "RAD",
        "reportedCurrency": "USD",
        "cik": "0000084129",
        "fillingDate": "2008-10-08",
        "acceptedDate": "2008-10-08 16:17:56",
        "calendarYear": "2009",
        "period": "Q2",
        "revenue": 6500244000,
        "costOfRevenue": 4722070000,
        "grossProfit": 1778174000,
        "grossProfitRatio": 0.2735549619,
        "researchAndDevelopmentExpenses": 0,
        "generalAndAdministrativeExpenses": 0,
        "sellingAndMarketingExpenses": 0,
        "sellingGeneralAndAdministrativeExpenses": 1780631000,
        "otherExpenses": 0,
        "operatingExpenses": 1780631000,
        "costAndExpenses": 6502701000,
        "interestIncome": 0,
        "interestExpense": 118565000,
        "depreciationAndAmortization": 150901000,
        "ebitda": -221997000,
        "ebitdaratio": -0.0341521026,
        "operatingIncome": 93172000,
        "operatingIncomeRatio": 0.0143336158,
        "totalOtherIncomeExpensesNet": 5346000,
        "incomeBeforeTax": -216651000,
        "incomeBeforeTaxRatio": -0.0333296719,
        "incomeTaxExpense": 5346000,
        "netIncome": -221997000,
        "netIncomeRatio": -0.0341521026,
        "eps": -5.3,
        "epsdiluted": -5.3,
        "weightedAverageShsOut": 41895650,
        "weightedAverageShsOutDil": 41895650,
        "link": "https://www.sec.gov/Archives/edgar/data/84129/000104746908010772/0001047469-08-010772-index.htm",
        "finalLink": "https://www.sec.gov/Archives/edgar/data/84129/000104746908010772/a2188008z10-q.htm"
    },
    {
        "date": "2008-05-31",
        "symbol": "RAD",
        "reportedCurrency": "USD",
        "cik": "0000084129",
        "fillingDate": "2008-07-10",
        "acceptedDate": "2008-07-10 16:23:59",
        "calendarYear": "2009",
        "period": "Q1",
        "revenue": 6612856000,
        "costOfRevenue": 4804610000,
        "grossProfit": 1808246000,
        "grossProfitRatio": 0.2734440308,
        "researchAndDevelopmentExpenses": 0,
        "generalAndAdministrativeExpenses": 0,
        "sellingAndMarketingExpenses": 0,
        "sellingGeneralAndAdministrativeExpenses": 1792974000,
        "otherExpenses": 0,
        "operatingExpenses": 1792974000,
        "costAndExpenses": 6597584000,
        "interestIncome": 0,
        "interestExpense": 118240000,
        "depreciationAndAmortization": 145041000,
        "ebitda": 205623000,
        "ebitdaratio": 0.0310944318,
        "operatingIncome": 60582000,
        "operatingIncomeRatio": 0.0091612459,
        "totalOtherIncomeExpensesNet": 4993000,
        "incomeBeforeTax": -148278000,
        "incomeBeforeTaxRatio": -0.022422687,
        "incomeTaxExpense": 4993000,
        "netIncome": -156640000,
        "netIncomeRatio": -0.0236871936,
        "eps": -3.81,
        "epsdiluted": -3.81,
        "weightedAverageShsOut": 41154300,
        "weightedAverageShsOutDil": 41154300,
        "link": "https://www.sec.gov/Archives/edgar/data/84129/000104746908008091/0001047469-08-008091-index.htm",
        "finalLink": "https://www.sec.gov/Archives/edgar/data/84129/000104746908008091/a2186619z10-q.htm"
    },
    {
        "date": "2008-03-01",
        "symbol": "RAD",
        "reportedCurrency": "USD",
        "cik": "0000084129",
        "fillingDate": "2008-04-29",
        "acceptedDate": "2008-04-29 14:56:12",
        "calendarYear": "2008",
        "period": "Q4",
        "revenue": 6746287000,
        "costOfRevenue": 4878367000,
        "grossProfit": 1867920000,
        "grossProfitRatio": 0.2768811941,
        "researchAndDevelopmentExpenses": 0,
        "generalAndAdministrativeExpenses": 0,
        "sellingAndMarketingExpenses": 0,
        "sellingGeneralAndAdministrativeExpenses": 1748543000,
        "otherExpenses": 0,
        "operatingExpenses": 1748543000,
        "costAndExpenses": 6626910000,
        "interestIncome": 0,
        "interestExpense": 449596000,
        "depreciationAndAmortization": 134532000,
        "ebitda": 298580000,
        "ebitdaratio": 0.0442584195,
        "operatingIncome": 164048000,
        "operatingIncomeRatio": 0.0243167834,
        "totalOtherIncomeExpensesNet": -171986000,
        "incomeBeforeTax": -52609000,
        "incomeBeforeTaxRatio": -0.0077982155,
        "incomeTaxExpense": 896781000,
        "netIncome": -952180000,
        "netIncomeRatio": -0.1411413419,
        "eps": -23.88,
        "epsdiluted": -23.88,
        "weightedAverageShsOut": 39866650,
        "weightedAverageShsOutDil": 39866650,
        "link": "https://www.sec.gov/Archives/edgar/data/84129/000104746908005477/0001047469-08-005477-index.htm",
        "finalLink": "https://www.sec.gov/Archives/edgar/data/84129/000104746908005477/a2184764z10-k.htm"
    },
    {
        "date": "2007-12-01",
        "symbol": "RAD",
        "reportedCurrency": "USD",
        "cik": "0000084129",
        "fillingDate": "2008-01-09",
        "acceptedDate": "2008-01-09 15:38:56",
        "calendarYear": "2008",
        "period": "Q3",
        "revenue": 6523544000,
        "costOfRevenue": 4772895000,
        "grossProfit": 1750649000,
        "grossProfitRatio": 0.2683585793,
        "researchAndDevelopmentExpenses": 0,
        "generalAndAdministrativeExpenses": 0,
        "sellingAndMarketingExpenses": 0,
        "sellingGeneralAndAdministrativeExpenses": 1738926000,
        "otherExpenses": 0,
        "operatingExpenses": 1738926000,
        "costAndExpenses": 6511821000,
        "interestIncome": 0,
        "interestExpense": 130306000,
        "depreciationAndAmortization": 137530000,
        "ebitda": 168984000,
        "ebitdaratio": 0.0259037112,
        "operatingIncome": 31454000,
        "operatingIncomeRatio": 0.0048216123,
        "totalOtherIncomeExpensesNet": -169768000,
        "incomeBeforeTax": -138314000,
        "incomeBeforeTaxRatio": -0.021202279,
        "incomeTaxExpense": -53468000,
        "netIncome": -84846000,
        "netIncomeRatio": -0.0130061206,
        "eps": -2.16,
        "epsdiluted": -2.16,
        "weightedAverageShsOut": 39275600,
        "weightedAverageShsOutDil": 39275600,
        "link": "https://www.sec.gov/Archives/edgar/data/84129/000104746908000167/0001047469-08-000167-index.htm",
        "finalLink": "https://www.sec.gov/Archives/edgar/data/84129/000104746908000167/a2181829z10-q.htm"
    },
    {
        "date": "2007-09-01",
        "symbol": "RAD",
        "reportedCurrency": "USD",
        "cik": "0000084129",
        "fillingDate": "2007-10-10",
        "acceptedDate": "2007-10-10 16:29:49",
        "calendarYear": "2008",
        "period": "Q2",
        "revenue": 6599205000,
        "costOfRevenue": 4802881000,
        "grossProfit": 1796324000,
        "grossProfitRatio": 0.2722030911,
        "researchAndDevelopmentExpenses": 0,
        "generalAndAdministrativeExpenses": 0,
        "sellingAndMarketingExpenses": 0,
        "sellingGeneralAndAdministrativeExpenses": 1750881000,
        "otherExpenses": 0,
        "operatingExpenses": 1750881000,
        "costAndExpenses": 6553762000,
        "interestIncome": 0,
        "interestExpense": 123250000,
        "depreciationAndAmortization": 132492000,
        "ebitda": 270047000,
        "ebitdaratio": 0.0409211413,
        "operatingIncome": 76581000,
        "operatingIncomeRatio": 0.0116045796,
        "totalOtherIncomeExpensesNet": -154388000,
        "incomeBeforeTax": -108945000,
        "incomeBeforeTaxRatio": -0.0165088067,
        "incomeTaxExpense": -39347000,
        "netIncome": -69598000,
        "netIncomeRatio": -0.0105464219,
        "eps": -1.78,
        "epsdiluted": -1.78,
        "weightedAverageShsOut": 39090250,
        "weightedAverageShsOutDil": 39090250,
        "link": "https://www.sec.gov/Archives/edgar/data/84129/000110465907074237/0001104659-07-074237-index.htm",
        "finalLink": "https://www.sec.gov/Archives/edgar/data/84129/000110465907074237/a07-24653_110q.htm"
    },
    {
        "date": "2007-06-02",
        "symbol": "RAD",
        "reportedCurrency": "USD",
        "cik": "0000084129",
        "fillingDate": "2007-07-12",
        "acceptedDate": "2007-07-12 14:08:57",
        "calendarYear": "2008",
        "period": "Q1",
        "revenue": 4457810000,
        "costOfRevenue": 3235129000,
        "grossProfit": 1222681000,
        "grossProfitRatio": 0.2742784013,
        "researchAndDevelopmentExpenses": 0,
        "generalAndAdministrativeExpenses": 0,
        "sellingAndMarketingExpenses": 0,
        "sellingGeneralAndAdministrativeExpenses": 1127787000,
        "otherExpenses": 0,
        "operatingExpenses": 1127787000,
        "costAndExpenses": 4362916000,
        "interestIncome": 0,
        "interestExpense": 68725000,
        "depreciationAndAmortization": 67919000,
        "ebitda": 162613000,
        "ebitdaratio": 0.0364782259,
        "operatingIncome": 94694000,
        "operatingIncomeRatio": 0.0212422692,
        "totalOtherIncomeExpensesNet": -68325000,
        "incomeBeforeTax": 26369000,
        "incomeBeforeTaxRatio": 0.0059152364,
        "incomeTaxExpense": -1265000,
        "netIncome": 27634000,
        "netIncomeRatio": 0.006199008,
        "eps": 0.8,
        "epsdiluted": 0.8,
        "weightedAverageShsOut": 26551950,
        "weightedAverageShsOutDil": 27516900,
        "link": "https://www.sec.gov/Archives/edgar/data/84129/000110465907053528/0001104659-07-053528-index.htm",
        "finalLink": "https://www.sec.gov/Archives/edgar/data/84129/000110465907053528/a07-17021_110q.htm"
    },
    {
        "date": "2007-03-03",
        "symbol": "RAD",
        "reportedCurrency": "USD",
        "cik": "0000084129",
        "fillingDate": "2007-04-30",
        "acceptedDate": "2007-04-30 07:51:57",
        "calendarYear": "2007",
        "period": "Q4",
        "revenue": 4562069000,
        "costOfRevenue": 3335025000,
        "grossProfit": 1227044000,
        "grossProfitRatio": 0.2689665588,
        "researchAndDevelopmentExpenses": 0,
        "generalAndAdministrativeExpenses": 0,
        "sellingAndMarketingExpenses": 0,
        "sellingGeneralAndAdministrativeExpenses": 1123273000,
        "otherExpenses": 0,
        "operatingExpenses": 1123273000,
        "costAndExpenses": 4458298000,
        "interestIncome": 0,
        "interestExpense": 275219000,
        "depreciationAndAmortization": 69079000,
        "ebitda": 74156000,
        "ebitdaratio": 0.0162549054,
        "operatingIncome": 137861000,
        "operatingIncomeRatio": 0.0302189642,
        "totalOtherIncomeExpensesNet": -103606000,
        "incomeBeforeTax": 165000,
        "incomeBeforeTaxRatio": 3.61678e-05,
        "incomeTaxExpense": -14932000,
        "netIncome": 15097000,
        "netIncomeRatio": 0.0033092441,
        "eps": 0.2,
        "epsdiluted": 0.2,
        "weightedAverageShsOut": 26834300,
        "weightedAverageShsOutDil": 26834300,
        "link": "https://www.sec.gov/Archives/edgar/data/84129/000110465907032827/0001104659-07-032827-index.htm",
        "finalLink": "https://www.sec.gov/Archives/edgar/data/84129/000110465907032827/a07-10478_110k.htm"
    },
    {
        "date": "2006-12-02",
        "symbol": "RAD",
        "reportedCurrency": "USD",
        "cik": "0000084129",
        "fillingDate": "2007-01-10",
        "acceptedDate": "2007-01-10 12:24:46",
        "calendarYear": "2007",
        "period": "Q3",
        "revenue": 4320208000,
        "costOfRevenue": 3166165000,
        "grossProfit": 1154043000,
        "grossProfitRatio": 0.2671267217,
        "researchAndDevelopmentExpenses": 0,
        "generalAndAdministrativeExpenses": 0,
        "sellingAndMarketingExpenses": 0,
        "sellingGeneralAndAdministrativeExpenses": 1079509000,
        "otherExpenses": 0,
        "operatingExpenses": 1079509000,
        "costAndExpenses": 4245674000,
        "interestIncome": 0,
        "interestExpense": 68184000,
        "depreciationAndAmortization": 67808000,
        "ebitda": 147413000,
        "ebitdaratio": 0.0341217367,
        "operatingIncome": 79605000,
        "operatingIncomeRatio": 0.0184261961,
        "totalOtherIncomeExpensesNet": -78326000,
        "incomeBeforeTax": 1279000,
        "incomeBeforeTaxRatio": 0.0002960506,
        "incomeTaxExpense": 175000,
        "netIncome": 1104000,
        "netIncomeRatio": 0.0002555433,
        "eps": -0.2,
        "epsdiluted": -0.2,
        "weightedAverageShsOut": 33965000,
        "weightedAverageShsOutDil": 33965000,
        "link": "https://www.sec.gov/Archives/edgar/data/84129/000110465907001770/0001104659-07-001770-index.htm",
        "finalLink": "https://www.sec.gov/Archives/edgar/data/84129/000110465907001770/a06-26047_110q.htm"
    },
    {
        "date": "2006-09-02",
        "symbol": "RAD",
        "reportedCurrency": "USD",
        "cik": "0000084129",
        "fillingDate": "2006-10-10",
        "acceptedDate": "2006-10-10 11:53:05",
        "calendarYear": "2007",
        "period": "Q2",
        "revenue": 4288356000,
        "costOfRevenue": 3137321000,
        "grossProfit": 1151035000,
        "grossProfitRatio": 0.2684093858,
        "researchAndDevelopmentExpenses": 0,
        "generalAndAdministrativeExpenses": 0,
        "sellingAndMarketingExpenses": 0,
        "sellingGeneralAndAdministrativeExpenses": 1082102000,
        "otherExpenses": 0,
        "operatingExpenses": 1082102000,
        "costAndExpenses": 4219423000,
        "interestIncome": 0,
        "interestExpense": 67513000,
        "depreciationAndAmortization": 67288000,
        "ebitda": 140521000,
        "ebitdaratio": 0.0327680351,
        "operatingIncome": 73233000,
        "operatingIncomeRatio": 0.0170771736,
        "totalOtherIncomeExpensesNet": -76785000,
        "incomeBeforeTax": -3552000,
        "incomeBeforeTaxRatio": -0.0008282894,
        "incomeTaxExpense": -3222000,
        "netIncome": -330000,
        "netIncomeRatio": -7.69526e-05,
        "eps": -0.0126,
        "epsdiluted": -0.0126,
        "weightedAverageShsOut": 26168650,
        "weightedAverageShsOutDil": 26168650,
        "link": "https://www.sec.gov/Archives/edgar/data/84129/000110465906065741/0001104659-06-065741-index.htm",
        "finalLink": "https://www.sec.gov/Archives/edgar/data/84129/000110465906065741/a06-19927_110q.htm"
    },
    {
        "date": "2006-06-03",
        "symbol": "RAD",
        "reportedCurrency": "USD",
        "cik": "0000084129",
        "fillingDate": "2006-07-03",
        "acceptedDate": "2006-07-03 15:56:34",
        "calendarYear": "2007",
        "period": "Q1",
        "revenue": 4337086000,
        "costOfRevenue": 3153086000,
        "grossProfit": 1184000000,
        "grossProfitRatio": 0.2729943561,
        "researchAndDevelopmentExpenses": 0,
        "generalAndAdministrativeExpenses": 0,
        "sellingAndMarketingExpenses": 0,
        "sellingGeneralAndAdministrativeExpenses": 1085597000,
        "otherExpenses": 0,
        "operatingExpenses": 1085597000,
        "costAndExpenses": 4238683000,
        "interestIncome": 0,
        "interestExpense": 69334000,
        "depreciationAndAmortization": 66132000,
        "ebitda": 233869000,
        "ebitdaratio": 0.0539230719,
        "operatingIncome": 111782000,
        "operatingIncomeRatio": 0.0257735263,
        "totalOtherIncomeExpensesNet": -96092000,
        "incomeBeforeTax": 15690000,
        "incomeBeforeTaxRatio": 0.0036176364,
        "incomeTaxExpense": 4735000,
        "netIncome": 10955000,
        "netIncomeRatio": 0.0025258895,
        "eps": 0.2,
        "epsdiluted": 0.2,
        "weightedAverageShsOut": 26129700,
        "weightedAverageShsOutDil": 26665400,
        "link": "https://www.sec.gov/Archives/edgar/data/84129/000110465906045162/0001104659-06-045162-index.htm",
        "finalLink": "https://www.sec.gov/Archives/edgar/data/84129/000110465906045162/a06-10943_210q.htm"
    },
    {
        "date": "2006-03-04",
        "symbol": "RAD",
        "reportedCurrency": "USD",
        "cik": "0000084129",
        "fillingDate": "2006-04-28",
        "acceptedDate": "2006-04-28 16:40:06",
        "calendarYear": "2006",
        "period": "Q4",
        "revenue": 4771326000,
        "costOfRevenue": 3185543000,
        "grossProfit": 1585783000,
        "grossProfitRatio": 0.3323568752,
        "researchAndDevelopmentExpenses": 0,
        "generalAndAdministrativeExpenses": 0,
        "sellingAndMarketingExpenses": 0,
        "sellingGeneralAndAdministrativeExpenses": 1441958000,
        "otherExpenses": 0,
        "operatingExpenses": 1441958000,
        "costAndExpenses": 4627501000,
        "interestIncome": 0,
        "interestExpense": 277017000,
        "depreciationAndAmortization": 65015000,
        "ebitda": 274935000,
        "ebitdaratio": 0.0576223465,
        "operatingIncome": 209920000,
        "operatingIncomeRatio": 0.0439961554,
        "totalOtherIncomeExpensesNet": -203934000,
        "incomeBeforeTax": 5986000,
        "incomeBeforeTaxRatio": 0.0012545779,
        "incomeTaxExpense": -1240387000,
        "netIncome": 1246373000,
        "netIncomeRatio": 0.2612215137,
        "eps": 47.4,
        "epsdiluted": 46.72,
        "weightedAverageShsOut": 26447100,
        "weightedAverageShsOutDil": 26447100,
        "link": "https://www.sec.gov/Archives/edgar/data/84129/000110465906029024/0001104659-06-029024-index.htm",
        "finalLink": "https://www.sec.gov/Archives/edgar/data/84129/000110465906029024/a06-8190_110k.htm"
    },
    {
        "date": "2005-11-26",
        "symbol": "RAD",
        "reportedCurrency": "USD",
        "cik": "0000084129",
        "fillingDate": "2005-12-22",
        "acceptedDate": "2005-12-22 14:48:23",
        "calendarYear": "2006",
        "period": "Q3",
        "revenue": 4145683000,
        "costOfRevenue": 3127776000,
        "grossProfit": 1017907000,
        "grossProfitRatio": 0.2455342099,
        "researchAndDevelopmentExpenses": 0,
        "generalAndAdministrativeExpenses": 0,
        "sellingAndMarketingExpenses": 0,
        "sellingGeneralAndAdministrativeExpenses": 958669000,
        "otherExpenses": 0,
        "operatingExpenses": 958669000,
        "costAndExpenses": 4086445000,
        "interestIncome": 0,
        "interestExpense": 0,
        "depreciationAndAmortization": 63114000,
        "ebitda": 61890000,
        "ebitdaratio": 0.0149287825,
        "operatingIncome": 57866000,
        "operatingIncomeRatio": 0.0139581343,
        "totalOtherIncomeExpensesNet": -64165000,
        "incomeBeforeTax": -6299000,
        "incomeBeforeTaxRatio": -0.0015194119,
        "incomeTaxExpense": -1079000,
        "netIncome": -5220000,
        "netIncomeRatio": -0.0012591411,
        "eps": -0.17,
        "epsdiluted": -0.17,
        "weightedAverageShsOut": 31185000,
        "weightedAverageShsOutDil": 31185000,
        "link": "https://www.sec.gov/Archives/edgar/data/84129/000095013605008254/0000950136-05-008254-index.htm",
        "finalLink": "https://www.sec.gov/Archives/edgar/data/84129/000095013605008254/file001.htm"
    },
    {
        "date": "2005-08-27",
        "symbol": "RAD",
        "reportedCurrency": "USD",
        "cik": "0000084129",
        "fillingDate": "2005-10-03",
        "acceptedDate": "2005-10-03 17:18:08",
        "calendarYear": "2006",
        "period": "Q2",
        "revenue": 4132523000,
        "costOfRevenue": 3117738000,
        "grossProfit": 1014785000,
        "grossProfitRatio": 0.2455606418,
        "researchAndDevelopmentExpenses": 0,
        "generalAndAdministrativeExpenses": 0,
        "sellingAndMarketingExpenses": 0,
        "sellingGeneralAndAdministrativeExpenses": 935688000,
        "otherExpenses": 0,
        "operatingExpenses": 935688000,
        "costAndExpenses": 4053426000,
        "interestIncome": 0,
        "interestExpense": 67513000,
        "depreciationAndAmortization": 61296000,
        "ebitda": 155745000,
        "ebitdaratio": 0.0376876305,
        "operatingIncome": 94449000,
        "operatingIncomeRatio": 0.0228550452,
        "totalOtherIncomeExpensesNet": -82865000,
        "incomeBeforeTax": -3768000,
        "incomeBeforeTaxRatio": -0.0009117917,
        "incomeTaxExpense": -2197000,
        "netIncome": -1571000,
        "netIncomeRatio": -0.0003801552,
        "eps": -0.06,
        "epsdiluted": -0.06,
        "weightedAverageShsOut": 26189450,
        "weightedAverageShsOutDil": 26189450,
        "link": "https://www.sec.gov/Archives/edgar/data/84129/000095013605006221/0000950136-05-006221-index.htm",
        "finalLink": "https://www.sec.gov/Archives/edgar/data/84129/000095013605006221/file001.htm"
    },
    {
        "date": "2005-05-28",
        "symbol": "RAD",
        "reportedCurrency": "USD",
        "cik": "0000084129",
        "fillingDate": "2005-06-30",
        "acceptedDate": "2005-06-30 10:40:38",
        "calendarYear": "2006",
        "period": "Q1",
        "revenue": 4221436000,
        "costOfRevenue": 3140803000,
        "grossProfit": 1080633000,
        "grossProfitRatio": 0.2559870622,
        "researchAndDevelopmentExpenses": 0,
        "generalAndAdministrativeExpenses": 0,
        "sellingAndMarketingExpenses": 0,
        "sellingGeneralAndAdministrativeExpenses": 947453000,
        "otherExpenses": 0,
        "operatingExpenses": 947453000,
        "costAndExpenses": 4088256000,
        "interestIncome": 0,
        "interestExpense": 70851000,
        "depreciationAndAmortization": 60330000,
        "ebitda": 208504000,
        "ebitdaratio": 0.0493917236,
        "operatingIncome": 148174000,
        "operatingIncomeRatio": 0.0351003782,
        "totalOtherIncomeExpensesNet": -85845000,
        "incomeBeforeTax": 47335000,
        "incomeBeforeTaxRatio": 0.011213009,
        "incomeTaxExpense": 13911000,
        "netIncome": 33424000,
        "netIncomeRatio": 0.0079176849,
        "eps": 1,
        "epsdiluted": 1,
        "weightedAverageShsOut": 26037600,
        "weightedAverageShsOutDil": 26484200,
        "link": "https://www.sec.gov/Archives/edgar/data/84129/000095013605003908/0000950136-05-003908-index.htm",
        "finalLink": "https://www.sec.gov/Archives/edgar/data/84129/000095013605003908/file001.htm"
    },
    {
        "date": "2005-02-26",
        "symbol": "RAD",
        "reportedCurrency": "USD",
        "cik": "0000084129",
        "fillingDate": "2005-04-29",
        "acceptedDate": "2005-04-29 16:01:16",
        "calendarYear": "2005",
        "period": "Q4",
        "revenue": 4340840000,
        "costOfRevenue": 3221653000,
        "grossProfit": 1119187000,
        "grossProfitRatio": 0.2578272869,
        "researchAndDevelopmentExpenses": 0,
        "generalAndAdministrativeExpenses": 0,
        "sellingAndMarketingExpenses": 0,
        "sellingGeneralAndAdministrativeExpenses": 1009083000,
        "otherExpenses": 0,
        "operatingExpenses": 1009083000,
        "costAndExpenses": 4230736000,
        "interestIncome": 0,
        "interestExpense": 294871000,
        "depreciationAndAmortization": 61384000,
        "ebitda": 162966000,
        "ebitdaratio": 0.0375425033,
        "operatingIncome": 101582000,
        "operatingIncomeRatio": 0.0234014615,
        "totalOtherIncomeExpensesNet": -52854000,
        "incomeBeforeTax": 48728000,
        "incomeBeforeTaxRatio": 0.0112254771,
        "incomeTaxExpense": -179610000,
        "netIncome": 228338000,
        "netIncomeRatio": 0.0526022613,
        "eps": 8.25,
        "epsdiluted": 6.45,
        "weightedAverageShsOut": 27405000,
        "weightedAverageShsOutDil": 29093650,
        "link": "https://www.sec.gov/Archives/edgar/data/84129/000095013605002416/0000950136-05-002416-index.htm",
        "finalLink": "https://www.sec.gov/Archives/edgar/data/84129/000095013605002416/file001.htm"
    },
    {
        "date": "2004-11-27",
        "symbol": "RAD",
        "reportedCurrency": "USD",
        "cik": "0000084129",
        "fillingDate": "2004-12-21",
        "acceptedDate": "2004-12-21 16:59:40",
        "calendarYear": "2005",
        "period": "Q3",
        "revenue": 4107336000,
        "costOfRevenue": 3097712000,
        "grossProfit": 1009624000,
        "grossProfitRatio": 0.2458099362,
        "researchAndDevelopmentExpenses": 0,
        "generalAndAdministrativeExpenses": 0,
        "sellingAndMarketingExpenses": 0,
        "sellingGeneralAndAdministrativeExpenses": 909016000,
        "otherExpenses": 0,
        "operatingExpenses": 909016000,
        "costAndExpenses": 4006728000,
        "interestIncome": 0,
        "interestExpense": 70653000,
        "depreciationAndAmortization": 60259000,
        "ebitda": 100608000,
        "ebitdaratio": 0.024494709,
        "operatingIncome": 124224000,
        "operatingIncomeRatio": 0.0302444212,
        "totalOtherIncomeExpensesNet": -94269000,
        "incomeBeforeTax": 6339000,
        "incomeBeforeTaxRatio": 0.0015433361,
        "incomeTaxExpense": 5362000,
        "netIncome": 977000,
        "netIncomeRatio": 0.0002378671,
        "eps": -0.4,
        "epsdiluted": -0.4,
        "weightedAverageShsOut": 21015000,
        "weightedAverageShsOutDil": 26734800,
        "link": "https://www.sec.gov/Archives/edgar/data/84129/000095013604004473/0000950136-04-004473-index.htm",
        "finalLink": "https://www.sec.gov/Archives/edgar/data/84129/000095013604004473/file001.htm"
    },
    {
        "date": "2004-08-28",
        "symbol": "RAD",
        "reportedCurrency": "USD",
        "cik": "0000084129",
        "fillingDate": "2004-09-28",
        "acceptedDate": "2004-09-28 16:28:48",
        "calendarYear": "2005",
        "period": "Q2",
        "revenue": 4123906000,
        "costOfRevenue": 3097789000,
        "grossProfit": 1026117000,
        "grossProfitRatio": 0.2488216269,
        "researchAndDevelopmentExpenses": 0,
        "generalAndAdministrativeExpenses": 0,
        "sellingAndMarketingExpenses": 0,
        "sellingGeneralAndAdministrativeExpenses": 926153000,
        "otherExpenses": 0,
        "operatingExpenses": 926153000,
        "costAndExpenses": 4023942000,
        "interestIncome": 0,
        "interestExpense": 76519000,
        "depreciationAndAmortization": 61981000,
        "ebitda": 174832000,
        "ebitdaratio": 0.0423947588,
        "operatingIncome": 112851000,
        "operatingIncomeRatio": 0.0273650757,
        "totalOtherIncomeExpensesNet": -89406000,
        "incomeBeforeTax": 10558000,
        "incomeBeforeTaxRatio": 0.0025601941,
        "incomeTaxExpense": 728000,
        "netIncome": 9830000,
        "netIncomeRatio": 0.0023836625,
        "eps": 0.0524,
        "epsdiluted": 0.0508,
        "weightedAverageShsOut": 25879450,
        "weightedAverageShsOutDil": 26693700,
        "link": "https://www.sec.gov/Archives/edgar/data/84129/000095013604003136/0000950136-04-003136-index.htm",
        "finalLink": "https://www.sec.gov/Archives/edgar/data/84129/000095013604003136/file001.htm"
    },
    {
        "date": "2004-05-29",
        "symbol": "RAD",
        "reportedCurrency": "USD",
        "cik": "0000084129",
        "fillingDate": "2004-06-29",
        "acceptedDate": "2004-06-29 16:39:43",
        "calendarYear": "2005",
        "period": "Q1",
        "revenue": 4244357000,
        "costOfRevenue": 3191834000,
        "grossProfit": 1052523000,
        "grossProfitRatio": 0.247981732,
        "researchAndDevelopmentExpenses": 0,
        "generalAndAdministrativeExpenses": 0,
        "sellingAndMarketingExpenses": 0,
        "sellingGeneralAndAdministrativeExpenses": 912845000,
        "otherExpenses": 0,
        "operatingExpenses": 912845000,
        "costAndExpenses": 4104679000,
        "interestIncome": 0,
        "interestExpense": 77801000,
        "depreciationAndAmortization": 63118000,
        "ebitda": 196291000,
        "ebitdaratio": 0.0462475235,
        "operatingIncome": 133173000,
        "operatingIncomeRatio": 0.0313764841,
        "totalOtherIncomeExpensesNet": -75278000,
        "incomeBeforeTax": 68382000,
        "incomeBeforeTaxRatio": 0.0161112743,
        "incomeTaxExpense": 5049000,
        "netIncome": 63333000,
        "netIncomeRatio": 0.0149216949,
        "eps": 2.2,
        "epsdiluted": 2,
        "weightedAverageShsOut": 25841850,
        "weightedAverageShsOutDil": 28704550,
        "link": "https://www.sec.gov/Archives/edgar/data/84129/000095013604002090/0000950136-04-002090-index.htm",
        "finalLink": "https://www.sec.gov/Archives/edgar/data/84129/000095013604002090/file001.htm"
    },
    {
        "date": "2004-02-28",
        "symbol": "RAD",
        "reportedCurrency": "USD",
        "cik": "0000084129",
        "fillingDate": "2004-04-26",
        "acceptedDate": "2004-04-26 16:12:28",
        "calendarYear": "2004",
        "period": "Q4",
        "revenue": 4396346000,
        "costOfRevenue": 3307364000,
        "grossProfit": 1088982000,
        "grossProfitRatio": 0.247701614,
        "researchAndDevelopmentExpenses": 0,
        "generalAndAdministrativeExpenses": 0,
        "sellingAndMarketingExpenses": 0,
        "sellingGeneralAndAdministrativeExpenses": 951403000,
        "otherExpenses": 0,
        "operatingExpenses": 951403000,
        "costAndExpenses": 4258767000,
        "interestIncome": 0,
        "interestExpense": 313498000,
        "depreciationAndAmortization": 68655000,
        "ebitda": 208540000,
        "ebitdaratio": 0.047434847,
        "operatingIncome": 139885000,
        "operatingIncomeRatio": 0.0318184692,
        "totalOtherIncomeExpensesNet": -82025000,
        "incomeBeforeTax": 57860000,
        "incomeBeforeTaxRatio": 0.0131609296,
        "incomeTaxExpense": -1277000,
        "netIncome": 59137000,
        "netIncomeRatio": 0.013451398,
        "eps": 1.87,
        "epsdiluted": 1.83,
        "weightedAverageShsOut": 20670000,
        "weightedAverageShsOutDil": 27882150,
        "link": "https://www.sec.gov/Archives/edgar/data/84129/000095013604001277/0000950136-04-001277-index.htm",
        "finalLink": "https://www.sec.gov/Archives/edgar/data/84129/000095013604001277/file001.htm"
    },
    {
        "date": "2003-11-29",
        "symbol": "RAD",
        "reportedCurrency": "USD",
        "cik": "0000084129",
        "fillingDate": "2004-01-12",
        "acceptedDate": "2004-01-12 15:34:38",
        "calendarYear": "2004",
        "period": "Q3",
        "revenue": 4105844000,
        "costOfRevenue": 3105006000,
        "grossProfit": 1000838000,
        "grossProfitRatio": 0.243759383,
        "researchAndDevelopmentExpenses": 0,
        "generalAndAdministrativeExpenses": 0,
        "sellingAndMarketingExpenses": 0,
        "sellingGeneralAndAdministrativeExpenses": 896165000,
        "otherExpenses": 0,
        "operatingExpenses": 896165000,
        "costAndExpenses": 4001171000,
        "interestIncome": 0,
        "interestExpense": 77718000,
        "depreciationAndAmortization": 64961000,
        "ebitda": 170513000,
        "ebitdaratio": 0.0415293421,
        "operatingIncome": 105552000,
        "operatingIncomeRatio": 0.0257077473,
        "totalOtherIncomeExpensesNet": -88935000,
        "incomeBeforeTax": 26076000,
        "incomeBeforeTaxRatio": 0.0063509476,
        "incomeTaxExpense": -47518000,
        "netIncome": 73594000,
        "netIncomeRatio": 0.0179242075,
        "eps": 2.6,
        "epsdiluted": 2.4,
        "weightedAverageShsOut": 25216154,
        "weightedAverageShsOutDil": 27317500,
        "link": "https://www.sec.gov/Archives/edgar/data/84129/000095013604000054/0000950136-04-000054-index.htm",
        "finalLink": "https://www.sec.gov/Archives/edgar/data/84129/000095013604000054/file001.htm"
    },
    {
        "date": "2003-08-30",
        "symbol": "RAD",
        "reportedCurrency": "USD",
        "cik": "0000084129",
        "fillingDate": "2003-10-07",
        "acceptedDate": "2003-10-07 16:39:09",
        "calendarYear": "2004",
        "period": "Q2",
        "revenue": 4052091000,
        "costOfRevenue": 3087860000,
        "grossProfit": 964231000,
        "grossProfitRatio": 0.2379588711,
        "researchAndDevelopmentExpenses": 0,
        "generalAndAdministrativeExpenses": 0,
        "sellingAndMarketingExpenses": 0,
        "sellingGeneralAndAdministrativeExpenses": 902184000,
        "otherExpenses": 0,
        "operatingExpenses": 902184000,
        "costAndExpenses": 3990044000,
        "interestIncome": 0,
        "interestExpense": 79409000,
        "depreciationAndAmortization": 129610000,
        "ebitda": 184893000,
        "ebitdaratio": 0.0456290345,
        "operatingIncome": 55283000,
        "operatingIncomeRatio": 0.0136430796,
        "totalOtherIncomeExpensesNet": -81492000,
        "incomeBeforeTax": -10598000,
        "incomeBeforeTaxRatio": -0.0026154398,
        "incomeTaxExpense": 72645000,
        "netIncome": -10598000,
        "netIncomeRatio": -0.0026154398,
        "eps": -0.41,
        "epsdiluted": -0.41,
        "weightedAverageShsOut": 25770100,
        "weightedAverageShsOutDil": 25770100,
        "link": "https://www.sec.gov/Archives/edgar/data/84129/000095013603002509/0000950136-03-002509-index.htm",
        "finalLink": "https://www.sec.gov/Archives/edgar/data/84129/000095013603002509/file001.htm"
    },
    {
        "date": "2003-05-31",
        "symbol": "RAD",
        "reportedCurrency": "USD",
        "cik": "0000084129",
        "fillingDate": "2003-07-03",
        "acceptedDate": "2003-07-03 08:54:31",
        "calendarYear": "2004",
        "period": "Q1",
        "revenue": 4046168000,
        "costOfRevenue": 3068175000,
        "grossProfit": 977993000,
        "grossProfitRatio": 0.2417084511,
        "researchAndDevelopmentExpenses": 0,
        "generalAndAdministrativeExpenses": 0,
        "sellingAndMarketingExpenses": 0,
        "sellingGeneralAndAdministrativeExpenses": 905934000,
        "otherExpenses": 0,
        "operatingExpenses": 905934000,
        "costAndExpenses": 3974109000,
        "interestIncome": 0,
        "interestExpense": 78958000,
        "depreciationAndAmortization": 1062000,
        "ebitda": 88260000,
        "ebitdaratio": 0.0218132317,
        "operatingIncome": 103982000,
        "operatingIncomeRatio": 0.0256988835,
        "totalOtherIncomeExpensesNet": -127082000,
        "incomeBeforeTax": -38822000,
        "incomeBeforeTaxRatio": -0.0095947573,
        "incomeTaxExpense": 110881000,
        "netIncome": -38822000,
        "netIncomeRatio": -0.0095947573,
        "eps": -1.6,
        "epsdiluted": -1.6,
        "weightedAverageShsOut": 24263750,
        "weightedAverageShsOutDil": 24263750,
        "link": "https://www.sec.gov/Archives/edgar/data/84129/000095013603001670/0000950136-03-001670-index.htm",
        "finalLink": "https://www.sec.gov/Archives/edgar/data/84129/000095013603001670/file001.htm"
    },
    {
        "date": "2003-03-01",
        "symbol": "RAD",
        "reportedCurrency": "USD",
        "cik": "0000084129",
        "fillingDate": "2003-05-02",
        "acceptedDate": "2003-05-02 15:07:07",
        "calendarYear": "2003",
        "period": "Q4",
        "revenue": 4139961000,
        "costOfRevenue": 3148215000,
        "grossProfit": 991746000,
        "grossProfitRatio": 0.2395544306,
        "researchAndDevelopmentExpenses": 0,
        "generalAndAdministrativeExpenses": 0,
        "sellingAndMarketingExpenses": 0,
        "sellingGeneralAndAdministrativeExpenses": 840969000,
        "otherExpenses": 0,
        "operatingExpenses": 840969000,
        "costAndExpenses": 3989184000,
        "interestIncome": 0,
        "interestExpense": 330020000,
        "depreciationAndAmortization": 68277000,
        "ebitda": 294596000,
        "ebitdaratio": 0.0711591244,
        "operatingIncome": 226319000,
        "operatingIncomeRatio": 0.0546669401,
        "totalOtherIncomeExpensesNet": -155313000,
        "incomeBeforeTax": -4536000,
        "incomeBeforeTaxRatio": -0.0010956625,
        "incomeTaxExpense": 432000,
        "netIncome": 6998000,
        "netIncomeRatio": 0.0016903541,
        "eps": -0.4,
        "epsdiluted": 0.28,
        "weightedAverageShsOut": 25055357,
        "weightedAverageShsOutDil": 25055357,
        "link": "https://www.sec.gov/Archives/edgar/data/84129/000095013603001064/0000950136-03-001064-index.htm",
        "finalLink": "https://www.sec.gov/Archives/edgar/data/84129/000095013603001064/file001.htm"
    },
    {
        "date": "2002-11-30",
        "symbol": "RAD",
        "reportedCurrency": "USD",
        "cik": "0000084129",
        "fillingDate": "2002-12-27",
        "acceptedDate": "2002-12-26 18:17:50",
        "calendarYear": "2003",
        "period": "Q3",
        "revenue": 3879523000,
        "costOfRevenue": 2977050000,
        "grossProfit": 902473000,
        "grossProfitRatio": 0.2326247325,
        "researchAndDevelopmentExpenses": 0,
        "generalAndAdministrativeExpenses": 0,
        "sellingAndMarketingExpenses": 0,
        "sellingGeneralAndAdministrativeExpenses": 835239000,
        "otherExpenses": 0,
        "operatingExpenses": 835239000,
        "costAndExpenses": 3812289000,
        "interestIncome": 0,
        "interestExpense": 0,
        "depreciationAndAmortization": 69731000,
        "ebitda": 139135000,
        "ebitdaratio": 0.0358639451,
        "operatingIncome": 69404000,
        "operatingIncomeRatio": 0.0178898282,
        "totalOtherIncomeExpensesNet": -85281000,
        "incomeBeforeTax": -15877000,
        "incomeBeforeTaxRatio": -0.0040925134,
        "incomeTaxExpense": 490000,
        "netIncome": -16367000,
        "netIncomeRatio": -0.0042188176,
        "eps": -0.7,
        "epsdiluted": -0.64,
        "weightedAverageShsOut": 23342500,
        "weightedAverageShsOutDil": 25755950,
        "link": "https://www.sec.gov/Archives/edgar/data/84129/000112528202003860/0001125282-02-003860-index.htm",
        "finalLink": "https://www.sec.gov/Archives/edgar/data/84129/000112528202003860/b321913.txt"
    },
    {
        "date": "2002-08-31",
        "symbol": "RAD",
        "reportedCurrency": "USD",
        "cik": "0000084129",
        "fillingDate": "2002-10-15",
        "acceptedDate": "2002-10-15 14:14:50",
        "calendarYear": "2003",
        "period": "Q2",
        "revenue": 3856320000,
        "costOfRevenue": 2973199000,
        "grossProfit": 883121000,
        "grossProfitRatio": 0.2290061509,
        "researchAndDevelopmentExpenses": 0,
        "generalAndAdministrativeExpenses": 0,
        "sellingAndMarketingExpenses": 0,
        "sellingGeneralAndAdministrativeExpenses": 902709000,
        "otherExpenses": 0,
        "operatingExpenses": 902709000,
        "costAndExpenses": 3875908000,
        "interestIncome": 0,
        "interestExpense": 0,
        "depreciationAndAmortization": 72307000,
        "ebitda": 54210000,
        "ebitdaratio": 0.0140574434,
        "operatingIncome": -18097000,
        "operatingIncomeRatio": -0.0046928159,
        "totalOtherIncomeExpensesNet": -86446000,
        "incomeBeforeTax": -106034000,
        "incomeBeforeTaxRatio": -0.0274961621,
        "incomeTaxExpense": 649000,
        "netIncome": -105291000,
        "netIncomeRatio": -0.0273034914,
        "eps": -4.2,
        "epsdiluted": -4.09,
        "weightedAverageShsOut": 25069286,
        "weightedAverageShsOutDil": 25755950,
        "link": "https://www.sec.gov/Archives/edgar/data/84129/000112528202002893/0001125282-02-002893-index.htm",
        "finalLink": "https://www.sec.gov/Archives/edgar/data/84129/000112528202002893/b320621_10q.txt"
    },
    {
        "date": "2002-06-01",
        "symbol": "RAD",
        "reportedCurrency": "USD",
        "cik": "0000084129",
        "fillingDate": "2002-06-28",
        "acceptedDate": "2002-06-28 14:54:15",
        "calendarYear": "2003",
        "period": "Q1",
        "revenue": 3925116000,
        "costOfRevenue": 3010719000,
        "grossProfit": 914397000,
        "grossProfitRatio": 0.2329605036,
        "researchAndDevelopmentExpenses": 0,
        "generalAndAdministrativeExpenses": 0,
        "sellingAndMarketingExpenses": 0,
        "sellingGeneralAndAdministrativeExpenses": 891681000,
        "otherExpenses": 0,
        "operatingExpenses": 955594000,
        "costAndExpenses": 3966313000,
        "interestIncome": 0,
        "interestExpense": 0,
        "depreciationAndAmortization": 75019000,
        "ebitda": 13104000,
        "ebitdaratio": 0.0033385001,
        "operatingIncome": -61915000,
        "operatingIncomeRatio": -0.0157740561,
        "totalOtherIncomeExpensesNet": 20718000,
        "incomeBeforeTax": -41197000,
        "incomeBeforeTaxRatio": -0.0104957408,
        "incomeTaxExpense": -43511000,
        "netIncome": 2584000,
        "netIncomeRatio": 0.0006583245,
        "eps": -0.2,
        "epsdiluted": -0.2,
        "weightedAverageShsOut": 25755950,
        "weightedAverageShsOutDil": 25755950,
        "link": "https://www.sec.gov/Archives/edgar/data/84129/000112528202002122/0001125282-02-002122-index.htm",
        "finalLink": "https://www.sec.gov/Archives/edgar/data/84129/000112528202002122/b319075_10q.txt"
    },
    {
        "date": "2002-03-02",
        "symbol": "RAD",
        "reportedCurrency": "USD",
        "cik": "0000084129",
        "fillingDate": "2002-05-07",
        "acceptedDate": "2002-05-07 16:51:35",
        "calendarYear": "2002",
        "period": "Q4",
        "revenue": 4037860000,
        "costOfRevenue": 3105420000,
        "grossProfit": 932440000,
        "grossProfitRatio": 0.2309243015,
        "researchAndDevelopmentExpenses": 0,
        "generalAndAdministrativeExpenses": 0,
        "sellingAndMarketingExpenses": 0,
        "sellingGeneralAndAdministrativeExpenses": 897619000,
        "otherExpenses": 0,
        "operatingExpenses": 1716399000,
        "costAndExpenses": 4821819000,
        "interestIncome": 0,
        "interestExpense": 0,
        "depreciationAndAmortization": 82927000,
        "ebitda": -493284000,
        "ebitdaratio": -0.122164711,
        "operatingIncome": -576211000,
        "operatingIncomeRatio": -0.1427020749,
        "totalOtherIncomeExpensesNet": 303525000,
        "incomeBeforeTax": -272686000,
        "incomeBeforeTaxRatio": -0.0675323067,
        "incomeTaxExpense": -14791000,
        "netIncome": -257895000,
        "netIncomeRatio": -0.0638692278,
        "eps": -9.13,
        "epsdiluted": -9.13,
        "weightedAverageShsOut": 28244267,
        "weightedAverageShsOutDil": 28244267,
        "link": "https://www.sec.gov/Archives/edgar/data/84129/000112528202001498/0001125282-02-001498-index.htm",
        "finalLink": "https://www.sec.gov/Archives/edgar/data/84129/000112528202001498/b318166_10k.txt"
    },
    {
        "date": "2001-12-01",
        "symbol": "RAD",
        "reportedCurrency": "USD",
        "cik": "0000084129",
        "fillingDate": "2002-01-15",
        "acceptedDate": "2002-01-15 00:00:00",
        "calendarYear": "2002",
        "period": "Q3",
        "revenue": 3732079000,
        "costOfRevenue": 2923759000,
        "grossProfit": 808320000,
        "grossProfitRatio": 0.2165870551,
        "researchAndDevelopmentExpenses": 0,
        "generalAndAdministrativeExpenses": 0,
        "sellingAndMarketingExpenses": 0,
        "sellingGeneralAndAdministrativeExpenses": 801453000,
        "otherExpenses": 0,
        "operatingExpenses": 806653000,
        "costAndExpenses": 3730412000,
        "interestIncome": 0,
        "interestExpense": 0,
        "depreciationAndAmortization": 86737000,
        "ebitda": 119773000,
        "ebitdaratio": 0.0320928362,
        "operatingIncome": 33036000,
        "operatingIncomeRatio": 0.0088519027,
        "totalOtherIncomeExpensesNet": -145253000,
        "incomeBeforeTax": -112217000,
        "incomeBeforeTaxRatio": -0.0300682274,
        "incomeTaxExpense": 546000,
        "netIncome": -112763000,
        "netIncomeRatio": -0.0302145265,
        "eps": -4.6,
        "epsdiluted": -4.6,
        "weightedAverageShsOut": 24513696,
        "weightedAverageShsOutDil": 24513696,
        "link": "https://www.sec.gov/Archives/edgar/data/84129/000112528202000150/0001125282-02-000150-index.htm",
        "finalLink": "https://www.sec.gov/Archives/edgar/data/84129/000112528202000150/b316011_10q.txt"
    },
    {
        "date": "2001-09-01",
        "symbol": "RAD",
        "reportedCurrency": "USD",
        "cik": "0000084129",
        "fillingDate": "2001-10-12",
        "acceptedDate": "2001-10-12 00:00:00",
        "calendarYear": "2002",
        "period": "Q2",
        "revenue": 3691074000,
        "costOfRevenue": 2872390000,
        "grossProfit": 818684000,
        "grossProfitRatio": 0.2218010259,
        "researchAndDevelopmentExpenses": 0,
        "generalAndAdministrativeExpenses": 0,
        "sellingAndMarketingExpenses": 0,
        "sellingGeneralAndAdministrativeExpenses": 809949000,
        "otherExpenses": 0,
        "operatingExpenses": 815229000,
        "costAndExpenses": 3687619000,
        "interestIncome": 0,
        "interestExpense": 0,
        "depreciationAndAmortization": 89335000,
        "ebitda": 170700000,
        "ebitdaratio": 0.0462467022,
        "operatingIncome": 81365000,
        "operatingIncomeRatio": 0.0220437195,
        "totalOtherIncomeExpensesNet": -258197000,
        "incomeBeforeTax": -176832000,
        "incomeBeforeTaxRatio": -0.0479080073,
        "incomeTaxExpense": 2500000,
        "netIncome": -245921000,
        "netIncomeRatio": -0.0666258655,
        "eps": -10.3,
        "epsdiluted": -10.3,
        "weightedAverageShsOut": 23873200,
        "weightedAverageShsOutDil": 23873200,
        "link": "https://www.sec.gov/Archives/edgar/data/84129/000112528201502199/0001125282-01-502199-index.htm",
        "finalLink": "https://www.sec.gov/Archives/edgar/data/84129/000112528201502199/b314119_10q.txt"
    },
    {
        "date": "2001-06-02",
        "symbol": "RAD",
        "reportedCurrency": "USD",
        "cik": "0000084129",
        "fillingDate": "2001-07-16",
        "acceptedDate": "2001-07-16 00:00:00",
        "calendarYear": "2002",
        "period": "Q1",
        "revenue": 3710133000,
        "costOfRevenue": 2749899000,
        "grossProfit": 960234000,
        "grossProfitRatio": 0.2588139024,
        "researchAndDevelopmentExpenses": 0,
        "generalAndAdministrativeExpenses": 0,
        "sellingAndMarketingExpenses": 0,
        "sellingGeneralAndAdministrativeExpenses": 858049000,
        "otherExpenses": 0,
        "operatingExpenses": 954233000,
        "costAndExpenses": 3704132000,
        "interestIncome": 0,
        "interestExpense": 0,
        "depreciationAndAmortization": 90841000,
        "ebitda": 190599000,
        "ebitdaratio": 0.0513725519,
        "operatingIncome": 99758000,
        "operatingIncomeRatio": 0.0268879849,
        "totalOtherIncomeExpensesNet": -310860000,
        "incomeBeforeTax": -211102000,
        "incomeBeforeTaxRatio": -0.0568987689,
        "incomeTaxExpense": 0,
        "netIncome": -211102000,
        "netIncomeRatio": -0.0568987689,
        "eps": -8.56,
        "epsdiluted": -8.56,
        "weightedAverageShsOut": 24667300,
        "weightedAverageShsOutDil": 24667300,
        "link": "https://www.sec.gov/Archives/edgar/data/84129/000112528201501207/0001125282-01-501207-index.htm",
        "finalLink": "https://www.sec.gov/Archives/edgar/data/84129/000112528201501207/b312605_10q.txt"
    },
    {
        "date": "2001-03-31",
        "symbol": "RAD",
        "reportedCurrency": "USD",
        "cik": "0000084129",
        "fillingDate": "2001-05-21",
        "acceptedDate": "2001-05-21 00:00:00",
        "calendarYear": "2001",
        "period": "Q4",
        "revenue": 4103519000,
        "costOfRevenue": 3023195000,
        "grossProfit": 1080324000,
        "grossProfitRatio": 0.2632676978,
        "researchAndDevelopmentExpenses": 0,
        "generalAndAdministrativeExpenses": 0,
        "sellingAndMarketingExpenses": 0,
        "sellingGeneralAndAdministrativeExpenses": 964182000,
        "otherExpenses": 0,
        "operatingExpenses": 1876053000,
        "costAndExpenses": 4899248000,
        "interestIncome": 0,
        "interestExpense": 0,
        "depreciationAndAmortization": 106062000,
        "ebitda": -508784000,
        "ebitdaratio": -0.1239872412,
        "operatingIncome": -614846000,
        "operatingIncomeRatio": -0.1498338377,
        "totalOtherIncomeExpensesNet": 257313000,
        "incomeBeforeTax": -357533000,
        "incomeBeforeTaxRatio": -0.0871283891,
        "incomeTaxExpense": 4575000,
        "netIncome": -331674000,
        "netIncomeRatio": -0.0808267246,
        "eps": -19.83,
        "epsdiluted": -19.83,
        "weightedAverageShsOut": 16730003,
        "weightedAverageShsOutDil": 16730003,
        "link": "https://www.sec.gov/Archives/edgar/data/84129/000112528201500559/0001125282-01-500559-index.htm",
        "finalLink": "https://www.sec.gov/Archives/edgar/data/84129/000112528201500559/b311659_10k.txt"
    },
    {
        "date": "2000-11-25",
        "symbol": "RAD",
        "reportedCurrency": "USD",
        "cik": "0000084129",
        "fillingDate": "2001-01-09",
        "acceptedDate": "2001-01-09 00:00:00",
        "calendarYear": "2001",
        "period": "Q3",
        "revenue": 3531691000,
        "costOfRevenue": 2629643000,
        "grossProfit": 902048000,
        "grossProfitRatio": 0.2554153237,
        "researchAndDevelopmentExpenses": 0,
        "generalAndAdministrativeExpenses": 0,
        "sellingAndMarketingExpenses": 0,
        "sellingGeneralAndAdministrativeExpenses": 797409000,
        "otherExpenses": 0,
        "operatingExpenses": 886812000,
        "costAndExpenses": 3516455000,
        "interestIncome": 0,
        "interestExpense": 0,
        "depreciationAndAmortization": 89403000,
        "ebitda": 215000000,
        "ebitdaratio": 0.0608773531,
        "operatingIncome": 125597000,
        "operatingIncomeRatio": 0.0355628508,
        "totalOtherIncomeExpensesNet": -110361000,
        "incomeBeforeTax": 15236000,
        "incomeBeforeTaxRatio": 0.0043140807,
        "incomeTaxExpense": 120949000,
        "netIncome": -105713000,
        "netIncomeRatio": -0.0299326866,
        "eps": -6.39,
        "epsdiluted": -6.37,
        "weightedAverageShsOut": 16548235,
        "weightedAverageShsOutDil": 16600400,
        "link": "https://www.sec.gov/Archives/edgar/data/84129/000092838501000045/0000928385-01-000045-index.htm",
        "finalLink": "https://www.sec.gov/Archives/edgar/data/84129/000092838501000045/0000928385-01-000045-0001.txt"
    },
    {
        "date": "2000-08-26",
        "symbol": "RAD",
        "reportedCurrency": "USD",
        "cik": "0000084129",
        "fillingDate": "2000-10-11",
        "acceptedDate": "2000-10-11 00:00:00",
        "calendarYear": "2001",
        "period": "Q2",
        "revenue": 3439469000,
        "costOfRevenue": 2542269000,
        "grossProfit": 897200000,
        "grossProfitRatio": 0.2608542191,
        "researchAndDevelopmentExpenses": 0,
        "generalAndAdministrativeExpenses": 0,
        "sellingAndMarketingExpenses": 0,
        "sellingGeneralAndAdministrativeExpenses": 858631000,
        "otherExpenses": 0,
        "operatingExpenses": 955548000,
        "costAndExpenses": 3497817000,
        "interestIncome": 0,
        "interestExpense": 0,
        "depreciationAndAmortization": 96917000,
        "ebitda": 223146000,
        "ebitdaratio": 0.0648780379,
        "operatingIncome": 126229000,
        "operatingIncomeRatio": 0.0367001418,
        "totalOtherIncomeExpensesNet": -184577000,
        "incomeBeforeTax": -58348000,
        "incomeBeforeTaxRatio": -0.0169642465,
        "incomeTaxExpense": 398118000,
        "netIncome": -456466000,
        "netIncomeRatio": -0.1327140905,
        "eps": -27.5,
        "epsdiluted": -27.5,
        "weightedAverageShsOut": 16600400,
        "weightedAverageShsOutDil": 16600400,
        "link": "https://www.sec.gov/Archives/edgar/data/84129/000092838500002761/0000928385-00-002761-index.htm",
        "finalLink": "https://www.sec.gov/Archives/edgar/data/84129/000092838500002761/0000928385-00-002761-0001.txt"
    },
    {
        "date": "2000-05-27",
        "symbol": "RAD",
        "reportedCurrency": "USD",
        "cik": "0000084129",
        "fillingDate": "2000-07-18",
        "acceptedDate": "2000-07-18 00:00:00",
        "calendarYear": "2001",
        "period": "Q1",
        "revenue": 3442186000,
        "costOfRevenue": 2572317000,
        "grossProfit": 869869000,
        "grossProfitRatio": 0.252708308,
        "researchAndDevelopmentExpenses": 0,
        "generalAndAdministrativeExpenses": 0,
        "sellingAndMarketingExpenses": 0,
        "sellingGeneralAndAdministrativeExpenses": 838085000,
        "otherExpenses": 0,
        "operatingExpenses": 929769000,
        "costAndExpenses": 3502086000,
        "interestIncome": 0,
        "interestExpense": 0,
        "depreciationAndAmortization": 91684000,
        "ebitda": 59237000,
        "ebitdaratio": 0.0172091223,
        "operatingIncome": -32447000,
        "operatingIncomeRatio": -0.0094262774,
        "totalOtherIncomeExpensesNet": -199094000,
        "incomeBeforeTax": -258994000,
        "incomeBeforeTaxRatio": -0.0752411404,
        "incomeTaxExpense": 144382000,
        "netIncome": -695371000,
        "netIncomeRatio": -0.2020143595,
        "eps": -42.19,
        "epsdiluted": -42.19,
        "weightedAverageShsOut": 16483600,
        "weightedAverageShsOutDil": 16483600,
        "link": "https://www.sec.gov/Archives/edgar/data/84129/000092838500001938/0000928385-00-001938-index.htm",
        "finalLink": "https://www.sec.gov/Archives/edgar/data/84129/000092838500001938/0000928385-00-001938-0001.txt"
    },
    {
        "date": "2000-02-26",
        "symbol": "RAD",
        "reportedCurrency": "USD",
        "cik": "0000084129",
        "fillingDate": "2000-07-11",
        "acceptedDate": "2000-07-11 00:00:00",
        "calendarYear": "2000",
        "period": "Q4",
        "revenue": 3905571000,
        "costOfRevenue": 3033996000,
        "grossProfit": 871575000,
        "grossProfitRatio": 0.2231619909,
        "researchAndDevelopmentExpenses": 0,
        "generalAndAdministrativeExpenses": 0,
        "sellingAndMarketingExpenses": 0,
        "sellingGeneralAndAdministrativeExpenses": 1283365000,
        "otherExpenses": 0,
        "operatingExpenses": 1446718000,
        "costAndExpenses": 4480714000,
        "interestIncome": 0,
        "interestExpense": 0,
        "depreciationAndAmortization": 163353000,
        "ebitda": -434272000,
        "ebitdaratio": -0.11119296,
        "operatingIncome": -597625000,
        "operatingIncomeRatio": -0.1530185983,
        "totalOtherIncomeExpensesNet": -110531000,
        "incomeBeforeTax": -708156000,
        "incomeBeforeTaxRatio": -0.1813194537,
        "incomeTaxExpense": -11094000,
        "netIncome": -697062000,
        "netIncomeRatio": -0.1784788959,
        "eps": -53.59,
        "epsdiluted": -53.59,
        "weightedAverageShsOut": 13007923,
        "weightedAverageShsOutDil": 13007923,
        "link": "https://www.sec.gov/Archives/edgar/data/84129/000092838500001875/0000928385-00-001875-index.htm",
        "finalLink": "https://www.sec.gov/Archives/edgar/data/84129/000092838500001875/0000928385-00-001875-0001.txt"
    },
    {
        "date": "1999-11-27",
        "symbol": "RAD",
        "reportedCurrency": "USD",
        "cik": "0000084129",
        "fillingDate": "2000-07-11",
        "acceptedDate": "2000-07-11 00:00:00",
        "calendarYear": "2000",
        "period": "Q3",
        "revenue": 3645080000,
        "costOfRevenue": 2753888000,
        "grossProfit": 891192000,
        "grossProfitRatio": 0.2444917533,
        "researchAndDevelopmentExpenses": 0,
        "generalAndAdministrativeExpenses": 0,
        "sellingAndMarketingExpenses": 0,
        "sellingGeneralAndAdministrativeExpenses": 824626000,
        "otherExpenses": 0,
        "operatingExpenses": 953126000,
        "costAndExpenses": 3707014000,
        "interestIncome": 0,
        "interestExpense": 0,
        "depreciationAndAmortization": 115644000,
        "ebitda": 99685000,
        "ebitdaratio": 0.0273478223,
        "operatingIncome": -15959000,
        "operatingIncomeRatio": -0.0043782304,
        "totalOtherIncomeExpensesNet": -240341000,
        "incomeBeforeTax": -256300000,
        "incomeBeforeTaxRatio": -0.0703139574,
        "incomeTaxExpense": -4015000,
        "netIncome": -252285000,
        "netIncomeRatio": -0.0692124727,
        "eps": -19.49,
        "epsdiluted": -19.49,
        "weightedAverageShsOut": 12946350,
        "weightedAverageShsOutDil": 12946350,
        "link": "https://www.sec.gov/Archives/edgar/data/84129/000092838500001876/0000928385-00-001876-index.htm",
        "finalLink": "https://www.sec.gov/Archives/edgar/data/84129/000092838500001876/0000928385-00-001876-0001.txt"
    },
    {
        "date": "1999-08-28",
        "symbol": "RAD",
        "reportedCurrency": "USD",
        "cik": "0000084129",
        "fillingDate": "1999-11-02",
        "acceptedDate": "1999-11-02 00:00:00",
        "calendarYear": "2000",
        "period": "Q2",
        "revenue": 3506100000,
        "costOfRevenue": 2595800000,
        "grossProfit": 910300000,
        "grossProfitRatio": 0.2596332107,
        "researchAndDevelopmentExpenses": 0,
        "generalAndAdministrativeExpenses": 0,
        "sellingAndMarketingExpenses": 0,
        "sellingGeneralAndAdministrativeExpenses": 756300000,
        "otherExpenses": 0,
        "operatingExpenses": 884800000,
        "costAndExpenses": 3480600000,
        "interestIncome": 0,
        "interestExpense": 0,
        "depreciationAndAmortization": 128500000,
        "ebitda": 154000000,
        "ebitdaratio": 0.0439234477,
        "operatingIncome": 25500000,
        "operatingIncomeRatio": 0.0072730384,
        "totalOtherIncomeExpensesNet": -84800000,
        "incomeBeforeTax": -59300000,
        "incomeBeforeTaxRatio": -0.0169133795,
        "incomeTaxExpense": -43900000,
        "netIncome": -15400000,
        "netIncomeRatio": -0.0043923448,
        "eps": -1.19,
        "epsdiluted": -1.19,
        "weightedAverageShsOut": 12967742,
        "weightedAverageShsOutDil": 12967742,
        "link": "https://www.sec.gov/Archives/edgar/data/84129/000103605099002224/0001036050-99-002224-index.html",
        "finalLink": "https://www.sec.gov/Archives/edgar/data/84129/000103605099002224/"
    },
    {
        "date": "1999-05-29",
        "symbol": "RAD",
        "reportedCurrency": "USD",
        "cik": "0000084129",
        "fillingDate": "1999-07-13",
        "acceptedDate": "1999-07-13 00:00:00",
        "calendarYear": "2000",
        "period": "Q1",
        "revenue": 3624500000,
        "costOfRevenue": 2590300000,
        "grossProfit": 1034200000,
        "grossProfitRatio": 0.2853359084,
        "researchAndDevelopmentExpenses": 0,
        "generalAndAdministrativeExpenses": 0,
        "sellingAndMarketingExpenses": 0,
        "sellingGeneralAndAdministrativeExpenses": 726700000,
        "otherExpenses": 0,
        "operatingExpenses": 820200000,
        "costAndExpenses": 3410500000,
        "interestIncome": 0,
        "interestExpense": 0,
        "depreciationAndAmortization": 93500000,
        "ebitda": 307500000,
        "ebitdaratio": 0.0848392882,
        "operatingIncome": 214000000,
        "operatingIncomeRatio": 0.0590426266,
        "totalOtherIncomeExpensesNet": -72900000,
        "incomeBeforeTax": 141100000,
        "incomeBeforeTaxRatio": 0.0389295075,
        "incomeTaxExpense": 60100000,
        "netIncome": 81000000,
        "netIncomeRatio": 0.0223479101,
        "eps": -3.4,
        "epsdiluted": -3.4,
        "weightedAverageShsOut": 13052941,
        "weightedAverageShsOutDil": 13052941,
        "link": "https://www.sec.gov/Archives/edgar/data/84129/000089322099000808/0000893220-99-000808-index.html",
        "finalLink": "https://www.sec.gov/Archives/edgar/data/84129/000089322099000808/"
    },
    {
        "date": "1999-02-27",
        "symbol": "RAD",
        "reportedCurrency": "USD",
        "cik": "0000084129",
        "fillingDate": "1999-06-01",
        "acceptedDate": "1999-06-01 00:00:00",
        "calendarYear": "1999",
        "period": "Q4",
        "revenue": 3565300000,
        "costOfRevenue": 2628400000,
        "grossProfit": 936900000,
        "grossProfitRatio": 0.2627829355,
        "researchAndDevelopmentExpenses": 0,
        "generalAndAdministrativeExpenses": 0,
        "sellingAndMarketingExpenses": 0,
        "sellingGeneralAndAdministrativeExpenses": 464100000,
        "otherExpenses": 0,
        "operatingExpenses": 555000000,
        "costAndExpenses": 3183400000,
        "interestIncome": 0,
        "interestExpense": 0,
        "depreciationAndAmortization": 90900000,
        "ebitda": 472800000,
        "ebitdaratio": 0.1326115614,
        "operatingIncome": 381900000,
        "operatingIncomeRatio": 0.1071158107,
        "totalOtherIncomeExpensesNet": -324000000,
        "incomeBeforeTax": 57900000,
        "incomeBeforeTaxRatio": 0.0162398676,
        "incomeTaxExpense": -800000,
        "netIncome": 58700000,
        "netIncomeRatio": 0.0164642527,
        "eps": -9.2,
        "epsdiluted": -9.2,
        "weightedAverageShsOut": 12874741,
        "weightedAverageShsOutDil": 12874741,
        "link": "https://www.sec.gov/Archives/edgar/data/84129/000102140899001062/0001021408-99-001062-index.html",
        "finalLink": "https://www.sec.gov/Archives/edgar/data/84129/000102140899001062/"
    },
    {
        "date": "1998-11-28",
        "symbol": "RAD",
        "reportedCurrency": "USD",
        "cik": "0000084129",
        "fillingDate": "1999-01-12",
        "acceptedDate": "1999-01-12 00:00:00",
        "calendarYear": "1999",
        "period": "Q3",
        "revenue": 3122900000,
        "costOfRevenue": 2225600000,
        "grossProfit": 897300000,
        "grossProfitRatio": 0.2873290851,
        "researchAndDevelopmentExpenses": 0,
        "generalAndAdministrativeExpenses": 0,
        "sellingAndMarketingExpenses": 0,
        "sellingGeneralAndAdministrativeExpenses": 640500000,
        "otherExpenses": 0,
        "operatingExpenses": 707600000,
        "costAndExpenses": 2933200000,
        "interestIncome": 0,
        "interestExpense": 0,
        "depreciationAndAmortization": 67100000,
        "ebitda": 256800000,
        "ebitdaratio": 0.0822312594,
        "operatingIncome": 189700000,
        "operatingIncomeRatio": 0.0607448205,
        "totalOtherIncomeExpensesNet": -44900000,
        "incomeBeforeTax": 144800000,
        "incomeBeforeTaxRatio": 0.0463671587,
        "incomeTaxExpense": 57900000,
        "netIncome": 86900000,
        "netIncomeRatio": 0.0278266995,
        "eps": -11.4,
        "epsdiluted": -11.4,
        "weightedAverageShsOut": 12867719,
        "weightedAverageShsOutDil": 12867719,
        "link": "https://www.sec.gov/Archives/edgar/data/84129/000089322099000015/0000893220-99-000015-index.html",
        "finalLink": "https://www.sec.gov/Archives/edgar/data/84129/"
    },
    {
        "date": "1998-08-29",
        "symbol": "RAD",
        "reportedCurrency": "USD",
        "cik": "0000084129",
        "fillingDate": "1998-10-13",
        "acceptedDate": "1998-10-13 00:00:00",
        "calendarYear": "1999",
        "period": "Q2",
        "revenue": 3011000000,
        "costOfRevenue": 2157900000,
        "grossProfit": 853100000,
        "grossProfitRatio": 0.2833277981,
        "researchAndDevelopmentExpenses": 0,
        "generalAndAdministrativeExpenses": 0,
        "sellingAndMarketingExpenses": 0,
        "sellingGeneralAndAdministrativeExpenses": 896600000,
        "otherExpenses": 0,
        "operatingExpenses": 964900000,
        "costAndExpenses": 3122800000,
        "interestIncome": 0,
        "interestExpense": 0,
        "depreciationAndAmortization": 68300000,
        "ebitda": -43500000,
        "ebitdaratio": -0.0144470276,
        "operatingIncome": -111800000,
        "operatingIncomeRatio": -0.0371305214,
        "totalOtherIncomeExpensesNet": -42700000,
        "incomeBeforeTax": -154500000,
        "incomeBeforeTaxRatio": -0.0513118565,
        "incomeTaxExpense": -61800000,
        "netIncome": -92700000,
        "netIncomeRatio": -0.0307871139,
        "eps": -9.04,
        "epsdiluted": -9.04,
        "weightedAverageShsOut": 10250000,
        "weightedAverageShsOutDil": 10250000,
        "link": "https://www.sec.gov/Archives/edgar/data/84129/000089322098001617/0000893220-98-001617-index.html",
        "finalLink": "https://www.sec.gov/Archives/edgar/data/84129/"
    },
    {
        "date": "1998-05-30",
        "symbol": "RAD",
        "reportedCurrency": "USD",
        "cik": "0000084129",
        "fillingDate": "1998-07-02",
        "acceptedDate": "1998-07-02 00:00:00",
        "calendarYear": "1999",
        "period": "Q1",
        "revenue": 3032700000,
        "costOfRevenue": 2125900000,
        "grossProfit": 906800000,
        "grossProfitRatio": 0.2990074851,
        "researchAndDevelopmentExpenses": 0,
        "generalAndAdministrativeExpenses": 0,
        "sellingAndMarketingExpenses": 0,
        "sellingGeneralAndAdministrativeExpenses": 638400000,
        "otherExpenses": 0,
        "operatingExpenses": 714700000,
        "costAndExpenses": 2840600000,
        "interestIncome": 0,
        "interestExpense": 0,
        "depreciationAndAmortization": 76300000,
        "ebitda": 268400000,
        "ebitdaratio": 0.0885019949,
        "operatingIncome": 192100000,
        "operatingIncomeRatio": 0.0633428958,
        "totalOtherIncomeExpensesNet": -40700000,
        "incomeBeforeTax": 151400000,
        "incomeBeforeTaxRatio": 0.0499225113,
        "incomeTaxExpense": 60600000,
        "netIncome": 90800000,
        "netIncomeRatio": 0.0299403172,
        "eps": 6,
        "epsdiluted": 6,
        "weightedAverageShsOut": 13050000,
        "weightedAverageShsOutDil": 13050000,
        "link": "https://www.sec.gov/Archives/edgar/data/84129/000089322098001164/0000893220-98-001164-index.html",
        "finalLink": "https://www.sec.gov/Archives/edgar/data/84129/"
    },
    {
        "date": "1998-02-28",
        "symbol": "RAD",
        "reportedCurrency": "USD",
        "cik": "0000084129",
        "fillingDate": "1998-05-19",
        "acceptedDate": "1998-05-19 00:00:00",
        "calendarYear": "1998",
        "period": "Q4",
        "revenue": 3190600000,
        "costOfRevenue": 2255900000,
        "grossProfit": 934700000,
        "grossProfitRatio": 0.2929543033,
        "researchAndDevelopmentExpenses": 0,
        "generalAndAdministrativeExpenses": 0,
        "sellingAndMarketingExpenses": 0,
        "sellingGeneralAndAdministrativeExpenses": 624900000,
        "otherExpenses": 0,
        "operatingExpenses": 695800000,
        "costAndExpenses": 2951700000,
        "interestIncome": 0,
        "interestExpense": 0,
        "depreciationAndAmortization": 70900000,
        "ebitda": 309800000,
        "ebitdaratio": 0.0970977246,
        "operatingIncome": 238900000,
        "operatingIncomeRatio": 0.0748761988,
        "totalOtherIncomeExpensesNet": -38400000,
        "incomeBeforeTax": 200500000,
        "incomeBeforeTaxRatio": 0.062840845,
        "incomeTaxExpense": 80800000,
        "netIncome": 119700000,
        "netIncomeRatio": 0.0375164546,
        "eps": -29.66,
        "epsdiluted": -29.66,
        "weightedAverageShsOut": 12910750,
        "weightedAverageShsOutDil": 12910750,
        "link": "https://www.sec.gov/Archives/edgar/data/84129/000089322098001013/0000893220-98-001013-index.html",
        "finalLink": "https://www.sec.gov/Archives/edgar/data/84129/"
    },
    {
        "date": "1997-11-29",
        "symbol": "RAD",
        "reportedCurrency": "USD",
        "cik": "0000084129",
        "fillingDate": "1998-01-12",
        "acceptedDate": "1998-01-12 00:00:00",
        "calendarYear": "1998",
        "period": "Q3",
        "revenue": 2885700000,
        "costOfRevenue": 2040500000,
        "grossProfit": 845200000,
        "grossProfitRatio": 0.2928925391,
        "researchAndDevelopmentExpenses": 0,
        "generalAndAdministrativeExpenses": 0,
        "sellingAndMarketingExpenses": 0,
        "sellingGeneralAndAdministrativeExpenses": 613400000,
        "otherExpenses": 0,
        "operatingExpenses": 688600000,
        "costAndExpenses": 2729100000,
        "interestIncome": 0,
        "interestExpense": 0,
        "depreciationAndAmortization": 75200000,
        "ebitda": 231800000,
        "ebitdaratio": 0.0803271303,
        "operatingIncome": 156600000,
        "operatingIncomeRatio": 0.0542675954,
        "totalOtherIncomeExpensesNet": -42900000,
        "incomeBeforeTax": 113700000,
        "incomeBeforeTaxRatio": 0.0394011852,
        "incomeTaxExpense": 45800000,
        "netIncome": 67900000,
        "netIncomeRatio": 0.0235298195,
        "eps": 2.7,
        "epsdiluted": 2.6,
        "weightedAverageShsOut": 12886200,
        "weightedAverageShsOutDil": 12886200,
        "link": "https://www.sec.gov/Archives/edgar/data/84129/000089322098000032/0000893220-98-000032-index.html",
        "finalLink": "https://www.sec.gov/Archives/edgar/data/84129/"
    },
    {
        "date": "1997-08-30",
        "symbol": "RAD",
        "reportedCurrency": "USD",
        "cik": "0000084129",
        "fillingDate": "1997-10-14",
        "acceptedDate": "1997-10-14 00:00:00",
        "calendarYear": "1998",
        "period": "Q2",
        "revenue": 2634200000,
        "costOfRevenue": 1858800000,
        "grossProfit": 775400000,
        "grossProfitRatio": 0.2943588186,
        "researchAndDevelopmentExpenses": 0,
        "generalAndAdministrativeExpenses": 0,
        "sellingAndMarketingExpenses": 0,
        "sellingGeneralAndAdministrativeExpenses": 568200000,
        "otherExpenses": 0,
        "operatingExpenses": 632200000,
        "costAndExpenses": 2491000000,
        "interestIncome": 0,
        "interestExpense": 0,
        "depreciationAndAmortization": 64000000,
        "ebitda": 207200000,
        "ebitdaratio": 0.078657657,
        "operatingIncome": 143200000,
        "operatingIncomeRatio": 0.0543618556,
        "totalOtherIncomeExpensesNet": -41700000,
        "incomeBeforeTax": 101500000,
        "incomeBeforeTaxRatio": 0.0385316225,
        "incomeTaxExpense": 40900000,
        "netIncome": 60600000,
        "netIncomeRatio": 0.0230050869,
        "eps": 2.5,
        "epsdiluted": 2.4,
        "weightedAverageShsOut": 12297700,
        "weightedAverageShsOutDil": 12297700,
        "link": "https://www.sec.gov/Archives/edgar/data/84129/000089322097001654/0000893220-97-001654-index.html",
        "finalLink": "https://www.sec.gov/Archives/edgar/data/84129/"
    },
    {
        "date": "1997-05-31",
        "symbol": "RAD",
        "reportedCurrency": "USD",
        "cik": "0000084129",
        "fillingDate": "1997-07-14",
        "acceptedDate": "1997-07-14 00:00:00",
        "calendarYear": "1998",
        "period": "Q1",
        "revenue": 2664600000,
        "costOfRevenue": 1861500000,
        "grossProfit": 803100000,
        "grossProfitRatio": 0.301396082,
        "researchAndDevelopmentExpenses": 0,
        "generalAndAdministrativeExpenses": 0,
        "sellingAndMarketingExpenses": 0,
        "sellingGeneralAndAdministrativeExpenses": 587900000,
        "otherExpenses": 0,
        "operatingExpenses": 652000000,
        "costAndExpenses": 2513500000,
        "interestIncome": 0,
        "interestExpense": 0,
        "depreciationAndAmortization": 64100000,
        "ebitda": 215200000,
        "ebitdaratio": 0.080762591,
        "operatingIncome": 151100000,
        "operatingIncomeRatio": 0.0567064475,
        "totalOtherIncomeExpensesNet": -36800000,
        "incomeBeforeTax": 114300000,
        "incomeBeforeTaxRatio": 0.0428957442,
        "incomeTaxExpense": 46100000,
        "netIncome": 68200000,
        "netIncomeRatio": 0.025594836,
        "eps": 2.8,
        "epsdiluted": 2.7,
        "weightedAverageShsOut": 12291000,
        "weightedAverageShsOutDil": 12291000,
        "link": "https://www.sec.gov/Archives/edgar/data/84129/000089322097001242/0000893220-97-001242-index.html",
        "finalLink": "https://www.sec.gov/Archives/edgar/data/84129/"
    },
    {
        "date": "1997-03-01",
        "symbol": "RAD",
        "reportedCurrency": "USD",
        "cik": "0000084129",
        "fillingDate": "1997-05-29",
        "acceptedDate": "1997-05-29 00:00:00",
        "calendarYear": "1997",
        "period": "Q4",
        "revenue": 2657200000,
        "costOfRevenue": 1870100000,
        "grossProfit": 787100000,
        "grossProfitRatio": 0.2962140599,
        "researchAndDevelopmentExpenses": 0,
        "generalAndAdministrativeExpenses": 0,
        "sellingAndMarketingExpenses": 0,
        "sellingGeneralAndAdministrativeExpenses": 550600000,
        "otherExpenses": 0,
        "operatingExpenses": 608000000,
        "costAndExpenses": 2478100000,
        "interestIncome": 0,
        "interestExpense": 0,
        "depreciationAndAmortization": 57400000,
        "ebitda": 288500000,
        "ebitdaratio": 0.1085729339,
        "operatingIncome": 231100000,
        "operatingIncomeRatio": 0.0869712479,
        "totalOtherIncomeExpensesNet": -142600000,
        "incomeBeforeTax": 88500000,
        "incomeBeforeTaxRatio": 0.0333057354,
        "incomeTaxExpense": 33300000,
        "netIncome": 10000000,
        "netIncomeRatio": 0.0037633599,
        "eps": 0.93,
        "epsdiluted": 0.93,
        "weightedAverageShsOut": 12281000,
        "weightedAverageShsOutDil": 12281000,
        "link": "https://www.sec.gov/Archives/edgar/data/84129/000089322097001091/0000893220-97-001091-index.html",
        "finalLink": "https://www.sec.gov/Archives/edgar/data/84129/"
    },
    {
        "date": "1996-11-30",
        "symbol": "RAD",
        "reportedCurrency": "USD",
        "cik": "0000084129",
        "fillingDate": "1997-01-09",
        "acceptedDate": "1997-01-09 00:00:00",
        "calendarYear": "1997",
        "period": "Q3",
        "revenue": 1484600000,
        "costOfRevenue": 1060400000,
        "grossProfit": 424200000,
        "grossProfitRatio": 0.2857335309,
        "researchAndDevelopmentExpenses": 0,
        "generalAndAdministrativeExpenses": 0,
        "sellingAndMarketingExpenses": 0,
        "sellingGeneralAndAdministrativeExpenses": 302700000,
        "otherExpenses": 0,
        "operatingExpenses": 343000000,
        "costAndExpenses": 1403400000,
        "interestIncome": 0,
        "interestExpense": 0,
        "depreciationAndAmortization": 40300000,
        "ebitda": 121500000,
        "ebitdaratio": 0.0818402263,
        "operatingIncome": 81200000,
        "operatingIncomeRatio": 0.0546948673,
        "totalOtherIncomeExpensesNet": -20700000,
        "incomeBeforeTax": 60500000,
        "incomeBeforeTaxRatio": 0.0407517176,
        "incomeTaxExpense": 23100000,
        "netIncome": 37400000,
        "netIncomeRatio": 0.0251919709,
        "eps": 2.2,
        "epsdiluted": 2.2,
        "weightedAverageShsOut": 8393000,
        "weightedAverageShsOutDil": 8393000,
        "link": "https://www.sec.gov/Archives/edgar/data/84129/000089322097000019/0000893220-97-000019-index.html",
        "finalLink": "https://www.sec.gov/Archives/edgar/data/84129/"
    },
    {
        "date": "1996-08-31",
        "symbol": "RAD",
        "reportedCurrency": "USD",
        "cik": "0000084129",
        "fillingDate": "1996-10-09",
        "acceptedDate": "1996-10-09 00:00:00",
        "calendarYear": "1997",
        "period": "Q2",
        "revenue": 1423100000,
        "costOfRevenue": 1015000000,
        "grossProfit": 408100000,
        "grossProfitRatio": 0.2867683227,
        "researchAndDevelopmentExpenses": 0,
        "generalAndAdministrativeExpenses": 0,
        "sellingAndMarketingExpenses": 0,
        "sellingGeneralAndAdministrativeExpenses": 296100000,
        "otherExpenses": 0,
        "operatingExpenses": 331700000,
        "costAndExpenses": 1346700000,
        "interestIncome": 0,
        "interestExpense": 0,
        "depreciationAndAmortization": 35600000,
        "ebitda": 112000000,
        "ebitdaratio": 0.0787014265,
        "operatingIncome": 76400000,
        "operatingIncomeRatio": 0.0536856159,
        "totalOtherIncomeExpensesNet": -19400000,
        "incomeBeforeTax": 57000000,
        "incomeBeforeTaxRatio": 0.0400534045,
        "incomeTaxExpense": 21800000,
        "netIncome": 35200000,
        "netIncomeRatio": 0.024734734,
        "eps": 2.1,
        "epsdiluted": 2,
        "weightedAverageShsOut": 8390900,
        "weightedAverageShsOutDil": 8390900,
        "link": "https://www.sec.gov/Archives/edgar/data/84129/000089322096001656/0000893220-96-001656-index.html",
        "finalLink": "https://www.sec.gov/Archives/edgar/data/84129/"
    },
    {
        "date": "1996-06-01",
        "symbol": "RAD",
        "reportedCurrency": "USD",
        "cik": "0000084129",
        "fillingDate": "1996-07-12",
        "acceptedDate": "1996-07-12 00:00:00",
        "calendarYear": "1997",
        "period": "Q1",
        "revenue": 1405300000,
        "costOfRevenue": 999300000,
        "grossProfit": 406000000,
        "grossProfitRatio": 0.2889062834,
        "researchAndDevelopmentExpenses": 0,
        "generalAndAdministrativeExpenses": 0,
        "sellingAndMarketingExpenses": 0,
        "sellingGeneralAndAdministrativeExpenses": 284400000,
        "otherExpenses": 0,
        "operatingExpenses": 319200000,
        "costAndExpenses": 1318500000,
        "interestIncome": 0,
        "interestExpense": 0,
        "depreciationAndAmortization": 34800000,
        "ebitda": 137700000,
        "ebitdaratio": 0.0979861951,
        "operatingIncome": 102900000,
        "operatingIncomeRatio": 0.0732227994,
        "totalOtherIncomeExpensesNet": -33900000,
        "incomeBeforeTax": 52900000,
        "incomeBeforeTaxRatio": 0.0376432079,
        "incomeTaxExpense": 20200000,
        "netIncome": 32700000,
        "netIncomeRatio": 0.0232690529,
        "eps": 2,
        "epsdiluted": 1.9,
        "weightedAverageShsOut": 8388100,
        "weightedAverageShsOutDil": 8388100,
        "link": "https://www.sec.gov/Archives/edgar/data/84129/000089322096001153/0000893220-96-001153-index.html",
        "finalLink": "https://www.sec.gov/Archives/edgar/data/84129/"
    },
    {
        "date": "1996-03-02",
        "symbol": "RAD",
        "reportedCurrency": "USD",
        "cik": "0000084129",
        "fillingDate": "1996-05-31",
        "acceptedDate": "1996-05-31 00:00:00",
        "calendarYear": "1996",
        "period": "Q4",
        "revenue": 1431000000,
        "costOfRevenue": 1025100000,
        "grossProfit": 405900000,
        "grossProfitRatio": 0.2836477987,
        "researchAndDevelopmentExpenses": 0,
        "generalAndAdministrativeExpenses": 0,
        "sellingAndMarketingExpenses": 0,
        "sellingGeneralAndAdministrativeExpenses": 266500000,
        "otherExpenses": 0,
        "operatingExpenses": 297800000,
        "costAndExpenses": 1322900000,
        "interestIncome": 0,
        "interestExpense": 0,
        "depreciationAndAmortization": 31300000,
        "ebitda": 139400000,
        "ebitdaratio": 0.0974143955,
        "operatingIncome": 108100000,
        "operatingIncomeRatio": 0.0755415793,
        "totalOtherIncomeExpensesNet": -18800000,
        "incomeBeforeTax": 89300000,
        "incomeBeforeTaxRatio": 0.0624039133,
        "incomeTaxExpense": 32400000,
        "netIncome": 56900000,
        "netIncomeRatio": 0.0397624039,
        "eps": 6.79,
        "epsdiluted": 6.79,
        "weightedAverageShsOut": 8384800,
        "weightedAverageShsOutDil": 8384800,
        "link": "https://www.sec.gov/Archives/edgar/data/84129/000089322096000923/0000893220-96-000923-index.html",
        "finalLink": "https://www.sec.gov/Archives/edgar/data/84129/"
    },
    {
        "date": "1995-12-02",
        "symbol": "RAD",
        "reportedCurrency": "USD",
        "cik": "0000084129",
        "fillingDate": "1995-12-26",
        "acceptedDate": "1995-12-26 00:00:00",
        "calendarYear": "1996",
        "period": "Q3",
        "revenue": 1331800000,
        "costOfRevenue": 955000000,
        "grossProfit": 376800000,
        "grossProfitRatio": 0.2829253642,
        "researchAndDevelopmentExpenses": 0,
        "generalAndAdministrativeExpenses": 0,
        "sellingAndMarketingExpenses": 0,
        "sellingGeneralAndAdministrativeExpenses": 276400000,
        "otherExpenses": 0,
        "operatingExpenses": 306900000,
        "costAndExpenses": 1261900000,
        "interestIncome": 0,
        "interestExpense": 0,
        "depreciationAndAmortization": 30500000,
        "ebitda": 100400000,
        "ebitdaratio": 0.0753866947,
        "operatingIncome": 69900000,
        "operatingIncomeRatio": 0.0524853582,
        "totalOtherIncomeExpensesNet": -16400000,
        "incomeBeforeTax": 53500000,
        "incomeBeforeTaxRatio": 0.0401711969,
        "incomeTaxExpense": 20800000,
        "netIncome": 32700000,
        "netIncomeRatio": 0.0245532362,
        "eps": 2,
        "epsdiluted": 2,
        "weightedAverageShsOut": 8375800,
        "weightedAverageShsOutDil": 8375800,
        "link": "https://www.sec.gov/Archives/edgar/data/84129/000089322095000905/0000893220-95-000905-index.html",
        "finalLink": "https://www.sec.gov/Archives/edgar/data/84129/"
    },
    {
        "date": "1995-09-02",
        "symbol": "RAD",
        "reportedCurrency": "USD",
        "cik": "0000084129",
        "fillingDate": "1995-10-05",
        "acceptedDate": "1995-10-05 00:00:00",
        "calendarYear": "1996",
        "period": "Q2",
        "revenue": 1328400000,
        "costOfRevenue": 950900000,
        "grossProfit": 377500000,
        "grossProfitRatio": 0.2841764529,
        "researchAndDevelopmentExpenses": 0,
        "generalAndAdministrativeExpenses": 0,
        "sellingAndMarketingExpenses": 0,
        "sellingGeneralAndAdministrativeExpenses": 281800000,
        "otherExpenses": 0,
        "operatingExpenses": 310200000,
        "costAndExpenses": 1261100000,
        "interestIncome": 0,
        "interestExpense": 0,
        "depreciationAndAmortization": 28400000,
        "ebitda": 95700000,
        "ebitdaratio": 0.0720415537,
        "operatingIncome": 67300000,
        "operatingIncomeRatio": 0.0506624511,
        "totalOtherIncomeExpensesNet": -16800000,
        "incomeBeforeTax": 50500000,
        "incomeBeforeTaxRatio": 0.0380156579,
        "incomeTaxExpense": 19600000,
        "netIncome": 30900000,
        "netIncomeRatio": 0.0232610659,
        "eps": 1.9,
        "epsdiluted": 1.9,
        "weightedAverageShsOut": 8375800,
        "weightedAverageShsOutDil": 8375800,
        "link": "https://www.sec.gov/Archives/edgar/data/84129/000089322095000634/0000893220-95-000634-index.html",
        "finalLink": "https://www.sec.gov/Archives/edgar/data/84129/"
    },
    {
        "date": "1995-06-03",
        "symbol": "RAD",
        "reportedCurrency": "USD",
        "cik": "0000084129",
        "fillingDate": "1995-07-17",
        "acceptedDate": "1995-07-17 00:00:00",
        "calendarYear": "1996",
        "period": "Q1",
        "revenue": 1354800000,
        "costOfRevenue": 967700000,
        "grossProfit": 387100000,
        "grossProfitRatio": 0.2857248302,
        "researchAndDevelopmentExpenses": 0,
        "generalAndAdministrativeExpenses": 0,
        "sellingAndMarketingExpenses": 0,
        "sellingGeneralAndAdministrativeExpenses": 279500000,
        "otherExpenses": 0,
        "operatingExpenses": 308000000,
        "costAndExpenses": 1275700000,
        "interestIncome": 0,
        "interestExpense": 0,
        "depreciationAndAmortization": 28500000,
        "ebitda": 107600000,
        "ebitdaratio": 0.0794213168,
        "operatingIncome": 79100000,
        "operatingIncomeRatio": 0.0583850015,
        "totalOtherIncomeExpensesNet": -16200000,
        "incomeBeforeTax": 62900000,
        "incomeBeforeTaxRatio": 0.046427517,
        "incomeTaxExpense": 24500000,
        "netIncome": 38400000,
        "netIncomeRatio": 0.028343667,
        "eps": 2.3,
        "epsdiluted": 2.3,
        "weightedAverageShsOut": 8393000,
        "weightedAverageShsOutDil": 8393000,
        "link": "https://www.sec.gov/Archives/edgar/data/84129/000089322095000462/0000893220-95-000462-index.html",
        "finalLink": "https://www.sec.gov/Archives/edgar/data/84129/"
    },
    {
        "date": "1995-03-04",
        "symbol": "RAD",
        "reportedCurrency": "USD",
        "cik": "0000084129",
        "fillingDate": "1995-06-01",
        "acceptedDate": "1995-06-01 00:00:00",
        "calendarYear": "1995",
        "period": "Q4",
        "revenue": 1353800000,
        "costOfRevenue": 965600000,
        "grossProfit": 388200000,
        "grossProfitRatio": 0.2867484119,
        "researchAndDevelopmentExpenses": 0,
        "generalAndAdministrativeExpenses": 0,
        "sellingAndMarketingExpenses": 0,
        "sellingGeneralAndAdministrativeExpenses": 260400000,
        "otherExpenses": 0,
        "operatingExpenses": 287700000,
        "costAndExpenses": 1253300000,
        "interestIncome": 0,
        "interestExpense": 0,
        "depreciationAndAmortization": 27300000,
        "ebitda": 127800000,
        "ebitdaratio": 0.0944009455,
        "operatingIncome": 100500000,
        "operatingIncomeRatio": 0.0742354853,
        "totalOtherIncomeExpensesNet": -13300000,
        "incomeBeforeTax": 87200000,
        "incomeBeforeTaxRatio": 0.0644112867,
        "incomeTaxExpense": 33900000,
        "netIncome": 53300000,
        "netIncomeRatio": 0.0393706604,
        "eps": 6.33,
        "epsdiluted": 6.33,
        "weightedAverageShsOut": 8416500,
        "weightedAverageShsOutDil": 8416500,
        "link": "https://www.sec.gov/Archives/edgar/data/84129/000089322095000386/0000893220-95-000386-index.html",
        "finalLink": "https://www.sec.gov/Archives/edgar/data/84129/"
    },
    {
        "date": "1994-11-26",
        "symbol": "RAD",
        "reportedCurrency": "USD",
        "cik": "0000084129",
        "fillingDate": "1994-12-22",
        "acceptedDate": "1994-12-22 00:00:00",
        "calendarYear": "1995",
        "period": "Q3",
        "revenue": 1093800000,
        "costOfRevenue": 780500000,
        "grossProfit": 313300000,
        "grossProfitRatio": 0.2864326202,
        "researchAndDevelopmentExpenses": 0,
        "generalAndAdministrativeExpenses": 0,
        "sellingAndMarketingExpenses": 0,
        "sellingGeneralAndAdministrativeExpenses": 233800000,
        "otherExpenses": 0,
        "operatingExpenses": 258700000,
        "costAndExpenses": 1039200000,
        "interestIncome": 0,
        "interestExpense": 0,
        "depreciationAndAmortization": 24900000,
        "ebitda": 79500000,
        "ebitdaratio": 0.0726823917,
        "operatingIncome": 54600000,
        "operatingIncomeRatio": 0.049917718,
        "totalOtherIncomeExpensesNet": -10500000,
        "incomeBeforeTax": 44100000,
        "incomeBeforeTaxRatio": 0.0403181569,
        "incomeTaxExpense": 17200000,
        "netIncome": 26900000,
        "netIncomeRatio": 0.0245931615,
        "eps": 1.6,
        "epsdiluted": 1.6,
        "weightedAverageShsOut": 8429100,
        "weightedAverageShsOutDil": 8429100,
        "link": "https://www.sec.gov/Archives/edgar/data/84129/000089322094000511/0000893220-94-000511-index.html",
        "finalLink": "https://www.sec.gov/Archives/edgar/data/84129/"
    },
    {
        "date": "1994-08-27",
        "symbol": "RAD",
        "reportedCurrency": "USD",
        "cik": "0000084129",
        "fillingDate": "1994-09-29",
        "acceptedDate": "1994-09-29 00:00:00",
        "calendarYear": "1995",
        "period": "Q2",
        "revenue": 1035100000,
        "costOfRevenue": 736100000,
        "grossProfit": 299000000,
        "grossProfitRatio": 0.2888609796,
        "researchAndDevelopmentExpenses": 0,
        "generalAndAdministrativeExpenses": 0,
        "sellingAndMarketingExpenses": 0,
        "sellingGeneralAndAdministrativeExpenses": 221300000,
        "otherExpenses": 0,
        "operatingExpenses": 244800000,
        "costAndExpenses": 980900000,
        "interestIncome": 0,
        "interestExpense": 0,
        "depreciationAndAmortization": 23500000,
        "ebitda": 77700000,
        "ebitdaratio": 0.0750652111,
        "operatingIncome": 54200000,
        "operatingIncomeRatio": 0.0523620906,
        "totalOtherIncomeExpensesNet": -9800000,
        "incomeBeforeTax": 44400000,
        "incomeBeforeTaxRatio": 0.0428944063,
        "incomeTaxExpense": 17300000,
        "netIncome": 27100000,
        "netIncomeRatio": 0.0261810453,
        "eps": 1.6,
        "epsdiluted": 1.6,
        "weightedAverageShsOut": 8001400,
        "weightedAverageShsOutDil": 8001400,
        "link": "https://www.sec.gov/Archives/edgar/data/84129/000089322094000408/0000893220-94-000408-index.html",
        "finalLink": "https://www.sec.gov/Archives/edgar/data/84129/"
    },
    {
        "date": "1994-05-28",
        "symbol": "RAD",
        "reportedCurrency": "USD",
        "cik": "0000084129",
        "fillingDate": "1994-06-28",
        "acceptedDate": "1994-06-28 00:00:00",
        "calendarYear": "1995",
        "period": "Q1",
        "revenue": 1051100000,
        "costOfRevenue": 747100000,
        "grossProfit": 304000000,
        "grossProfitRatio": 0.2892208163,
        "researchAndDevelopmentExpenses": 0,
        "generalAndAdministrativeExpenses": 0,
        "sellingAndMarketingExpenses": 0,
        "sellingGeneralAndAdministrativeExpenses": 216700000,
        "otherExpenses": 0,
        "operatingExpenses": 239600000,
        "costAndExpenses": 986700000,
        "interestIncome": 0,
        "interestExpense": 0,
        "depreciationAndAmortization": 22900000,
        "ebitda": 87300000,
        "ebitdaratio": 0.0830558463,
        "operatingIncome": 64400000,
        "operatingIncomeRatio": 0.0612691466,
        "totalOtherIncomeExpensesNet": -8700000,
        "incomeBeforeTax": 55700000,
        "incomeBeforeTaxRatio": 0.0529921035,
        "incomeTaxExpense": 21700000,
        "netIncome": 34000000,
        "netIncomeRatio": 0.032347065,
        "eps": 2,
        "epsdiluted": 2,
        "weightedAverageShsOut": 8545900,
        "weightedAverageShsOutDil": 8545900,
        "link": "https://www.sec.gov/Archives/edgar/data/84129/000089322094000311/0000893220-94-000311-index.html",
        "finalLink": "https://www.sec.gov/Archives/edgar/data/84129/"
    },
    {
        "date": "1994-02-26",
        "symbol": "RAD",
        "reportedCurrency": "USD",
        "cik": "0000084129",
        "fillingDate": "1994-05-26",
        "acceptedDate": "1994-05-26 00:00:00",
        "calendarYear": "1994",
        "period": "Q4",
        "revenue": 878000000,
        "costOfRevenue": 622600000,
        "grossProfit": 255400000,
        "grossProfitRatio": 0.2908883827,
        "researchAndDevelopmentExpenses": 0,
        "generalAndAdministrativeExpenses": 0,
        "sellingAndMarketingExpenses": 0,
        "sellingGeneralAndAdministrativeExpenses": 323000000,
        "otherExpenses": 0,
        "operatingExpenses": 339400000,
        "costAndExpenses": 962000000,
        "interestIncome": 0,
        "interestExpense": 0,
        "depreciationAndAmortization": 16400000,
        "ebitda": -67600000,
        "ebitdaratio": -0.0769931663,
        "operatingIncome": -84000000,
        "operatingIncomeRatio": -0.0956719818,
        "totalOtherIncomeExpensesNet": -5200000,
        "incomeBeforeTax": -89200000,
        "incomeBeforeTaxRatio": -0.101594533,
        "incomeTaxExpense": -34700000,
        "netIncome": -71400000,
        "netIncomeRatio": -0.0813211845,
        "eps": -8.3,
        "epsdiluted": -8.3,
        "weightedAverageShsOut": 8601100,
        "weightedAverageShsOutDil": 8601100,
        "link": "https://www.sec.gov/Archives/edgar/data/84129/000089322094000273/0000893220-94-000273-index.html",
        "finalLink": "https://www.sec.gov/Archives/edgar/data/84129/"
    },
    {
        "date": "1993-11-27",
        "symbol": "RAD",
        "reportedCurrency": "USD",
        "cik": "0000084129",
        "fillingDate": "1994-01-05",
        "acceptedDate": "1994-01-05 00:00:00",
        "calendarYear": "1994",
        "period": "Q3",
        "revenue": 1077800000,
        "costOfRevenue": 764400000,
        "grossProfit": 313400000,
        "grossProfitRatio": 0.2907775097,
        "researchAndDevelopmentExpenses": 0,
        "generalAndAdministrativeExpenses": 0,
        "sellingAndMarketingExpenses": 0,
        "sellingGeneralAndAdministrativeExpenses": 239700000,
        "otherExpenses": 0,
        "operatingExpenses": 266700000,
        "costAndExpenses": 1031100000,
        "interestIncome": 0,
        "interestExpense": 0,
        "depreciationAndAmortization": 27000000,
        "ebitda": 73700000,
        "ebitdaratio": 0.0683800334,
        "operatingIncome": 46700000,
        "operatingIncomeRatio": 0.0433290035,
        "totalOtherIncomeExpensesNet": -9100000,
        "incomeBeforeTax": 37600000,
        "incomeBeforeTaxRatio": 0.0348858786,
        "incomeTaxExpense": 14600000,
        "netIncome": 23000000,
        "netIncomeRatio": 0.0213397662,
        "eps": 1.3,
        "epsdiluted": 1.3,
        "weightedAverageShsOut": 8808200,
        "weightedAverageShsOutDil": 8808200,
        "link": "https://www.sec.gov/Archives/edgar/data/84129/000089322094000010/0000893220-94-000010-index.html",
        "finalLink": "https://www.sec.gov/Archives/edgar/data/84129/"
    },
    {
        "date": "1993-08-31",
        "symbol": "RAD",
        "reportedCurrency": "USD",
        "cik": "0000084129",
        "fillingDate": "1993-08-31",
        "acceptedDate": "1993-08-30 20:00:00",
        "calendarYear": "1994",
        "period": "Q2",
        "revenue": 1039100000,
        "costOfRevenue": 735100000,
        "grossProfit": 304000000,
        "grossProfitRatio": 0.29256087,
        "researchAndDevelopmentExpenses": 0,
        "generalAndAdministrativeExpenses": 0,
        "sellingAndMarketingExpenses": 0,
        "sellingGeneralAndAdministrativeExpenses": 228600000,
        "otherExpenses": 0,
        "operatingExpenses": 255000000,
        "costAndExpenses": 990100000,
        "interestIncome": 0,
        "interestExpense": 0,
        "depreciationAndAmortization": 26400000,
        "ebitda": 75400000,
        "ebitdaratio": 0.0725627947,
        "operatingIncome": 49000000,
        "operatingIncomeRatio": 0.0471561929,
        "totalOtherIncomeExpensesNet": -7200000,
        "incomeBeforeTax": 41800000,
        "incomeBeforeTaxRatio": 0.0402271196,
        "incomeTaxExpense": 18200000,
        "netIncome": 23600000,
        "netIncomeRatio": 0.0227119623,
        "eps": 1.4,
        "epsdiluted": 1.4,
        "weightedAverageShsOut": 8808200,
        "weightedAverageShsOutDil": 8808200,
        "link": null,
        "finalLink": null
    },
    {
        "date": "1993-05-31",
        "symbol": "RAD",
        "reportedCurrency": "USD",
        "cik": "0000084129",
        "fillingDate": "1993-05-31",
        "acceptedDate": "1993-05-30 20:00:00",
        "calendarYear": "1994",
        "period": "Q1",
        "revenue": 1063800000,
        "costOfRevenue": 752200000,
        "grossProfit": 311600000,
        "grossProfitRatio": 0.2929122015,
        "researchAndDevelopmentExpenses": 0,
        "generalAndAdministrativeExpenses": 0,
        "sellingAndMarketingExpenses": 0,
        "sellingGeneralAndAdministrativeExpenses": 223100000,
        "otherExpenses": 0,
        "operatingExpenses": 249000000,
        "costAndExpenses": 1001200000,
        "interestIncome": 0,
        "interestExpense": 0,
        "depreciationAndAmortization": 25900000,
        "ebitda": 88500000,
        "ebitdaratio": 0.0831923294,
        "operatingIncome": 62600000,
        "operatingIncomeRatio": 0.0588456477,
        "totalOtherIncomeExpensesNet": -7000000,
        "incomeBeforeTax": 55600000,
        "incomeBeforeTaxRatio": 0.0522654634,
        "incomeTaxExpense": 21400000,
        "netIncome": 34200000,
        "netIncomeRatio": 0.0321489002,
        "eps": 2,
        "epsdiluted": 2,
        "weightedAverageShsOut": 8808200,
        "weightedAverageShsOutDil": 8808200,
        "link": null,
        "finalLink": null
    },
    {
        "date": "1993-02-28",
        "symbol": "RAD",
        "reportedCurrency": "USD",
        "cik": "0000084129",
        "fillingDate": "1993-02-28",
        "acceptedDate": "1993-02-27 19:00:00",
        "calendarYear": "1993",
        "period": "Q4",
        "revenue": 1108200000,
        "costOfRevenue": 788900000,
        "grossProfit": 319300000,
        "grossProfitRatio": 0.2881248872,
        "researchAndDevelopmentExpenses": 0,
        "generalAndAdministrativeExpenses": 0,
        "sellingAndMarketingExpenses": 0,
        "sellingGeneralAndAdministrativeExpenses": 213600000,
        "otherExpenses": 0,
        "operatingExpenses": 237100000,
        "costAndExpenses": 1026000000,
        "interestIncome": 0,
        "interestExpense": 0,
        "depreciationAndAmortization": 23500000,
        "ebitda": 105700000,
        "ebitdaratio": 0.0953798953,
        "operatingIncome": 82200000,
        "operatingIncomeRatio": 0.0741743368,
        "totalOtherIncomeExpensesNet": -8600000,
        "incomeBeforeTax": 73600000,
        "incomeBeforeTaxRatio": 0.0664140047,
        "incomeTaxExpense": 27800000,
        "netIncome": 45800000,
        "netIncomeRatio": 0.0413282801,
        "eps": 5.22,
        "epsdiluted": 5.22,
        "weightedAverageShsOut": 8781400,
        "weightedAverageShsOutDil": 8781400,
        "link": null,
        "finalLink": null
    },
    {
        "date": "1992-11-30",
        "symbol": "RAD",
        "reportedCurrency": "USD",
        "cik": "0000084129",
        "fillingDate": "1992-11-30",
        "acceptedDate": "1992-11-29 19:00:00",
        "calendarYear": "1993",
        "period": "Q3",
        "revenue": 1009400000,
        "costOfRevenue": 713200000,
        "grossProfit": 296200000,
        "grossProfitRatio": 0.2934416485,
        "researchAndDevelopmentExpenses": 0,
        "generalAndAdministrativeExpenses": 0,
        "sellingAndMarketingExpenses": 0,
        "sellingGeneralAndAdministrativeExpenses": 219400000,
        "otherExpenses": 0,
        "operatingExpenses": 245100000,
        "costAndExpenses": 958300000,
        "interestIncome": 0,
        "interestExpense": 0,
        "depreciationAndAmortization": 25700000,
        "ebitda": 76800000,
        "ebitdaratio": 0.0760848029,
        "operatingIncome": 51100000,
        "operatingIncomeRatio": 0.0506241331,
        "totalOtherIncomeExpensesNet": -8100000,
        "incomeBeforeTax": 43000000,
        "incomeBeforeTaxRatio": 0.0425995641,
        "incomeTaxExpense": 16600000,
        "netIncome": 26400000,
        "netIncomeRatio": 0.026154151,
        "eps": 1.5,
        "epsdiluted": 1.5,
        "weightedAverageShsOut": 8800800,
        "weightedAverageShsOutDil": 8800800,
        "link": null,
        "finalLink": null
    },
    {
        "date": "1992-08-31",
        "symbol": "RAD",
        "reportedCurrency": "USD",
        "cik": "0000084129",
        "fillingDate": "1992-08-31",
        "acceptedDate": "1992-08-30 20:00:00",
        "calendarYear": "1993",
        "period": "Q2",
        "revenue": 983400000,
        "costOfRevenue": 695800000,
        "grossProfit": 287600000,
        "grossProfitRatio": 0.2924547488,
        "researchAndDevelopmentExpenses": 0,
        "generalAndAdministrativeExpenses": 0,
        "sellingAndMarketingExpenses": 0,
        "sellingGeneralAndAdministrativeExpenses": 210800000,
        "otherExpenses": 0,
        "operatingExpenses": 235300000,
        "costAndExpenses": 931100000,
        "interestIncome": 0,
        "interestExpense": 0,
        "depreciationAndAmortization": 24600000,
        "ebitda": 76900000,
        "ebitdaratio": 0.0781980883,
        "operatingIncome": 52300000,
        "operatingIncomeRatio": 0.0531828351,
        "totalOtherIncomeExpensesNet": -8000000,
        "incomeBeforeTax": 44300000,
        "incomeBeforeTaxRatio": 0.0450477934,
        "incomeTaxExpense": 17100000,
        "netIncome": 27200000,
        "netIncomeRatio": 0.0276591418,
        "eps": 1.6,
        "epsdiluted": 1.6,
        "weightedAverageShsOut": 8784200,
        "weightedAverageShsOutDil": 8784200,
        "link": null,
        "finalLink": null
    },
    {
        "date": "1992-05-31",
        "symbol": "RAD",
        "reportedCurrency": "USD",
        "cik": "0000084129",
        "fillingDate": "1992-05-31",
        "acceptedDate": "1992-05-30 20:00:00",
        "calendarYear": "1993",
        "period": "Q1",
        "revenue": 984000000,
        "costOfRevenue": 693700000,
        "grossProfit": 290300000,
        "grossProfitRatio": 0.2950203252,
        "researchAndDevelopmentExpenses": 0,
        "generalAndAdministrativeExpenses": 0,
        "sellingAndMarketingExpenses": 0,
        "sellingGeneralAndAdministrativeExpenses": 203900000,
        "otherExpenses": 0,
        "operatingExpenses": 228400000,
        "costAndExpenses": 922100000,
        "interestIncome": 0,
        "interestExpense": 0,
        "depreciationAndAmortization": 24500000,
        "ebitda": 86400000,
        "ebitdaratio": 0.087804878,
        "operatingIncome": 61900000,
        "operatingIncomeRatio": 0.0629065041,
        "totalOtherIncomeExpensesNet": -8200000,
        "incomeBeforeTax": 53700000,
        "incomeBeforeTaxRatio": 0.0545731707,
        "incomeTaxExpense": 20700000,
        "netIncome": 33000000,
        "netIncomeRatio": 0.0335365854,
        "eps": 1.9,
        "epsdiluted": 1.9,
        "weightedAverageShsOut": 8790400,
        "weightedAverageShsOutDil": 8790400,
        "link": null,
        "finalLink": null
    },
    {
        "date": "1992-02-29",
        "symbol": "RAD",
        "reportedCurrency": "USD",
        "cik": "0000084129",
        "fillingDate": "1992-02-29",
        "acceptedDate": "1992-02-28 19:00:00",
        "calendarYear": "1992",
        "period": "Q4",
        "revenue": 1010500000,
        "costOfRevenue": 715700000,
        "grossProfit": 294800000,
        "grossProfitRatio": 0.291736764,
        "researchAndDevelopmentExpenses": 0,
        "generalAndAdministrativeExpenses": 0,
        "sellingAndMarketingExpenses": 0,
        "sellingGeneralAndAdministrativeExpenses": 193100000,
        "otherExpenses": 0,
        "operatingExpenses": 213100000,
        "costAndExpenses": 928800000,
        "interestIncome": 0,
        "interestExpense": 0,
        "depreciationAndAmortization": 20000000,
        "ebitda": 101700000,
        "ebitdaratio": 0.1006432459,
        "operatingIncome": 81700000,
        "operatingIncomeRatio": 0.0808510638,
        "totalOtherIncomeExpensesNet": -9000000,
        "incomeBeforeTax": 72700000,
        "incomeBeforeTaxRatio": 0.0719445819,
        "incomeTaxExpense": 28000000,
        "netIncome": 44700000,
        "netIncomeRatio": 0.044235527,
        "eps": 5.09,
        "epsdiluted": 5.09,
        "weightedAverageShsOut": 8781400,
        "weightedAverageShsOutDil": 8781400,
        "link": null,
        "finalLink": null
    },
    {
        "date": "1991-11-30",
        "symbol": "RAD",
        "reportedCurrency": "USD",
        "cik": "0000084129",
        "fillingDate": "1991-11-30",
        "acceptedDate": "1991-11-29 19:00:00",
        "calendarYear": "1992",
        "period": "Q3",
        "revenue": 929800000,
        "costOfRevenue": 651700000,
        "grossProfit": 278100000,
        "grossProfitRatio": 0.2990965799,
        "researchAndDevelopmentExpenses": 0,
        "generalAndAdministrativeExpenses": 0,
        "sellingAndMarketingExpenses": 0,
        "sellingGeneralAndAdministrativeExpenses": 202300000,
        "otherExpenses": 0,
        "operatingExpenses": 226900000,
        "costAndExpenses": 878600000,
        "interestIncome": 0,
        "interestExpense": 0,
        "depreciationAndAmortization": 24600000,
        "ebitda": 75800000,
        "ebitdaratio": 0.0815229082,
        "operatingIncome": 51200000,
        "operatingIncomeRatio": 0.0550656055,
        "totalOtherIncomeExpensesNet": -9900000,
        "incomeBeforeTax": 41300000,
        "incomeBeforeTaxRatio": 0.0444181544,
        "incomeTaxExpense": 16000000,
        "netIncome": 25300000,
        "netIncomeRatio": 0.0272101527,
        "eps": 1.5,
        "epsdiluted": 1.5,
        "weightedAverageShsOut": 8778300,
        "weightedAverageShsOutDil": 8778300,
        "link": null,
        "finalLink": null
    },
    {
        "date": "1991-08-31",
        "symbol": "RAD",
        "reportedCurrency": "USD",
        "cik": "0000084129",
        "fillingDate": "1991-08-31",
        "acceptedDate": "1991-08-30 20:00:00",
        "calendarYear": "1992",
        "period": "Q2",
        "revenue": 900700000,
        "costOfRevenue": 630800000,
        "grossProfit": 269900000,
        "grossProfitRatio": 0.2996558232,
        "researchAndDevelopmentExpenses": 0,
        "generalAndAdministrativeExpenses": 0,
        "sellingAndMarketingExpenses": 0,
        "sellingGeneralAndAdministrativeExpenses": 194100000,
        "otherExpenses": 0,
        "operatingExpenses": 218700000,
        "costAndExpenses": 849500000,
        "interestIncome": 0,
        "interestExpense": 0,
        "depreciationAndAmortization": 24600000,
        "ebitda": 75800000,
        "ebitdaratio": 0.084156767,
        "operatingIncome": 51200000,
        "operatingIncomeRatio": 0.0568446764,
        "totalOtherIncomeExpensesNet": -10400000,
        "incomeBeforeTax": 40800000,
        "incomeBeforeTaxRatio": 0.0452981015,
        "incomeTaxExpense": 15700000,
        "netIncome": 25100000,
        "netIncomeRatio": 0.0278672144,
        "eps": 1.5,
        "epsdiluted": 1.5,
        "weightedAverageShsOut": 8777100,
        "weightedAverageShsOutDil": 8777100,
        "link": null,
        "finalLink": null
    },
    {
        "date": "1991-05-31",
        "symbol": "RAD",
        "reportedCurrency": "USD",
        "cik": "0000084129",
        "fillingDate": "1991-05-31",
        "acceptedDate": "1991-05-30 20:00:00",
        "calendarYear": "1992",
        "period": "Q1",
        "revenue": 907400000,
        "costOfRevenue": 632100000,
        "grossProfit": 275300000,
        "grossProfitRatio": 0.3033943134,
        "researchAndDevelopmentExpenses": 0,
        "generalAndAdministrativeExpenses": 0,
        "sellingAndMarketingExpenses": 0,
        "sellingGeneralAndAdministrativeExpenses": 192400000,
        "otherExpenses": 0,
        "operatingExpenses": 216700000,
        "costAndExpenses": 848800000,
        "interestIncome": 0,
        "interestExpense": 0,
        "depreciationAndAmortization": 24300000,
        "ebitda": 82900000,
        "ebitdaratio": 0.0913599295,
        "operatingIncome": 58600000,
        "operatingIncomeRatio": 0.064580119,
        "totalOtherIncomeExpensesNet": -11400000,
        "incomeBeforeTax": 47200000,
        "incomeBeforeTaxRatio": 0.0520167512,
        "incomeTaxExpense": 18300000,
        "netIncome": 28900000,
        "netIncomeRatio": 0.0318492396,
        "eps": 0.85,
        "epsdiluted": 0.85,
        "weightedAverageShsOut": 8773700,
        "weightedAverageShsOutDil": 8773700,
        "link": null,
        "finalLink": null
    },
    {
        "date": "1991-02-28",
        "symbol": "RAD",
        "reportedCurrency": "USD",
        "cik": "0000084129",
        "fillingDate": "1991-02-28",
        "acceptedDate": "1991-02-27 19:00:00",
        "calendarYear": "1991",
        "period": "Q4",
        "revenue": 932600000,
        "costOfRevenue": 651800000,
        "grossProfit": 280800000,
        "grossProfitRatio": 0.3010937165,
        "researchAndDevelopmentExpenses": 0,
        "generalAndAdministrativeExpenses": 0,
        "sellingAndMarketingExpenses": 0,
        "sellingGeneralAndAdministrativeExpenses": 180500000,
        "otherExpenses": 0,
        "operatingExpenses": 204300000,
        "costAndExpenses": 856100000,
        "interestIncome": 0,
        "interestExpense": 0,
        "depreciationAndAmortization": 23800000,
        "ebitda": 100300000,
        "ebitdaratio": 0.1075487883,
        "operatingIncome": 76500000,
        "operatingIncomeRatio": 0.0820287369,
        "totalOtherIncomeExpensesNet": -13300000,
        "incomeBeforeTax": 63200000,
        "incomeBeforeTaxRatio": 0.0677675316,
        "incomeTaxExpense": 24200000,
        "netIncome": 39000000,
        "netIncomeRatio": 0.0418185717,
        "eps": 4.7,
        "epsdiluted": 4.7,
        "weightedAverageShsOut": 8305100,
        "weightedAverageShsOutDil": 8305100,
        "link": null,
        "finalLink": null
    },
    {
        "date": "1990-11-30",
        "symbol": "RAD",
        "reportedCurrency": "USD",
        "cik": "0000084129",
        "fillingDate": "1990-11-30",
        "acceptedDate": "1990-11-29 19:00:00",
        "calendarYear": "1991",
        "period": "Q3",
        "revenue": 858200000,
        "costOfRevenue": 596800000,
        "grossProfit": 261400000,
        "grossProfitRatio": 0.3045910044,
        "researchAndDevelopmentExpenses": 0,
        "generalAndAdministrativeExpenses": 0,
        "sellingAndMarketingExpenses": 0,
        "sellingGeneralAndAdministrativeExpenses": 189400000,
        "otherExpenses": 0,
        "operatingExpenses": 212600000,
        "costAndExpenses": 809400000,
        "interestIncome": 0,
        "interestExpense": 0,
        "depreciationAndAmortization": 23200000,
        "ebitda": 72000000,
        "ebitdaratio": 0.0838965276,
        "operatingIncome": 48800000,
        "operatingIncomeRatio": 0.0568632021,
        "totalOtherIncomeExpensesNet": -13700000,
        "incomeBeforeTax": 35100000,
        "incomeBeforeTaxRatio": 0.0408995572,
        "incomeTaxExpense": 13500000,
        "netIncome": 21600000,
        "netIncomeRatio": 0.0251689583,
        "eps": 0.65,
        "epsdiluted": 0.65,
        "weightedAverageShsOut": 8299800,
        "weightedAverageShsOutDil": 8299800,
        "link": null,
        "finalLink": null
    },
    {
        "date": "1990-08-31",
        "symbol": "RAD",
        "reportedCurrency": "USD",
        "cik": "0000084129",
        "fillingDate": "1990-08-31",
        "acceptedDate": "1990-08-30 20:00:00",
        "calendarYear": "1991",
        "period": "Q2",
        "revenue": 826200000,
        "costOfRevenue": 570700000,
        "grossProfit": 255500000,
        "grossProfitRatio": 0.3092471557,
        "researchAndDevelopmentExpenses": 0,
        "generalAndAdministrativeExpenses": 0,
        "sellingAndMarketingExpenses": 0,
        "sellingGeneralAndAdministrativeExpenses": 184600000,
        "otherExpenses": 0,
        "operatingExpenses": 207800000,
        "costAndExpenses": 778500000,
        "interestIncome": 0,
        "interestExpense": 0,
        "depreciationAndAmortization": 23200000,
        "ebitda": 70900000,
        "ebitdaratio": 0.0858145727,
        "operatingIncome": 47700000,
        "operatingIncomeRatio": 0.0577342048,
        "totalOtherIncomeExpensesNet": -12600000,
        "incomeBeforeTax": 35100000,
        "incomeBeforeTaxRatio": 0.0424836601,
        "incomeTaxExpense": 13600000,
        "netIncome": 21500000,
        "netIncomeRatio": 0.0260227548,
        "eps": 0.65,
        "epsdiluted": 0.65,
        "weightedAverageShsOut": 8299800,
        "weightedAverageShsOutDil": 8299800,
        "link": null,
        "finalLink": null
    },
    {
        "date": "1990-05-31",
        "symbol": "RAD",
        "reportedCurrency": "USD",
        "cik": "0000084129",
        "fillingDate": "1990-05-31",
        "acceptedDate": "1990-05-30 20:00:00",
        "calendarYear": "1991",
        "period": "Q1",
        "revenue": 830500000,
        "costOfRevenue": 575000000,
        "grossProfit": 255500000,
        "grossProfitRatio": 0.3076459964,
        "researchAndDevelopmentExpenses": 0,
        "generalAndAdministrativeExpenses": 0,
        "sellingAndMarketingExpenses": 0,
        "sellingGeneralAndAdministrativeExpenses": 178400000,
        "otherExpenses": 0,
        "operatingExpenses": 201500000,
        "costAndExpenses": 776500000,
        "interestIncome": 0,
        "interestExpense": 0,
        "depreciationAndAmortization": 23100000,
        "ebitda": 77100000,
        "ebitdaratio": 0.0928356412,
        "operatingIncome": 54000000,
        "operatingIncomeRatio": 0.0650210716,
        "totalOtherIncomeExpensesNet": -12700000,
        "incomeBeforeTax": 41300000,
        "incomeBeforeTaxRatio": 0.0497290789,
        "incomeTaxExpense": 16100000,
        "netIncome": 25200000,
        "netIncomeRatio": 0.0303431668,
        "eps": 0.8,
        "epsdiluted": 0.8,
        "weightedAverageShsOut": 8298900,
        "weightedAverageShsOutDil": 8298900,
        "link": null,
        "finalLink": null
    },
    {
        "date": "1990-02-28",
        "symbol": "RAD",
        "reportedCurrency": "USD",
        "cik": "0000084129",
        "fillingDate": "1990-02-28",
        "acceptedDate": "1990-02-27 19:00:00",
        "calendarYear": "1990",
        "period": "Q4",
        "revenue": 857600000,
        "costOfRevenue": 595200000,
        "grossProfit": 262400000,
        "grossProfitRatio": 0.3059701493,
        "researchAndDevelopmentExpenses": 0,
        "generalAndAdministrativeExpenses": 0,
        "sellingAndMarketingExpenses": 0,
        "sellingGeneralAndAdministrativeExpenses": 191900000,
        "otherExpenses": 0,
        "operatingExpenses": 214100000,
        "costAndExpenses": 809300000,
        "interestIncome": 0,
        "interestExpense": 0,
        "depreciationAndAmortization": 22200000,
        "ebitda": 70500000,
        "ebitdaratio": 0.0822061567,
        "operatingIncome": 48300000,
        "operatingIncomeRatio": 0.0563199627,
        "totalOtherIncomeExpensesNet": 8600000,
        "incomeBeforeTax": 56900000,
        "incomeBeforeTaxRatio": 0.0663479478,
        "incomeTaxExpense": 21900000,
        "netIncome": 35000000,
        "netIncomeRatio": 0.0408115672,
        "eps": 4.22,
        "epsdiluted": 4.22,
        "weightedAverageShsOut": 8298600,
        "weightedAverageShsOutDil": 8298600,
        "link": null,
        "finalLink": null
    },
    {
        "date": "1989-11-30",
        "symbol": "RAD",
        "reportedCurrency": "USD",
        "cik": "0000084129",
        "fillingDate": "1989-11-30",
        "acceptedDate": "1989-11-29 19:00:00",
        "calendarYear": "1990",
        "period": "Q3",
        "revenue": 791800000,
        "costOfRevenue": 554100000,
        "grossProfit": 237700000,
        "grossProfitRatio": 0.3002020712,
        "researchAndDevelopmentExpenses": 0,
        "generalAndAdministrativeExpenses": 0,
        "sellingAndMarketingExpenses": 0,
        "sellingGeneralAndAdministrativeExpenses": 173900000,
        "otherExpenses": 0,
        "operatingExpenses": 194600000,
        "costAndExpenses": 748700000,
        "interestIncome": 0,
        "interestExpense": 0,
        "depreciationAndAmortization": 20700000,
        "ebitda": 85800000,
        "ebitdaratio": 0.1083606971,
        "operatingIncome": 65100000,
        "operatingIncomeRatio": 0.0822177318,
        "totalOtherIncomeExpensesNet": -58400000,
        "incomeBeforeTax": 6700000,
        "incomeBeforeTaxRatio": 0.0084617328,
        "incomeTaxExpense": 2600000,
        "netIncome": 22500000,
        "netIncomeRatio": 0.0284162667,
        "eps": 0.7,
        "epsdiluted": 0.7,
        "weightedAverageShsOut": 8298600,
        "weightedAverageShsOutDil": 8298600,
        "link": null,
        "finalLink": null
    },
    {
        "date": "1989-08-31",
        "symbol": "RAD",
        "reportedCurrency": "USD",
        "cik": "0000084129",
        "fillingDate": "1989-08-31",
        "acceptedDate": "1989-08-30 20:00:00",
        "calendarYear": "1990",
        "period": "Q2",
        "revenue": 768900000,
        "costOfRevenue": 0,
        "grossProfit": 768900000,
        "grossProfitRatio": 1,
        "researchAndDevelopmentExpenses": 0,
        "generalAndAdministrativeExpenses": 0,
        "sellingAndMarketingExpenses": 0,
        "sellingGeneralAndAdministrativeExpenses": 0,
        "otherExpenses": 0,
        "operatingExpenses": 0,
        "costAndExpenses": 0,
        "interestIncome": 0,
        "interestExpense": 0,
        "depreciationAndAmortization": 0,
        "ebitda": 768900000,
        "ebitdaratio": 1,
        "operatingIncome": 768900000,
        "operatingIncomeRatio": 1,
        "totalOtherIncomeExpensesNet": 0,
        "incomeBeforeTax": 0,
        "incomeBeforeTaxRatio": 0,
        "incomeTaxExpense": 0,
        "netIncome": 0,
        "netIncomeRatio": 0,
        "eps": 0.65,
        "epsdiluted": 0.65,
        "weightedAverageShsOut": 8289600,
        "weightedAverageShsOutDil": 8289600,
        "link": null,
        "finalLink": null
    },
    {
        "date": "1989-05-31",
        "symbol": "RAD",
        "reportedCurrency": "USD",
        "cik": "0000084129",
        "fillingDate": "1989-05-31",
        "acceptedDate": "1989-05-30 20:00:00",
        "calendarYear": "1990",
        "period": "Q1",
        "revenue": 754600000,
        "costOfRevenue": 0,
        "grossProfit": 754600000,
        "grossProfitRatio": 1,
        "researchAndDevelopmentExpenses": 0,
        "generalAndAdministrativeExpenses": 0,
        "sellingAndMarketingExpenses": 0,
        "sellingGeneralAndAdministrativeExpenses": 0,
        "otherExpenses": 0,
        "operatingExpenses": 0,
        "costAndExpenses": 0,
        "interestIncome": 0,
        "interestExpense": 0,
        "depreciationAndAmortization": 0,
        "ebitda": 754600000,
        "ebitdaratio": 1,
        "operatingIncome": 754600000,
        "operatingIncomeRatio": 1,
        "totalOtherIncomeExpensesNet": 0,
        "incomeBeforeTax": 0,
        "incomeBeforeTaxRatio": 0,
        "incomeTaxExpense": 0,
        "netIncome": 0,
        "netIncomeRatio": 0,
        "eps": 0.75,
        "epsdiluted": 0.75,
        "weightedAverageShsOut": 8293000,
        "weightedAverageShsOutDil": 8293000,
        "link": null,
        "finalLink": null
    },
    {
        "date": "1989-02-28",
        "symbol": "RAD",
        "reportedCurrency": "USD",
        "cik": "0000084129",
        "fillingDate": "1989-02-28",
        "acceptedDate": "1989-02-27 19:00:00",
        "calendarYear": "1989",
        "period": "Q4",
        "revenue": 819200000,
        "costOfRevenue": 0,
        "grossProfit": 819200000,
        "grossProfitRatio": 1,
        "researchAndDevelopmentExpenses": 0,
        "generalAndAdministrativeExpenses": 0,
        "sellingAndMarketingExpenses": 0,
        "sellingGeneralAndAdministrativeExpenses": 0,
        "otherExpenses": -2673700000,
        "operatingExpenses": -2673700000,
        "costAndExpenses": -2673700000,
        "interestIncome": 0,
        "interestExpense": 0,
        "depreciationAndAmortization": 0,
        "ebitda": -1854500000,
        "ebitdaratio": -2.2637939453,
        "operatingIncome": -1854500000,
        "operatingIncomeRatio": -2.2637939453,
        "totalOtherIncomeExpensesNet": 0,
        "incomeBeforeTax": 0,
        "incomeBeforeTaxRatio": 0,
        "incomeTaxExpense": 0,
        "netIncome": 0,
        "netIncomeRatio": 0,
        "eps": 0.21,
        "epsdiluted": 0.21,
        "weightedAverageShsOut": 8509600,
        "weightedAverageShsOutDil": 8509600,
        "link": null,
        "finalLink": null
    },
    {
        "date": "1988-11-30",
        "symbol": "RAD",
        "reportedCurrency": "USD",
        "cik": "0000084129",
        "fillingDate": "1988-11-30",
        "acceptedDate": "1988-11-29 19:00:00",
        "calendarYear": "1989",
        "period": "Q3",
        "revenue": 694500000,
        "costOfRevenue": 0,
        "grossProfit": 694500000,
        "grossProfitRatio": 1,
        "researchAndDevelopmentExpenses": 0,
        "generalAndAdministrativeExpenses": 0,
        "sellingAndMarketingExpenses": 0,
        "sellingGeneralAndAdministrativeExpenses": 0,
        "otherExpenses": 0,
        "operatingExpenses": 0,
        "costAndExpenses": 0,
        "interestIncome": 0,
        "interestExpense": 0,
        "depreciationAndAmortization": 0,
        "ebitda": 694500000,
        "ebitdaratio": 1,
        "operatingIncome": 694500000,
        "operatingIncomeRatio": 1,
        "totalOtherIncomeExpensesNet": 0,
        "incomeBeforeTax": 0,
        "incomeBeforeTaxRatio": 0,
        "incomeTaxExpense": 0,
        "netIncome": 0,
        "netIncomeRatio": 0,
        "eps": 0.5,
        "epsdiluted": 0.5,
        "weightedAverageShsOut": 8293000,
        "weightedAverageShsOutDil": 8293000,
        "link": null,
        "finalLink": null
    },
    {
        "date": "1988-08-31",
        "symbol": "RAD",
        "reportedCurrency": "USD",
        "cik": "0000084129",
        "fillingDate": "1988-08-31",
        "acceptedDate": "1988-08-30 20:00:00",
        "calendarYear": "1989",
        "period": "Q2",
        "revenue": 676600000,
        "costOfRevenue": 0,
        "grossProfit": 676600000,
        "grossProfitRatio": 1,
        "researchAndDevelopmentExpenses": 0,
        "generalAndAdministrativeExpenses": 0,
        "sellingAndMarketingExpenses": 0,
        "sellingGeneralAndAdministrativeExpenses": 0,
        "otherExpenses": 0,
        "operatingExpenses": 0,
        "costAndExpenses": 0,
        "interestIncome": 0,
        "interestExpense": 0,
        "depreciationAndAmortization": 0,
        "ebitda": 676600000,
        "ebitdaratio": 1,
        "operatingIncome": 676600000,
        "operatingIncomeRatio": 1,
        "totalOtherIncomeExpensesNet": 0,
        "incomeBeforeTax": 0,
        "incomeBeforeTaxRatio": 0,
        "incomeTaxExpense": 0,
        "netIncome": 0,
        "netIncomeRatio": 0,
        "eps": 0.6,
        "epsdiluted": 0.6,
        "weightedAverageShsOut": 8270200,
        "weightedAverageShsOutDil": 8270200,
        "link": null,
        "finalLink": null
    },
    {
        "date": "1988-05-31",
        "symbol": "RAD",
        "reportedCurrency": "USD",
        "cik": "0000084129",
        "fillingDate": "1988-05-31",
        "acceptedDate": "1988-05-30 20:00:00",
        "calendarYear": "1989",
        "period": "Q1",
        "revenue": 678000000,
        "costOfRevenue": 0,
        "grossProfit": 678000000,
        "grossProfitRatio": 1,
        "researchAndDevelopmentExpenses": 0,
        "generalAndAdministrativeExpenses": 0,
        "sellingAndMarketingExpenses": 0,
        "sellingGeneralAndAdministrativeExpenses": 0,
        "otherExpenses": 0,
        "operatingExpenses": 0,
        "costAndExpenses": 0,
        "interestIncome": 0,
        "interestExpense": 0,
        "depreciationAndAmortization": 0,
        "ebitda": 678000000,
        "ebitdaratio": 1,
        "operatingIncome": 678000000,
        "operatingIncomeRatio": 1,
        "totalOtherIncomeExpensesNet": 0,
        "incomeBeforeTax": 0,
        "incomeBeforeTaxRatio": 0,
        "incomeTaxExpense": 0,
        "netIncome": 0,
        "netIncomeRatio": 0,
        "eps": 0.75,
        "epsdiluted": 0.75,
        "weightedAverageShsOut": 8257800,
        "weightedAverageShsOutDil": 8257800,
        "link": null,
        "finalLink": null
    },
    {
        "date": "1988-02-29",
        "symbol": "RAD",
        "reportedCurrency": "USD",
        "cik": "0000084129",
        "fillingDate": "1988-02-29",
        "acceptedDate": "1988-02-28 19:00:00",
        "calendarYear": "1988",
        "period": "Q4",
        "revenue": 696500000,
        "costOfRevenue": 0,
        "grossProfit": 696500000,
        "grossProfitRatio": 1,
        "researchAndDevelopmentExpenses": 0,
        "generalAndAdministrativeExpenses": 0,
        "sellingAndMarketingExpenses": 0,
        "sellingGeneralAndAdministrativeExpenses": 0,
        "otherExpenses": -2297500000,
        "operatingExpenses": -2297500000,
        "costAndExpenses": -2297500000,
        "interestIncome": 0,
        "interestExpense": 0,
        "depreciationAndAmortization": 0,
        "ebitda": -1601000000,
        "ebitdaratio": -2.2986360373,
        "operatingIncome": -1601000000,
        "operatingIncomeRatio": -2.2986360373,
        "totalOtherIncomeExpensesNet": 0,
        "incomeBeforeTax": 0,
        "incomeBeforeTaxRatio": 0,
        "incomeTaxExpense": 0,
        "netIncome": 0,
        "netIncomeRatio": 0,
        "eps": 0.22,
        "epsdiluted": 0.22,
        "weightedAverageShsOut": 8270200,
        "weightedAverageShsOutDil": 8270200,
        "link": null,
        "finalLink": null
    },
    {
        "date": "1987-11-30",
        "symbol": "RAD",
        "reportedCurrency": "USD",
        "cik": "0000084129",
        "fillingDate": "1987-11-30",
        "acceptedDate": "1987-11-29 19:00:00",
        "calendarYear": "1988",
        "period": "Q3",
        "revenue": 648100000,
        "costOfRevenue": 0,
        "grossProfit": 648100000,
        "grossProfitRatio": 1,
        "researchAndDevelopmentExpenses": 0,
        "generalAndAdministrativeExpenses": 0,
        "sellingAndMarketingExpenses": 0,
        "sellingGeneralAndAdministrativeExpenses": 0,
        "otherExpenses": 0,
        "operatingExpenses": 0,
        "costAndExpenses": 0,
        "interestIncome": 0,
        "interestExpense": 0,
        "depreciationAndAmortization": 0,
        "ebitda": 648100000,
        "ebitdaratio": 1,
        "operatingIncome": 648100000,
        "operatingIncomeRatio": 1,
        "totalOtherIncomeExpensesNet": 0,
        "incomeBeforeTax": 0,
        "incomeBeforeTaxRatio": 0,
        "incomeTaxExpense": 0,
        "netIncome": 0,
        "netIncomeRatio": 0,
        "eps": 0.65,
        "epsdiluted": 0.65,
        "weightedAverageShsOut": 8270200,
        "weightedAverageShsOutDil": 8270200,
        "link": null,
        "finalLink": null
    },
    {
        "date": "1987-08-31",
        "symbol": "RAD",
        "reportedCurrency": "USD",
        "cik": "0000084129",
        "fillingDate": "1987-08-31",
        "acceptedDate": "1987-08-30 20:00:00",
        "calendarYear": "1988",
        "period": "Q2",
        "revenue": 610000000,
        "costOfRevenue": 0,
        "grossProfit": 610000000,
        "grossProfitRatio": 1,
        "researchAndDevelopmentExpenses": 0,
        "generalAndAdministrativeExpenses": 0,
        "sellingAndMarketingExpenses": 0,
        "sellingGeneralAndAdministrativeExpenses": 0,
        "otherExpenses": 0,
        "operatingExpenses": 0,
        "costAndExpenses": 0,
        "interestIncome": 0,
        "interestExpense": 0,
        "depreciationAndAmortization": 0,
        "ebitda": 610000000,
        "ebitdaratio": 1,
        "operatingIncome": 610000000,
        "operatingIncomeRatio": 1,
        "totalOtherIncomeExpensesNet": 0,
        "incomeBeforeTax": 0,
        "incomeBeforeTaxRatio": 0,
        "incomeTaxExpense": 0,
        "netIncome": 0,
        "netIncomeRatio": 0,
        "eps": 0.5,
        "epsdiluted": 0.5,
        "weightedAverageShsOut": 8257800,
        "weightedAverageShsOutDil": 8257800,
        "link": null,
        "finalLink": null
    },
    {
        "date": "1987-05-31",
        "symbol": "RAD",
        "reportedCurrency": "USD",
        "cik": "0000084129",
        "fillingDate": "1987-05-31",
        "acceptedDate": "1987-05-30 20:00:00",
        "calendarYear": "1988",
        "period": "Q1",
        "revenue": 531700000,
        "costOfRevenue": 0,
        "grossProfit": 531700000,
        "grossProfitRatio": 1,
        "researchAndDevelopmentExpenses": 0,
        "generalAndAdministrativeExpenses": 0,
        "sellingAndMarketingExpenses": 0,
        "sellingGeneralAndAdministrativeExpenses": 0,
        "otherExpenses": 0,
        "operatingExpenses": 0,
        "costAndExpenses": 0,
        "interestIncome": 0,
        "interestExpense": 0,
        "depreciationAndAmortization": 0,
        "ebitda": 531700000,
        "ebitdaratio": 1,
        "operatingIncome": 531700000,
        "operatingIncomeRatio": 1,
        "totalOtherIncomeExpensesNet": 0,
        "incomeBeforeTax": 0,
        "incomeBeforeTaxRatio": 0,
        "incomeTaxExpense": 0,
        "netIncome": 0,
        "netIncomeRatio": 0,
        "eps": 2.1,
        "epsdiluted": 2.1,
        "weightedAverageShsOut": 8257200,
        "weightedAverageShsOutDil": 8257200,
        "link": null,
        "finalLink": null
    },
    {
        "date": "1987-02-28",
        "symbol": "RAD",
        "reportedCurrency": "USD",
        "cik": "0000084129",
        "fillingDate": "1987-02-28",
        "acceptedDate": "1987-02-27 19:00:00",
        "calendarYear": "1987",
        "period": "Q4",
        "revenue": 483400000,
        "costOfRevenue": 0,
        "grossProfit": 483400000,
        "grossProfitRatio": 1,
        "researchAndDevelopmentExpenses": 0,
        "generalAndAdministrativeExpenses": 0,
        "sellingAndMarketingExpenses": 0,
        "sellingGeneralAndAdministrativeExpenses": 0,
        "otherExpenses": -1600800000,
        "operatingExpenses": -1600800000,
        "costAndExpenses": -1600800000,
        "interestIncome": 0,
        "interestExpense": 0,
        "depreciationAndAmortization": 0,
        "ebitda": -1117400000,
        "ebitdaratio": -2.3115432354,
        "operatingIncome": -1117400000,
        "operatingIncomeRatio": -2.3115432354,
        "totalOtherIncomeExpensesNet": 0,
        "incomeBeforeTax": 0,
        "incomeBeforeTaxRatio": 0,
        "incomeTaxExpense": 0,
        "netIncome": 0,
        "netIncomeRatio": 0,
        "eps": 0.18,
        "epsdiluted": 0.18,
        "weightedAverageShsOut": 8257800,
        "weightedAverageShsOutDil": 8257800,
        "link": null,
        "finalLink": null
    },
    {
        "date": "1986-11-30",
        "symbol": "RAD",
        "reportedCurrency": "USD",
        "cik": "0000084129",
        "fillingDate": "1986-11-30",
        "acceptedDate": "1986-11-29 19:00:00",
        "calendarYear": "1987",
        "period": "Q3",
        "revenue": 432500000,
        "costOfRevenue": 0,
        "grossProfit": 432500000,
        "grossProfitRatio": 1,
        "researchAndDevelopmentExpenses": 0,
        "generalAndAdministrativeExpenses": 0,
        "sellingAndMarketingExpenses": 0,
        "sellingGeneralAndAdministrativeExpenses": 0,
        "otherExpenses": 0,
        "operatingExpenses": 0,
        "costAndExpenses": 0,
        "interestIncome": 0,
        "interestExpense": 0,
        "depreciationAndAmortization": 0,
        "ebitda": 432500000,
        "ebitdaratio": 1,
        "operatingIncome": 432500000,
        "operatingIncomeRatio": 1,
        "totalOtherIncomeExpensesNet": 0,
        "incomeBeforeTax": 0,
        "incomeBeforeTaxRatio": 0,
        "incomeTaxExpense": 0,
        "netIncome": 0,
        "netIncomeRatio": 0,
        "eps": 0.55,
        "epsdiluted": 0.55,
        "weightedAverageShsOut": 8255000,
        "weightedAverageShsOutDil": 8255000,
        "link": null,
        "finalLink": null
    },
    {
        "date": "1986-08-31",
        "symbol": "RAD",
        "reportedCurrency": "USD",
        "cik": "0000084129",
        "fillingDate": "1986-08-31",
        "acceptedDate": "1986-08-30 20:00:00",
        "calendarYear": "1987",
        "period": "Q2",
        "revenue": 422000000,
        "costOfRevenue": 0,
        "grossProfit": 422000000,
        "grossProfitRatio": 1,
        "researchAndDevelopmentExpenses": 0,
        "generalAndAdministrativeExpenses": 0,
        "sellingAndMarketingExpenses": 0,
        "sellingGeneralAndAdministrativeExpenses": 0,
        "otherExpenses": 0,
        "operatingExpenses": 0,
        "costAndExpenses": 0,
        "interestIncome": 0,
        "interestExpense": 0,
        "depreciationAndAmortization": 0,
        "ebitda": 422000000,
        "ebitdaratio": 1,
        "operatingIncome": 422000000,
        "operatingIncomeRatio": 1,
        "totalOtherIncomeExpensesNet": 0,
        "incomeBeforeTax": 0,
        "incomeBeforeTaxRatio": 0,
        "incomeTaxExpense": 0,
        "netIncome": 0,
        "netIncomeRatio": 0,
        "eps": 0.45,
        "epsdiluted": 0.45,
        "weightedAverageShsOut": 8255000,
        "weightedAverageShsOutDil": 8255000,
        "link": null,
        "finalLink": null
    },
    {
        "date": "1986-05-31",
        "symbol": "RAD",
        "reportedCurrency": "USD",
        "cik": "0000084129",
        "fillingDate": "1986-05-31",
        "acceptedDate": "1986-05-30 20:00:00",
        "calendarYear": "1987",
        "period": "Q1",
        "revenue": 418700000,
        "costOfRevenue": 0,
        "grossProfit": 418700000,
        "grossProfitRatio": 1,
        "researchAndDevelopmentExpenses": 0,
        "generalAndAdministrativeExpenses": 0,
        "sellingAndMarketingExpenses": 0,
        "sellingGeneralAndAdministrativeExpenses": 0,
        "otherExpenses": 0,
        "operatingExpenses": 0,
        "costAndExpenses": 0,
        "interestIncome": 0,
        "interestExpense": 0,
        "depreciationAndAmortization": 0,
        "ebitda": 418700000,
        "ebitdaratio": 1,
        "operatingIncome": 418700000,
        "operatingIncomeRatio": 1,
        "totalOtherIncomeExpensesNet": 0,
        "incomeBeforeTax": 0,
        "incomeBeforeTaxRatio": 0,
        "incomeTaxExpense": 0,
        "netIncome": 0,
        "netIncomeRatio": 0,
        "eps": 0.5,
        "epsdiluted": 0.5,
        "weightedAverageShsOut": 8250200,
        "weightedAverageShsOutDil": 8250200,
        "link": null,
        "finalLink": null
    },
    {
        "date": "1986-02-28",
        "symbol": "RAD",
        "reportedCurrency": "USD",
        "cik": "0000084129",
        "fillingDate": "1986-02-28",
        "acceptedDate": "1986-02-27 19:00:00",
        "calendarYear": "1986",
        "period": "Q4",
        "revenue": 428900000,
        "costOfRevenue": 0,
        "grossProfit": 428900000,
        "grossProfitRatio": 1,
        "researchAndDevelopmentExpenses": 0,
        "generalAndAdministrativeExpenses": 0,
        "sellingAndMarketingExpenses": 0,
        "sellingGeneralAndAdministrativeExpenses": 0,
        "otherExpenses": -1420300000,
        "operatingExpenses": -1420300000,
        "costAndExpenses": -1420300000,
        "interestIncome": 0,
        "interestExpense": 0,
        "depreciationAndAmortization": 0,
        "ebitda": -991400000,
        "ebitdaratio": -2.3114945209,
        "operatingIncome": -991400000,
        "operatingIncomeRatio": -2.3114945209,
        "totalOtherIncomeExpensesNet": 0,
        "incomeBeforeTax": 0,
        "incomeBeforeTaxRatio": 0,
        "incomeTaxExpense": 0,
        "netIncome": 0,
        "netIncomeRatio": 0,
        "eps": 0.16,
        "epsdiluted": 0.16,
        "weightedAverageShsOut": 8252400,
        "weightedAverageShsOutDil": 8252400,
        "link": null,
        "finalLink": null
    },
    {
        "date": "1985-11-30",
        "symbol": "RAD",
        "reportedCurrency": "USD",
        "cik": "0000084129",
        "fillingDate": "1985-11-30",
        "acceptedDate": "1985-11-29 19:00:00",
        "calendarYear": "1986",
        "period": "Q3",
        "revenue": 389000000,
        "costOfRevenue": 0,
        "grossProfit": 389000000,
        "grossProfitRatio": 1,
        "researchAndDevelopmentExpenses": 0,
        "generalAndAdministrativeExpenses": 0,
        "sellingAndMarketingExpenses": 0,
        "sellingGeneralAndAdministrativeExpenses": 0,
        "otherExpenses": 0,
        "operatingExpenses": 0,
        "costAndExpenses": 0,
        "interestIncome": 0,
        "interestExpense": 0,
        "depreciationAndAmortization": 0,
        "ebitda": 389000000,
        "ebitdaratio": 1,
        "operatingIncome": 389000000,
        "operatingIncomeRatio": 1,
        "totalOtherIncomeExpensesNet": 0,
        "incomeBeforeTax": 0,
        "incomeBeforeTaxRatio": 0,
        "incomeTaxExpense": 0,
        "netIncome": 0,
        "netIncomeRatio": 0,
        "eps": 0.45,
        "epsdiluted": 0.45,
        "weightedAverageShsOut": 8245800,
        "weightedAverageShsOutDil": 8245800,
        "link": null,
        "finalLink": null
    },
    {
        "date": "1985-08-31",
        "symbol": "RAD",
        "reportedCurrency": "USD",
        "cik": "0000084129",
        "fillingDate": "1985-08-31",
        "acceptedDate": "1985-08-30 20:00:00",
        "calendarYear": "1986",
        "period": "Q2",
        "revenue": 379100000,
        "costOfRevenue": 0,
        "grossProfit": 379100000,
        "grossProfitRatio": 1,
        "researchAndDevelopmentExpenses": 0,
        "generalAndAdministrativeExpenses": 0,
        "sellingAndMarketingExpenses": 0,
        "sellingGeneralAndAdministrativeExpenses": 0,
        "otherExpenses": 0,
        "operatingExpenses": 0,
        "costAndExpenses": 0,
        "interestIncome": 0,
        "interestExpense": 0,
        "depreciationAndAmortization": 0,
        "ebitda": 379100000,
        "ebitdaratio": 1,
        "operatingIncome": 379100000,
        "operatingIncomeRatio": 1,
        "totalOtherIncomeExpensesNet": 0,
        "incomeBeforeTax": 0,
        "incomeBeforeTaxRatio": 0,
        "incomeTaxExpense": 0,
        "netIncome": 0,
        "netIncomeRatio": 0,
        "eps": 0.45,
        "epsdiluted": 0.45,
        "weightedAverageShsOut": 8244400,
        "weightedAverageShsOutDil": 8244400,
        "link": null,
        "finalLink": null
    }
]