[
    {
        "date": "2025-06-30",
        "symbol": "RCA",
        "reportedCurrency": "USD",
        "cik": "0001527590",
        "fillingDate": "2025-08-08",
        "acceptedDate": "2025-08-08 16:18:00",
        "calendarYear": "2025",
        "period": "Q2",
        "revenue": -26671000,
        "costOfRevenue": 0,
        "grossProfit": 0,
        "grossProfitRatio": 0,
        "researchAndDevelopmentExpenses": 0,
        "generalAndAdministrativeExpenses": 6368000,
        "sellingAndMarketingExpenses": 0,
        "sellingGeneralAndAdministrativeExpenses": 6368000,
        "otherExpenses": 0,
        "operatingExpenses": 6368000,
        "costAndExpenses": 0,
        "interestIncome": 152735000,
        "interestExpense": 135837000,
        "depreciationAndAmortization": 0,
        "ebitda": -48751000,
        "ebitdaratio": 1.8278654719,
        "operatingIncome": -48751000,
        "operatingIncomeRatio": 1.8278654719,
        "totalOtherIncomeExpensesNet": -39939000,
        "incomeBeforeTax": -88690000,
        "incomeBeforeTaxRatio": 3.3253346331,
        "incomeTaxExpense": -31200000,
        "netIncome": -57490000,
        "netIncomeRatio": 2.1555247272,
        "eps": -0.34,
        "epsdiluted": -0.34,
        "weightedAverageShsOut": 167749917,
        "weightedAverageShsOutDil": 170673088,
        "link": "https://www.sec.gov/Archives/edgar/data/1527590/000162828025039276/0001628280-25-039276-index.htm",
        "finalLink": "https://www.sec.gov/Archives/edgar/data/1527590/000162828025039276/rc-20250630.htm"
    },
    {
        "date": "2025-03-31",
        "symbol": "RCA",
        "reportedCurrency": "USD",
        "cik": "0001527590",
        "fillingDate": "2025-05-09",
        "acceptedDate": "2025-05-09 16:49:48",
        "calendarYear": "2025",
        "period": "Q1",
        "revenue": 180703000,
        "costOfRevenue": 140466000,
        "grossProfit": 40237000,
        "grossProfitRatio": 0.2226692418,
        "researchAndDevelopmentExpenses": 0,
        "generalAndAdministrativeExpenses": 5488000,
        "sellingAndMarketingExpenses": 0,
        "sellingGeneralAndAdministrativeExpenses": 5488000,
        "otherExpenses": 67114000,
        "operatingExpenses": 72602000,
        "costAndExpenses": 213068000,
        "interestIncome": 154967000,
        "interestExpense": 140466000,
        "depreciationAndAmortization": 11265000,
        "ebitda": 228934000,
        "ebitdaratio": 1.2669075776,
        "operatingIncome": -32365000,
        "operatingIncomeRatio": -0.1791060469,
        "totalOtherIncomeExpensesNet": 109568000,
        "incomeBeforeTax": 77203000,
        "incomeBeforeTaxRatio": 0.4272369579,
        "incomeTaxExpense": -5207000,
        "netIncome": 82410000,
        "netIncomeRatio": 0.4560521961,
        "eps": 0.46,
        "epsdiluted": 0.46,
        "weightedAverageShsOut": 165166276,
        "weightedAverageShsOutDil": 167723519,
        "link": "https://www.sec.gov/Archives/edgar/data/1527590/000162828025024331/0001628280-25-024331-index.htm",
        "finalLink": "https://www.sec.gov/Archives/edgar/data/1527590/000162828025024331/rc-20250331.htm"
    },
    {
        "date": "2024-12-31",
        "symbol": "RCA",
        "reportedCurrency": "USD",
        "cik": "0001527590",
        "fillingDate": "2025-03-03",
        "acceptedDate": "2025-03-03 16:44:04",
        "calendarYear": "2024",
        "period": "Q4",
        "revenue": -509637000,
        "costOfRevenue": 39927000,
        "grossProfit": -549564000,
        "grossProfitRatio": 1.0783439978,
        "researchAndDevelopmentExpenses": 0,
        "generalAndAdministrativeExpenses": 7704000,
        "sellingAndMarketingExpenses": 0,
        "sellingGeneralAndAdministrativeExpenses": 7704000,
        "otherExpenses": 0,
        "operatingExpenses": 7704000,
        "costAndExpenses": 47631000,
        "interestIncome": 203965000,
        "interestExpense": -153911000,
        "depreciationAndAmortization": -180422499,
        "ebitda": -297517000,
        "ebitdaratio": 0.5837821822,
        "operatingIncome": -2478297000,
        "operatingIncomeRatio": 4.8628670995,
        "totalOtherIncomeExpensesNet": -1677893000,
        "incomeBeforeTax": -4156190000,
        "incomeBeforeTaxRatio": 8.1551967381,
        "incomeTaxExpense": 114071000,
        "netIncome": -772057000,
        "netIncomeRatio": 1.5149155183,
        "eps": -1.29,
        "epsdiluted": -1.27,
        "weightedAverageShsOut": 168653741,
        "weightedAverageShsOutDil": 169863975,
        "link": "https://www.sec.gov/Archives/edgar/data/1527590/000162828025009464/0001628280-25-009464-index.htm",
        "finalLink": "https://www.sec.gov/Archives/edgar/data/1527590/000162828025009464/rc-20241231.htm"
    },
    {
        "date": "2024-09-30",
        "symbol": "RCA",
        "reportedCurrency": "USD",
        "cik": "0001527590",
        "fillingDate": "2024-11-12",
        "acceptedDate": "2024-11-12 16:11:31",
        "calendarYear": "2024",
        "period": "Q3",
        "revenue": 56252000,
        "costOfRevenue": 18573000,
        "grossProfit": 37679000,
        "grossProfitRatio": 0.6698250729,
        "researchAndDevelopmentExpenses": 0,
        "generalAndAdministrativeExpenses": 6232000,
        "sellingAndMarketingExpenses": 0,
        "sellingGeneralAndAdministrativeExpenses": 6232000,
        "otherExpenses": 0,
        "operatingExpenses": 6232000,
        "costAndExpenses": 24805000,
        "interestIncome": 226537000,
        "interestExpense": -175572000,
        "depreciationAndAmortization": 0,
        "ebitda": -7473000,
        "ebitdaratio": -0.1328486098,
        "operatingIncome": -1876713000,
        "operatingIncomeRatio": -33.3626004409,
        "totalOtherIncomeExpensesNet": -1431754000,
        "incomeBeforeTax": -3308467000,
        "incomeBeforeTaxRatio": -58.8150999076,
        "incomeTaxExpense": -88349000,
        "netIncome": -24281000,
        "netIncomeRatio": -0.4316468748,
        "eps": -0.14,
        "epsdiluted": -0.14,
        "weightedAverageShsOut": 168653741,
        "weightedAverageShsOutDil": 169863975,
        "link": "https://www.sec.gov/Archives/edgar/data/1527590/000162828024047137/0001628280-24-047137-index.htm",
        "finalLink": "https://www.sec.gov/Archives/edgar/data/1527590/000162828024047137/rc-20240930.htm"
    },
    {
        "date": "2024-06-30",
        "symbol": "RCA",
        "reportedCurrency": "USD",
        "cik": "0001527590",
        "fillingDate": "2024-08-09",
        "acceptedDate": "2024-08-09 17:25:38",
        "calendarYear": "2024",
        "period": "Q2",
        "revenue": -82393000,
        "costOfRevenue": 21802000,
        "grossProfit": -104195000,
        "grossProfitRatio": 1.2646098576,
        "researchAndDevelopmentExpenses": 0,
        "generalAndAdministrativeExpenses": 6033000,
        "sellingAndMarketingExpenses": 0,
        "sellingGeneralAndAdministrativeExpenses": 6033000,
        "otherExpenses": 0,
        "operatingExpenses": 6033000,
        "costAndExpenses": 27835000,
        "interestIncome": 234119000,
        "interestExpense": -183167000,
        "depreciationAndAmortization": 0,
        "ebitda": -31427000,
        "ebitdaratio": 0.3814280339,
        "operatingIncome": -2212207000,
        "operatingIncomeRatio": 26.8494532303,
        "totalOtherIncomeExpensesNet": -1709154000,
        "incomeBeforeTax": -3921361000,
        "incomeBeforeTaxRatio": 47.5933756508,
        "incomeTaxExpense": 48579000,
        "netIncome": -128585000,
        "netIncomeRatio": 1.5606301506,
        "eps": -0.76,
        "epsdiluted": -0.76,
        "weightedAverageShsOut": 168653741,
        "weightedAverageShsOutDil": 169863975,
        "link": "https://www.sec.gov/Archives/edgar/data/1527590/000155837024011768/0001558370-24-011768-index.htm",
        "finalLink": "https://www.sec.gov/Archives/edgar/data/1527590/000155837024011768/rc-20240630x10q.htm"
    },
    {
        "date": "2024-03-31",
        "symbol": "RCA",
        "reportedCurrency": "USD",
        "cik": "0001527590",
        "fillingDate": "2024-05-10",
        "acceptedDate": "2024-05-10 16:19:41",
        "calendarYear": "2024",
        "period": "Q1",
        "revenue": -102628000,
        "costOfRevenue": 30187000,
        "grossProfit": -132815000,
        "grossProfitRatio": 1.2941400008,
        "researchAndDevelopmentExpenses": 0,
        "generalAndAdministrativeExpenses": 7065000,
        "sellingAndMarketingExpenses": 0,
        "sellingGeneralAndAdministrativeExpenses": 7065000,
        "otherExpenses": 0,
        "operatingExpenses": 7065000,
        "costAndExpenses": 37252000,
        "interestIncome": 232354000,
        "interestExpense": -183805000,
        "depreciationAndAmortization": 0,
        "ebitda": -75582000,
        "ebitdaratio": 0.7364656819,
        "operatingIncome": -2256362000,
        "operatingIncomeRatio": 21.9858323265,
        "totalOtherIncomeExpensesNet": -1690786000,
        "incomeBeforeTax": -3947148000,
        "incomeBeforeTaxRatio": 38.460731964,
        "incomeTaxExpense": 30211000,
        "netIncome": -76283000,
        "netIncomeRatio": 0.7432961765,
        "eps": -0.44,
        "epsdiluted": -0.44,
        "weightedAverageShsOut": 172032866,
        "weightedAverageShsOutDil": 173104415,
        "link": "https://www.sec.gov/Archives/edgar/data/1527590/000155837024007797/0001558370-24-007797-index.htm",
        "finalLink": "https://www.sec.gov/Archives/edgar/data/1527590/000155837024007797/rc-20240331x10q.htm"
    },
    {
        "date": "2023-09-30",
        "symbol": "RCA",
        "reportedCurrency": "USD",
        "cik": "0001527590",
        "fillingDate": "2023-11-08",
        "acceptedDate": "2023-11-08 16:33:00",
        "calendarYear": "2023",
        "period": "Q3",
        "revenue": 59591000,
        "costOfRevenue": 14368000,
        "grossProfit": 45223000,
        "grossProfitRatio": 0.7588897652,
        "researchAndDevelopmentExpenses": 0,
        "generalAndAdministrativeExpenses": 7810000,
        "sellingAndMarketingExpenses": 0,
        "sellingGeneralAndAdministrativeExpenses": 7810000,
        "otherExpenses": 0,
        "operatingExpenses": 7810000,
        "costAndExpenses": 22178000,
        "interestIncome": 250590000,
        "interestExpense": -191612000,
        "depreciationAndAmortization": -39586,
        "ebitda": 37413000,
        "ebitdaratio": 0.6278297058,
        "operatingIncome": 37413000,
        "operatingIncomeRatio": 0.6278297058,
        "totalOtherIncomeExpensesNet": 13793000,
        "incomeBeforeTax": 51206000,
        "incomeBeforeTaxRatio": 0.8592908325,
        "incomeTaxExpense": -4027000,
        "netIncome": 43663000,
        "netIncomeRatio": 0.7327113155,
        "eps": 0.25,
        "epsdiluted": 0.25,
        "weightedAverageShsOut": 171973933,
        "weightedAverageShsOutDil": 174440869,
        "link": "https://www.sec.gov/Archives/edgar/data/1527590/000155837023018295/0001558370-23-018295-index.htm",
        "finalLink": "https://www.sec.gov/Archives/edgar/data/1527590/000155837023018295/rc-20230930x10q.htm"
    },
    {
        "date": "2023-06-30",
        "symbol": "RCA",
        "reportedCurrency": "USD",
        "cik": "0001527590",
        "fillingDate": "2023-08-08",
        "acceptedDate": "2023-08-08 16:58:17",
        "calendarYear": "2023",
        "period": "Q2",
        "revenue": 304183000,
        "costOfRevenue": 11241000,
        "grossProfit": 292942000,
        "grossProfitRatio": 0.9630452721,
        "researchAndDevelopmentExpenses": 0,
        "generalAndAdministrativeExpenses": 5656000,
        "sellingAndMarketingExpenses": 0,
        "sellingGeneralAndAdministrativeExpenses": 5656000,
        "otherExpenses": 0,
        "operatingExpenses": 5656000,
        "costAndExpenses": 16897000,
        "interestIncome": 232884000,
        "interestExpense": -172534000,
        "depreciationAndAmortization": 122085,
        "ebitda": 287286000,
        "ebitdaratio": 0.9444512021,
        "operatingIncome": 287286000,
        "operatingIncomeRatio": 0.9444512021,
        "totalOtherIncomeExpensesNet": -28772000,
        "incomeBeforeTax": 258514000,
        "incomeBeforeTaxRatio": 0.8498634046,
        "incomeTaxExpense": -5141000,
        "netIncome": 246883000,
        "netIncomeRatio": 0.8116265538,
        "eps": 1.88,
        "epsdiluted": 1.74,
        "weightedAverageShsOut": 131651125,
        "weightedAverageShsOutDil": 141583837,
        "link": "https://www.sec.gov/Archives/edgar/data/1527590/000155837023013980/0001558370-23-013980-index.htm",
        "finalLink": "https://www.sec.gov/Archives/edgar/data/1527590/000155837023013980/rc-20230630x10q.htm"
    },
    {
        "date": "2023-03-31",
        "symbol": "RCA",
        "reportedCurrency": "USD",
        "cik": "0001527590",
        "fillingDate": "2023-05-09",
        "acceptedDate": "2023-05-09 16:21:00",
        "calendarYear": "2023",
        "period": "Q1",
        "revenue": 44098000,
        "costOfRevenue": 14318000,
        "grossProfit": 29780000,
        "grossProfitRatio": 0.6753140732,
        "researchAndDevelopmentExpenses": 0,
        "generalAndAdministrativeExpenses": 5717000,
        "sellingAndMarketingExpenses": 0,
        "sellingGeneralAndAdministrativeExpenses": 5717000,
        "otherExpenses": 0,
        "operatingExpenses": 5717000,
        "costAndExpenses": -8601000,
        "interestIncome": 217573000,
        "interestExpense": -160394000,
        "depreciationAndAmortization": 180340000,
        "ebitda": 52699000,
        "ebitdaratio": 1.1950428591,
        "operatingIncome": -127641000,
        "operatingIncomeRatio": -2.8944850107,
        "totalOtherIncomeExpensesNet": 13306000,
        "incomeBeforeTax": 37369000,
        "incomeBeforeTaxRatio": 0.8474080457,
        "incomeTaxExpense": -391000,
        "netIncome": 37760000,
        "netIncomeRatio": 0.856274661,
        "eps": 0.34,
        "epsdiluted": 0.31,
        "weightedAverageShsOut": 110672939,
        "weightedAverageShsOutDil": 121025909,
        "link": "https://www.sec.gov/Archives/edgar/data/1527590/000155837023008847/0001558370-23-008847-index.htm",
        "finalLink": "https://www.sec.gov/Archives/edgar/data/1527590/000155837023008847/rc-20230331x10q.htm"
    },
    {
        "date": "2022-12-31",
        "symbol": "RCA",
        "reportedCurrency": "USD",
        "cik": "0001527590",
        "fillingDate": "2023-02-28",
        "acceptedDate": "2023-02-28 17:20:20",
        "calendarYear": "2022",
        "period": "Q4",
        "revenue": 259521000,
        "costOfRevenue": 0,
        "grossProfit": 259521000,
        "grossProfitRatio": 1,
        "researchAndDevelopmentExpenses": 0,
        "generalAndAdministrativeExpenses": 18093000,
        "sellingAndMarketingExpenses": 0,
        "sellingGeneralAndAdministrativeExpenses": 18093000,
        "otherExpenses": 0,
        "operatingExpenses": 18093000,
        "costAndExpenses": 18093000,
        "interestIncome": 476478769,
        "interestExpense": 259860301,
        "depreciationAndAmortization": 54880,
        "ebitda": -487367173,
        "ebitdaratio": -1.8779488866,
        "operatingIncome": -487367173,
        "operatingIncomeRatio": -1.8779488866,
        "totalOtherIncomeExpensesNet": 260505128,
        "incomeBeforeTax": -227506872,
        "incomeBeforeTaxRatio": -0.8766414741,
        "incomeTaxExpense": -32913267,
        "netIncome": -194593605,
        "netIncomeRatio": -0.7498183384,
        "eps": -1.82,
        "epsdiluted": -1.66,
        "weightedAverageShsOut": 106878139,
        "weightedAverageShsOutDil": 117193958,
        "link": "https://www.sec.gov/Archives/edgar/data/1527590/000155837023002422/0001558370-23-002422-index.htm",
        "finalLink": "https://www.sec.gov/Archives/edgar/data/1527590/000155837023002422/rc-20221231x10k.htm"
    },
    {
        "date": "2022-09-30",
        "symbol": "RCA",
        "reportedCurrency": "USD",
        "cik": "0001527590",
        "fillingDate": "2022-11-08",
        "acceptedDate": "2022-11-08 17:02:28",
        "calendarYear": "2022",
        "period": "Q3",
        "revenue": 78528000,
        "costOfRevenue": 15396000,
        "grossProfit": 63132000,
        "grossProfitRatio": 0.8039425428,
        "researchAndDevelopmentExpenses": 0,
        "generalAndAdministrativeExpenses": 3865000,
        "sellingAndMarketingExpenses": 0,
        "sellingGeneralAndAdministrativeExpenses": 3865000,
        "otherExpenses": 0,
        "operatingExpenses": 3865000,
        "costAndExpenses": 3865000,
        "interestIncome": 186026000,
        "interestExpense": 115495000,
        "depreciationAndAmortization": 27081,
        "ebitda": 188059000,
        "ebitdaratio": 2.3948018541,
        "operatingIncome": 188059000,
        "operatingIncomeRatio": 2.3948018541,
        "totalOtherIncomeExpensesNet": 13297000,
        "incomeBeforeTax": 72564000,
        "incomeBeforeTaxRatio": 0.9240525672,
        "incomeTaxExpense": 4776000,
        "netIncome": 67788000,
        "netIncomeRatio": 0.8632334963,
        "eps": 0.59,
        "epsdiluted": 0.54,
        "weightedAverageShsOut": 114371160,
        "weightedAverageShsOutDil": 125666609,
        "link": "https://www.sec.gov/Archives/edgar/data/1527590/000155837022016912/0001558370-22-016912-index.htm",
        "finalLink": "https://www.sec.gov/Archives/edgar/data/1527590/000155837022016912/rc-20220930x10q.htm"
    },
    {
        "date": "2022-06-30",
        "symbol": "RCA",
        "reportedCurrency": "USD",
        "cik": "0001527590",
        "fillingDate": "2022-08-05",
        "acceptedDate": "2022-08-05 17:09:46",
        "calendarYear": "2022",
        "period": "Q2",
        "revenue": 50766000,
        "costOfRevenue": 14372000,
        "grossProfit": 36394000,
        "grossProfitRatio": 0.7168971359,
        "researchAndDevelopmentExpenses": 0,
        "generalAndAdministrativeExpenses": 3851000,
        "sellingAndMarketingExpenses": 0,
        "sellingGeneralAndAdministrativeExpenses": 3851000,
        "otherExpenses": 0,
        "operatingExpenses": 3851000,
        "costAndExpenses": 3851000,
        "interestIncome": 153671000,
        "interestExpense": 80827000,
        "depreciationAndAmortization": 86065,
        "ebitda": 151482000,
        "ebitdaratio": 2.9839262499,
        "operatingIncome": 151482000,
        "operatingIncomeRatio": 2.9839262499,
        "totalOtherIncomeExpensesNet": 38112000,
        "incomeBeforeTax": 70655000,
        "incomeBeforeTaxRatio": 1.3917779616,
        "incomeTaxExpense": 10318000,
        "netIncome": 60337000,
        "netIncomeRatio": 1.1885316944,
        "eps": 0.53,
        "epsdiluted": 0.48,
        "weightedAverageShsOut": 114359026,
        "weightedAverageShsOutDil": 125065492,
        "link": "https://www.sec.gov/Archives/edgar/data/1527590/000155837022012449/0001558370-22-012449-index.htm",
        "finalLink": "https://www.sec.gov/Archives/edgar/data/1527590/000155837022012449/rc-20220630x10q.htm"
    },
    {
        "date": "2022-03-31",
        "symbol": "RCA",
        "reportedCurrency": "USD",
        "cik": "0001527590",
        "fillingDate": "2022-05-06",
        "acceptedDate": "2022-05-06 16:33:02",
        "calendarYear": "2022",
        "period": "Q1",
        "revenue": 87807000,
        "costOfRevenue": 12653000,
        "grossProfit": 75154000,
        "grossProfitRatio": 0.8558998713,
        "researchAndDevelopmentExpenses": 0,
        "generalAndAdministrativeExpenses": 5126000,
        "sellingAndMarketingExpenses": 0,
        "sellingGeneralAndAdministrativeExpenses": 5126000,
        "otherExpenses": 148471000,
        "operatingExpenses": 148471000,
        "costAndExpenses": 148471000,
        "interestIncome": 137466000,
        "interestExpense": 63942000,
        "depreciationAndAmortization": 60459,
        "ebitda": 148471000,
        "ebitdaratio": 1.6908788593,
        "operatingIncome": 148471000,
        "operatingIncomeRatio": 1.6908788593,
        "totalOtherIncomeExpensesNet": 14501000,
        "incomeBeforeTax": 84529000,
        "incomeBeforeTaxRatio": 0.9626681244,
        "incomeTaxExpense": 17849000,
        "netIncome": 66680000,
        "netIncomeRatio": 0.7593927591,
        "eps": 0.0019,
        "epsdiluted": 0.7,
        "weightedAverageShsOut": 95402494,
        "weightedAverageShsOutDil": 95402494,
        "link": "https://www.sec.gov/Archives/edgar/data/1527590/000155837022007640/0001558370-22-007640-index.htm",
        "finalLink": "https://www.sec.gov/Archives/edgar/data/1527590/000155837022007640/rc-20220331x10q.htm"
    },
    {
        "date": "2021-12-31",
        "symbol": "RCA",
        "reportedCurrency": "USD",
        "cik": "0001527590",
        "fillingDate": "2022-02-28",
        "acceptedDate": "2022-02-28 17:03:58",
        "calendarYear": "2021",
        "period": "Q4",
        "revenue": 319.752,
        "costOfRevenue": 0,
        "grossProfit": 319.752,
        "grossProfitRatio": 1,
        "researchAndDevelopmentExpenses": 0,
        "generalAndAdministrativeExpenses": 0,
        "sellingAndMarketingExpenses": 0,
        "sellingGeneralAndAdministrativeExpenses": 0,
        "otherExpenses": 0,
        "operatingExpenses": 0,
        "costAndExpenses": 0,
        "interestIncome": 403.496,
        "interestExpense": -213.561,
        "depreciationAndAmortization": -12909000,
        "ebitda": -12909082.670000002,
        "ebitdaratio": -40372.1717768771,
        "operatingIncome": 0,
        "operatingIncomeRatio": 0,
        "totalOtherIncomeExpensesNet": 271.72700000178816,
        "incomeBeforeTax": 189.057,
        "incomeBeforeTaxRatio": 0.5912613525,
        "incomeTaxExpense": 0,
        "netIncome": 218.14,
        "netIncomeRatio": 0.6822162176,
        "eps": 6.1e-09,
        "epsdiluted": 6.1e-09,
        "weightedAverageShsOut": 35668082513,
        "weightedAverageShsOutDil": 35740502747,
        "link": "https://www.sec.gov/Archives/edgar/data/1527590/000155837022002392/0001558370-22-002392-index.htm",
        "finalLink": "https://www.sec.gov/Archives/edgar/data/1527590/000155837022002392/rc-20211231x10k.htm"
    },
    {
        "date": "2021-09-30",
        "symbol": "RCA",
        "reportedCurrency": "USD",
        "cik": "0001527590",
        "fillingDate": "2021-11-05",
        "acceptedDate": "2021-11-05 16:19:52",
        "calendarYear": "2021",
        "period": "Q3",
        "revenue": 88471000,
        "costOfRevenue": 12926000,
        "grossProfit": 75545000,
        "grossProfitRatio": 0.8538956268,
        "researchAndDevelopmentExpenses": 0,
        "generalAndAdministrativeExpenses": 6900000,
        "sellingAndMarketingExpenses": 0,
        "sellingGeneralAndAdministrativeExpenses": 6900000,
        "otherExpenses": 0,
        "operatingExpenses": 6900000,
        "costAndExpenses": 19826000,
        "interestIncome": 105136000,
        "interestExpense": -50136000,
        "depreciationAndAmortization": -10654000,
        "ebitda": -10654000,
        "ebitdaratio": -0.1204236416,
        "operatingIncome": 68645000,
        "operatingIncomeRatio": 0.7759039685,
        "totalOtherIncomeExpensesNet": -15570000,
        "incomeBeforeTax": 53075000,
        "incomeBeforeTaxRatio": 0.5999140961,
        "incomeTaxExpense": -6540000,
        "netIncome": 43780000,
        "netIncomeRatio": 0.4948514202,
        "eps": 0.0012,
        "epsdiluted": 0.0012,
        "weightedAverageShsOut": 35668082513,
        "weightedAverageShsOutDil": 35740502747,
        "link": "https://www.sec.gov/Archives/edgar/data/1527590/000155837021014843/0001558370-21-014843-index.htm",
        "finalLink": "https://www.sec.gov/Archives/edgar/data/1527590/000155837021014843/rc-20210930x10q.htm"
    },
    {
        "date": "2021-06-30",
        "symbol": "RCA",
        "reportedCurrency": "USD",
        "cik": "0001527590",
        "fillingDate": "2021-08-06",
        "acceptedDate": "2021-08-06 16:18:26",
        "calendarYear": "2021",
        "period": "Q2",
        "revenue": 75865000,
        "costOfRevenue": 17190000,
        "grossProfit": 58675000,
        "grossProfitRatio": 0.7734132999,
        "researchAndDevelopmentExpenses": 0,
        "generalAndAdministrativeExpenses": 2872000,
        "sellingAndMarketingExpenses": 0,
        "sellingGeneralAndAdministrativeExpenses": 2872000,
        "otherExpenses": 0,
        "operatingExpenses": 2872000,
        "costAndExpenses": 20062000,
        "interestIncome": 103047000,
        "interestExpense": -55415000,
        "depreciationAndAmortization": 55806,
        "ebitda": 55803000,
        "ebitdaratio": 0.7355565808,
        "operatingIncome": 55803000,
        "operatingIncomeRatio": 0.7355565808,
        "totalOtherIncomeExpensesNet": -17904000,
        "incomeBeforeTax": 37899000,
        "incomeBeforeTaxRatio": 0.4995584262,
        "incomeTaxExpense": -6995000,
        "netIncome": 27236000,
        "netIncomeRatio": 0.3590061293,
        "eps": 0.0004,
        "epsdiluted": 0.0004,
        "weightedAverageShsOut": 71221806000,
        "weightedAverageShsOutDil": 71385603000,
        "link": "https://www.sec.gov/Archives/edgar/data/1527590/000155837021010823/0001558370-21-010823-index.htm",
        "finalLink": "https://www.sec.gov/Archives/edgar/data/1527590/000155837021010823/rc-20210630x10q.htm"
    },
    {
        "date": "2021-03-31",
        "symbol": "RCA",
        "reportedCurrency": "USD",
        "cik": "0001527590",
        "fillingDate": "2021-05-07",
        "acceptedDate": "2021-05-07 16:03:58",
        "calendarYear": "2021",
        "period": "Q1",
        "revenue": 88965000,
        "costOfRevenue": 15484000,
        "grossProfit": 73481000,
        "grossProfitRatio": 0.8259540269,
        "researchAndDevelopmentExpenses": 0,
        "generalAndAdministrativeExpenses": 2982000,
        "sellingAndMarketingExpenses": 0,
        "sellingGeneralAndAdministrativeExpenses": 2982000,
        "otherExpenses": 0,
        "operatingExpenses": 2982000,
        "costAndExpenses": 18466000,
        "interestIncome": 73371000,
        "interestExpense": -50761000,
        "depreciationAndAmortization": 55213,
        "ebitda": 70499000,
        "ebitdaratio": 0.7924352273,
        "operatingIncome": 70499000,
        "operatingIncomeRatio": 0.7924352273,
        "totalOtherIncomeExpensesNet": -32871000,
        "incomeBeforeTax": 37628000,
        "incomeBeforeTaxRatio": 0.4229528466,
        "incomeTaxExpense": -8681000,
        "netIncome": 28007000,
        "netIncomeRatio": 0.3148091946,
        "eps": 0.0005,
        "epsdiluted": 0.0005,
        "weightedAverageShsOut": 56817632000,
        "weightedAverageShsOutDil": 56843448000,
        "link": "https://www.sec.gov/Archives/edgar/data/1527590/000155837021006494/0001558370-21-006494-index.htm",
        "finalLink": "https://www.sec.gov/Archives/edgar/data/1527590/000155837021006494/rc-20210331x10q.htm"
    },
    {
        "date": "2020-09-30",
        "symbol": "RCA",
        "reportedCurrency": "USD",
        "cik": "0001527590",
        "fillingDate": "2020-11-06",
        "acceptedDate": "2020-11-05 18:50:58",
        "calendarYear": "2020",
        "period": "Q3",
        "revenue": 107906000,
        "costOfRevenue": 10448000,
        "grossProfit": 97458000,
        "grossProfitRatio": 0.9031749856,
        "researchAndDevelopmentExpenses": 0,
        "generalAndAdministrativeExpenses": 4158000,
        "sellingAndMarketingExpenses": 0,
        "sellingGeneralAndAdministrativeExpenses": 4158000,
        "otherExpenses": 0,
        "operatingExpenses": 4158000,
        "costAndExpenses": 14606000,
        "interestIncome": 61074000,
        "interestExpense": -43823000,
        "depreciationAndAmortization": 52750,
        "ebitda": 93300000,
        "ebitdaratio": 0.8646414472,
        "operatingIncome": 93300000,
        "operatingIncomeRatio": 0.8646414472,
        "totalOtherIncomeExpensesNet": -51383000,
        "incomeBeforeTax": 41917000,
        "incomeBeforeTaxRatio": 0.3884584731,
        "incomeTaxExpense": -6554000,
        "netIncome": 34558000,
        "netIncomeRatio": 0.3202602265,
        "eps": 0.0006,
        "epsdiluted": 0.0006,
        "weightedAverageShsOut": 54626995000,
        "weightedAverageShsOutDil": 54704611000,
        "link": "https://www.sec.gov/Archives/edgar/data/1527590/000155837020012971/0001558370-20-012971-index.htm",
        "finalLink": "https://www.sec.gov/Archives/edgar/data/1527590/000155837020012971/rc-20200930x10q.htm"
    },
    {
        "date": "2020-06-30",
        "symbol": "RCA",
        "reportedCurrency": "USD",
        "cik": "0001527590",
        "fillingDate": "2020-08-07",
        "acceptedDate": "2020-08-07 18:06:31",
        "calendarYear": "2020",
        "period": "Q2",
        "revenue": 120927000,
        "costOfRevenue": 17745000,
        "grossProfit": 103182000,
        "grossProfitRatio": 0.8532585775,
        "researchAndDevelopmentExpenses": 0,
        "generalAndAdministrativeExpenses": 1919000,
        "sellingAndMarketingExpenses": 0,
        "sellingGeneralAndAdministrativeExpenses": 1919000,
        "otherExpenses": 0,
        "operatingExpenses": 1919000,
        "costAndExpenses": 19664000,
        "interestIncome": 63211000,
        "interestExpense": -43408000,
        "depreciationAndAmortization": 51116,
        "ebitda": 101263000,
        "ebitdaratio": 0.8373894995,
        "operatingIncome": 101263000,
        "operatingIncomeRatio": 0.8373894995,
        "totalOtherIncomeExpensesNet": -61100000,
        "incomeBeforeTax": 40163000,
        "incomeBeforeTaxRatio": 0.3321259934,
        "incomeTaxExpense": -5500000,
        "netIncome": 33853000,
        "netIncomeRatio": 0.2799457524,
        "eps": 0.0006,
        "epsdiluted": 0.0006,
        "weightedAverageShsOut": 53980451000,
        "weightedAverageShsOutDil": 54013958000,
        "link": "https://www.sec.gov/Archives/edgar/data/1527590/000155837020009948/0001558370-20-009948-index.htm",
        "finalLink": "https://www.sec.gov/Archives/edgar/data/1527590/000155837020009948/rc-20200630x10q.htm"
    },
    {
        "date": "2020-03-31",
        "symbol": "RCA",
        "reportedCurrency": "USD",
        "cik": "0001527590",
        "fillingDate": "2020-05-11",
        "acceptedDate": "2020-05-11 16:14:31",
        "calendarYear": "2020",
        "period": "Q1",
        "revenue": 22523000,
        "costOfRevenue": 13744000,
        "grossProfit": 8779000,
        "grossProfitRatio": 0.3897793367,
        "researchAndDevelopmentExpenses": 0,
        "generalAndAdministrativeExpenses": 2556000,
        "sellingAndMarketingExpenses": 0,
        "sellingGeneralAndAdministrativeExpenses": 2556000,
        "otherExpenses": 0,
        "operatingExpenses": 2556000,
        "costAndExpenses": 16300000,
        "interestIncome": 69551000,
        "interestExpense": -46930000,
        "depreciationAndAmortization": 47300,
        "ebitda": 6223000,
        "ebitdaratio": 0.2762953425,
        "operatingIncome": 6223000,
        "operatingIncomeRatio": 0.2762953425,
        "totalOtherIncomeExpensesNet": -65676000,
        "incomeBeforeTax": -59453000,
        "incomeBeforeTaxRatio": -2.6396572393,
        "incomeTaxExpense": -9001000,
        "netIncome": -50452000,
        "netIncomeRatio": -2.2400213115,
        "eps": -0.001,
        "epsdiluted": -0.001,
        "weightedAverageShsOut": 51984040000,
        "weightedAverageShsOutDil": 51990013000,
        "link": "https://www.sec.gov/Archives/edgar/data/1527590/000155837020006246/0001558370-20-006246-index.htm",
        "finalLink": "https://www.sec.gov/Archives/edgar/data/1527590/000155837020006246/rc-20200331x10q.htm"
    },
    {
        "date": "2019-09-30",
        "symbol": "RCA",
        "reportedCurrency": "USD",
        "cik": "0001527590",
        "fillingDate": "2019-11-07",
        "acceptedDate": "2019-11-07 16:40:58",
        "calendarYear": "2019",
        "period": "Q3",
        "revenue": 39984000,
        "costOfRevenue": 8144000,
        "grossProfit": 31840000,
        "grossProfitRatio": 0.7963185274,
        "researchAndDevelopmentExpenses": 0,
        "generalAndAdministrativeExpenses": 2030000,
        "sellingAndMarketingExpenses": 0,
        "sellingGeneralAndAdministrativeExpenses": 2030000,
        "otherExpenses": 0,
        "operatingExpenses": 2030000,
        "costAndExpenses": 10174000,
        "interestIncome": 59723000,
        "interestExpense": -39390000,
        "depreciationAndAmortization": 44646,
        "ebitda": 29810000,
        "ebitdaratio": 0.7455482193,
        "operatingIncome": 29810000,
        "operatingIncomeRatio": 0.7455482193,
        "totalOtherIncomeExpensesNet": -20028000,
        "incomeBeforeTax": 9782000,
        "incomeBeforeTaxRatio": 0.2446478591,
        "incomeTaxExpense": 2645000,
        "netIncome": 12104000,
        "netIncomeRatio": 0.3027210884,
        "eps": 0.0003,
        "epsdiluted": 0.0003,
        "weightedAverageShsOut": 44438652000,
        "weightedAverageShsOutDil": 44467801000,
        "link": "https://www.sec.gov/Archives/edgar/data/1527590/000155837019010410/0001558370-19-010410-index.htm",
        "finalLink": "https://www.sec.gov/Archives/edgar/data/1527590/000155837019010410/rc-20190930x10q.htm"
    },
    {
        "date": "2019-06-30",
        "symbol": "RCA",
        "reportedCurrency": "USD",
        "cik": "0001527590",
        "fillingDate": "2019-08-08",
        "acceptedDate": "2019-08-08 17:01:55",
        "calendarYear": "2019",
        "period": "Q2",
        "revenue": 32956000,
        "costOfRevenue": 8085000,
        "grossProfit": 24871000,
        "grossProfitRatio": 0.7546728972,
        "researchAndDevelopmentExpenses": 0,
        "generalAndAdministrativeExpenses": 1586000,
        "sellingAndMarketingExpenses": 0,
        "sellingGeneralAndAdministrativeExpenses": 1586000,
        "otherExpenses": 0,
        "operatingExpenses": 1586000,
        "costAndExpenses": 9671000,
        "interestIncome": 57034000,
        "interestExpense": -35753000,
        "depreciationAndAmortization": 40963,
        "ebitda": 23285000,
        "ebitdaratio": 0.7065481248,
        "operatingIncome": 23285000,
        "operatingIncomeRatio": 0.7065481248,
        "totalOtherIncomeExpensesNet": -14996000,
        "incomeBeforeTax": 8289000,
        "incomeBeforeTaxRatio": 0.2515171744,
        "incomeTaxExpense": 2956000,
        "netIncome": 10969000,
        "netIncomeRatio": 0.332837723,
        "eps": 0.0002,
        "epsdiluted": 0.0002,
        "weightedAverageShsOut": 44425598000,
        "weightedAverageShsOutDil": 44431263000,
        "link": "https://www.sec.gov/Archives/edgar/data/1527590/000155837019007743/0001558370-19-007743-index.htm",
        "finalLink": "https://www.sec.gov/Archives/edgar/data/1527590/000155837019007743/rc-20190630x10q.htm"
    },
    {
        "date": "2019-03-31",
        "symbol": "RCA",
        "reportedCurrency": "USD",
        "cik": "0001527590",
        "fillingDate": "2019-05-09",
        "acceptedDate": "2019-05-09 17:09:52",
        "calendarYear": "2019",
        "period": "Q1",
        "revenue": 56266000,
        "costOfRevenue": 6861000,
        "grossProfit": 49405000,
        "grossProfitRatio": 0.8780613514,
        "researchAndDevelopmentExpenses": 0,
        "generalAndAdministrativeExpenses": 1829000,
        "sellingAndMarketingExpenses": 0,
        "sellingGeneralAndAdministrativeExpenses": 1829000,
        "otherExpenses": 0,
        "operatingExpenses": 1829000,
        "costAndExpenses": 8690000,
        "interestIncome": 48753000,
        "interestExpense": -35775000,
        "depreciationAndAmortization": 7975000,
        "ebitda": 47576000,
        "ebitdaratio": 0.8455550421,
        "operatingIncome": 47576000,
        "operatingIncomeRatio": 0.8455550421,
        "totalOtherIncomeExpensesNet": -20129000,
        "incomeBeforeTax": 27447000,
        "incomeBeforeTaxRatio": 0.4878079124,
        "incomeTaxExpense": 3003000,
        "netIncome": 29467000,
        "netIncomeRatio": 0.5237088117,
        "eps": 0.0009,
        "epsdiluted": 0.0009,
        "weightedAverageShsOut": 32556875000,
        "weightedAverageShsOutDil": 32563644000,
        "link": "https://www.sec.gov/Archives/edgar/data/1527590/000155837019004732/0001558370-19-004732-index.htm",
        "finalLink": "https://www.sec.gov/Archives/edgar/data/1527590/000155837019004732/rc-20190331x10q.htm"
    },
    {
        "date": "2018-09-30",
        "symbol": "RCA",
        "reportedCurrency": "USD",
        "cik": "0001527590",
        "fillingDate": "2018-11-08",
        "acceptedDate": "2018-11-08 16:02:58",
        "calendarYear": "2018",
        "period": "Q3",
        "revenue": 18978000,
        "costOfRevenue": 6548000,
        "grossProfit": 12430000,
        "grossProfitRatio": 0.6549689114,
        "researchAndDevelopmentExpenses": 0,
        "generalAndAdministrativeExpenses": 2294000,
        "sellingAndMarketingExpenses": 0,
        "sellingGeneralAndAdministrativeExpenses": 2294000,
        "otherExpenses": 0,
        "operatingExpenses": 2294000,
        "costAndExpenses": 8842000,
        "interestIncome": 44287000,
        "interestExpense": -28925000,
        "depreciationAndAmortization": 0,
        "ebitda": 10136000,
        "ebitdaratio": 0.5340921066,
        "operatingIncome": 10136000,
        "operatingIncomeRatio": 0.5340921066,
        "totalOtherIncomeExpensesNet": 8328000,
        "incomeBeforeTax": 18464000,
        "incomeBeforeTaxRatio": 0.972916008,
        "incomeTaxExpense": -895000,
        "netIncome": 16931000,
        "netIncomeRatio": 0.8921382654,
        "eps": 0.0005,
        "epsdiluted": 0.0005,
        "weightedAverageShsOut": 32109642000,
        "weightedAverageShsOutDil": 32130262000,
        "link": "https://www.sec.gov/Archives/edgar/data/1527590/000155837018008993/0001558370-18-008993-index.htm",
        "finalLink": "https://www.sec.gov/Archives/edgar/data/1527590/000155837018008993/rc-20180930x10q.htm"
    },
    {
        "date": "2018-06-30",
        "symbol": "RCA",
        "reportedCurrency": "USD",
        "cik": "0001527590",
        "fillingDate": "2018-08-08",
        "acceptedDate": "2018-08-08 16:03:06",
        "calendarYear": "2018",
        "period": "Q2",
        "revenue": 19718000,
        "costOfRevenue": 8916000,
        "grossProfit": 10802000,
        "grossProfitRatio": 0.547824323,
        "researchAndDevelopmentExpenses": 0,
        "generalAndAdministrativeExpenses": 2401000,
        "sellingAndMarketingExpenses": 0,
        "sellingGeneralAndAdministrativeExpenses": 2401000,
        "otherExpenses": 0,
        "operatingExpenses": 2401000,
        "costAndExpenses": 11317000,
        "interestIncome": 41858000,
        "interestExpense": -26407000,
        "depreciationAndAmortization": 0,
        "ebitda": 8401000,
        "ebitdaratio": 0.4260574095,
        "operatingIncome": 8401000,
        "operatingIncomeRatio": 0.4260574095,
        "totalOtherIncomeExpensesNet": 8148000,
        "incomeBeforeTax": 16549000,
        "incomeBeforeTaxRatio": 0.839283903,
        "incomeTaxExpense": -665000,
        "netIncome": 15296000,
        "netIncomeRatio": 0.7757379045,
        "eps": 0.0005,
        "epsdiluted": 0.0005,
        "weightedAverageShsOut": 32073717000,
        "weightedAverageShsOutDil": 32092750000,
        "link": "https://www.sec.gov/Archives/edgar/data/1527590/000155837018006746/0001558370-18-006746-index.htm",
        "finalLink": "https://www.sec.gov/Archives/edgar/data/1527590/000155837018006746/sld-20180630x10q.htm"
    },
    {
        "date": "2018-03-31",
        "symbol": "RCA",
        "reportedCurrency": "USD",
        "cik": "0001527590",
        "fillingDate": "2018-05-10",
        "acceptedDate": "2018-05-09 18:28:07",
        "calendarYear": "2018",
        "period": "Q1",
        "revenue": 25217000,
        "costOfRevenue": 8011000,
        "grossProfit": 17206000,
        "grossProfitRatio": 0.6823174842,
        "researchAndDevelopmentExpenses": 0,
        "generalAndAdministrativeExpenses": 2648000,
        "sellingAndMarketingExpenses": 0,
        "sellingGeneralAndAdministrativeExpenses": 2648000,
        "otherExpenses": 0,
        "operatingExpenses": 2648000,
        "costAndExpenses": 10659000,
        "interestIncome": 37150000,
        "interestExpense": -22666000,
        "depreciationAndAmortization": 0,
        "ebitda": 14558000,
        "ebitdaratio": 0.5773089582,
        "operatingIncome": 14558000,
        "operatingIncomeRatio": 0.5773089582,
        "totalOtherIncomeExpensesNet": 6523000,
        "incomeBeforeTax": 21081000,
        "incomeBeforeTaxRatio": 0.8359836618,
        "incomeTaxExpense": -2563000,
        "netIncome": 17854000,
        "netIncomeRatio": 0.7080144347,
        "eps": 0.0006,
        "epsdiluted": 0.0006,
        "weightedAverageShsOut": 32036504000,
        "weightedAverageShsOutDil": 32045844000,
        "link": "https://www.sec.gov/Archives/edgar/data/1527590/000155837018004531/0001558370-18-004531-index.htm",
        "finalLink": "https://www.sec.gov/Archives/edgar/data/1527590/000155837018004531/sld-20180331x10q.htm"
    },
    {
        "date": "2017-09-30",
        "symbol": "RCA",
        "reportedCurrency": "USD",
        "cik": "0001527590",
        "fillingDate": "2017-11-09",
        "acceptedDate": "2017-11-09 16:44:16",
        "calendarYear": "2017",
        "period": "Q3",
        "revenue": -11003000,
        "costOfRevenue": 7447000,
        "grossProfit": -18450000,
        "grossProfitRatio": 1.676815414,
        "researchAndDevelopmentExpenses": 0,
        "generalAndAdministrativeExpenses": 2151000,
        "sellingAndMarketingExpenses": 0,
        "sellingGeneralAndAdministrativeExpenses": 2151000,
        "otherExpenses": 0,
        "operatingExpenses": 2151000,
        "costAndExpenses": 9598000,
        "interestIncome": 35038000,
        "interestExpense": -19908000,
        "depreciationAndAmortization": 0,
        "ebitda": 12374000,
        "ebitdaratio": -1.1246023812,
        "operatingIncome": 12374000,
        "operatingIncomeRatio": -1.1246023812,
        "totalOtherIncomeExpensesNet": -340000,
        "incomeBeforeTax": 12034000,
        "incomeBeforeTaxRatio": -1.0937017177,
        "incomeTaxExpense": 340000,
        "netIncome": 11841000,
        "netIncomeRatio": -1.076161047,
        "eps": 0.0004,
        "epsdiluted": 0.0004,
        "weightedAverageShsOut": 32026494000,
        "weightedAverageShsOutDil": 32028980000,
        "link": "https://www.sec.gov/Archives/edgar/data/1527590/000155837017008735/0001558370-17-008735-index.htm",
        "finalLink": "https://www.sec.gov/Archives/edgar/data/1527590/000155837017008735/sld-20170930x10q.htm"
    },
    {
        "date": "2017-06-30",
        "symbol": "RCA",
        "reportedCurrency": "USD",
        "cik": "0001527590",
        "fillingDate": "2017-08-03",
        "acceptedDate": "2017-08-03 16:15:06",
        "calendarYear": "2017",
        "period": "Q2",
        "revenue": 33248000,
        "costOfRevenue": 6206000,
        "grossProfit": 27042000,
        "grossProfitRatio": 0.8133421559,
        "researchAndDevelopmentExpenses": 0,
        "generalAndAdministrativeExpenses": 2023000,
        "sellingAndMarketingExpenses": 0,
        "sellingGeneralAndAdministrativeExpenses": 2023000,
        "otherExpenses": 0,
        "operatingExpenses": 2023000,
        "costAndExpenses": 8229000,
        "interestIncome": 9102000,
        "interestExpense": 17230000,
        "depreciationAndAmortization": 0,
        "ebitda": 11153000,
        "ebitdaratio": 0.3354487488,
        "operatingIncome": 11153000,
        "operatingIncomeRatio": 0.3354487488,
        "totalOtherIncomeExpensesNet": 1069000,
        "incomeBeforeTax": 12222000,
        "incomeBeforeTaxRatio": 0.3676010587,
        "incomeTaxExpense": -1069000,
        "netIncome": 10496000,
        "netIncomeRatio": 0.3156881617,
        "eps": 0.0003,
        "epsdiluted": 0.0003,
        "weightedAverageShsOut": 30768900000,
        "weightedAverageShsOutDil": 30769332000,
        "link": "https://www.sec.gov/Archives/edgar/data/1527590/000155837017005847/0001558370-17-005847-index.htm",
        "finalLink": "https://www.sec.gov/Archives/edgar/data/1527590/000155837017005847/sld-20170630x10q.htm"
    },
    {
        "date": "2017-03-31",
        "symbol": "RCA",
        "reportedCurrency": "USD",
        "cik": "0001527590",
        "fillingDate": "2017-05-10",
        "acceptedDate": "2017-05-10 17:21:39",
        "calendarYear": "2017",
        "period": "Q1",
        "revenue": 33884000,
        "costOfRevenue": 12508000,
        "grossProfit": 21376000,
        "grossProfitRatio": 0.6308582222,
        "researchAndDevelopmentExpenses": 0,
        "generalAndAdministrativeExpenses": 2159000,
        "sellingAndMarketingExpenses": 0,
        "sellingGeneralAndAdministrativeExpenses": 2159000,
        "otherExpenses": 0,
        "operatingExpenses": 2159000,
        "costAndExpenses": 14667000,
        "interestIncome": 0,
        "interestExpense": -16441000,
        "depreciationAndAmortization": 0,
        "ebitda": 9557000,
        "ebitdaratio": 0.2820505253,
        "operatingIncome": 9557000,
        "operatingIncomeRatio": 0.2820505253,
        "totalOtherIncomeExpensesNet": 1034000,
        "incomeBeforeTax": 10591000,
        "incomeBeforeTaxRatio": 0.312566403,
        "incomeTaxExpense": -1034000,
        "netIncome": 8856000,
        "netIncomeRatio": 0.2613622949,
        "eps": 0.0003,
        "epsdiluted": 0.0003,
        "weightedAverageShsOut": 30549806000,
        "weightedAverageShsOutDil": 30549806000,
        "link": "https://www.sec.gov/Archives/edgar/data/1527590/000155837017004152/0001558370-17-004152-index.htm",
        "finalLink": "https://www.sec.gov/Archives/edgar/data/1527590/000155837017004152/sld-20170331x10q.htm"
    },
    {
        "date": "2016-09-30",
        "symbol": "RCA",
        "reportedCurrency": "USD",
        "cik": "0001527590",
        "fillingDate": "2016-10-25",
        "acceptedDate": "2016-10-25 17:16:48",
        "calendarYear": "2016",
        "period": "Q3",
        "revenue": 3030480000,
        "costOfRevenue": 0,
        "grossProfit": 3030480000,
        "grossProfitRatio": 1,
        "researchAndDevelopmentExpenses": 0,
        "generalAndAdministrativeExpenses": 0,
        "sellingAndMarketingExpenses": 0,
        "sellingGeneralAndAdministrativeExpenses": 0,
        "otherExpenses": 3363876000,
        "operatingExpenses": 3363876000,
        "costAndExpenses": 3363876000,
        "interestIncome": 16838890000,
        "interestExpense": 3107637000,
        "depreciationAndAmortization": 0,
        "ebitda": 5910520000,
        "ebitdaratio": 1.9503576991,
        "operatingIncome": 5910520000,
        "operatingIncomeRatio": 1.9503576991,
        "totalOtherIncomeExpensesNet": 72460000,
        "incomeBeforeTax": 5982980000,
        "incomeBeforeTaxRatio": 1.9742681027,
        "incomeTaxExpense": 1799829000,
        "netIncome": 4110691000,
        "netIncomeRatio": 1.3564488134,
        "eps": 0.47,
        "epsdiluted": 0.38,
        "weightedAverageShsOut": 8836902000,
        "weightedAverageShsOutDil": 10677360000,
        "link": "https://www.sec.gov/Archives/edgar/data/1527590/000114420416129429/0001144204-16-129429-index.htm",
        "finalLink": "https://www.sec.gov/Archives/edgar/data/1527590/000114420416129429/v450688_10q.htm"
    },
    {
        "date": "2016-06-30",
        "symbol": "RCA",
        "reportedCurrency": "USD",
        "cik": "0001527590",
        "fillingDate": "2016-08-09",
        "acceptedDate": "2016-08-09 16:32:39",
        "calendarYear": "2016",
        "period": "Q2",
        "revenue": 5187141000,
        "costOfRevenue": 0,
        "grossProfit": 5187141000,
        "grossProfitRatio": 1,
        "researchAndDevelopmentExpenses": 0,
        "generalAndAdministrativeExpenses": 0,
        "sellingAndMarketingExpenses": 0,
        "sellingGeneralAndAdministrativeExpenses": 0,
        "otherExpenses": 2683898000,
        "operatingExpenses": 2683898000,
        "costAndExpenses": 2683898000,
        "interestIncome": 11461423000,
        "interestExpense": 4113725000,
        "depreciationAndAmortization": 0,
        "ebitda": -982675000,
        "ebitdaratio": -0.1894444358,
        "operatingIncome": -982675000,
        "operatingIncomeRatio": -0.1894444358,
        "totalOtherIncomeExpensesNet": -82748000,
        "incomeBeforeTax": -1065423000,
        "incomeBeforeTaxRatio": -0.2053969614,
        "incomeTaxExpense": 55330000,
        "netIncome": -1038005000,
        "netIncomeRatio": -0.2001111981,
        "eps": -0.13,
        "epsdiluted": -0.12,
        "weightedAverageShsOut": 7970886000,
        "weightedAverageShsOutDil": 8897800000,
        "link": "https://www.sec.gov/Archives/edgar/data/1527590/000114420416117733/0001144204-16-117733-index.htm",
        "finalLink": "https://www.sec.gov/Archives/edgar/data/1527590/000114420416117733/v444837_10q.htm"
    },
    {
        "date": "2016-03-31",
        "symbol": "RCA",
        "reportedCurrency": "USD",
        "cik": "0001527590",
        "fillingDate": "2016-05-10",
        "acceptedDate": "2016-05-10 06:49:08",
        "calendarYear": "2016",
        "period": "Q1",
        "revenue": 8704916000,
        "costOfRevenue": 0,
        "grossProfit": 8704916000,
        "grossProfitRatio": 1,
        "researchAndDevelopmentExpenses": 0,
        "generalAndAdministrativeExpenses": 0,
        "sellingAndMarketingExpenses": 0,
        "sellingGeneralAndAdministrativeExpenses": 0,
        "otherExpenses": 3040884000,
        "operatingExpenses": 3040884000,
        "costAndExpenses": 3040884000,
        "interestIncome": 5664864000,
        "interestExpense": 4797277000,
        "depreciationAndAmortization": 0,
        "ebitda": -4979429000,
        "ebitdaratio": -0.572024934,
        "operatingIncome": -4979429000,
        "operatingIncomeRatio": -0.572024934,
        "totalOtherIncomeExpensesNet": -10643461000,
        "incomeBeforeTax": -4979429000,
        "incomeBeforeTaxRatio": -0.572024934,
        "incomeTaxExpense": -1940681000,
        "netIncome": -3038748000,
        "netIncomeRatio": -0.3490841267,
        "eps": -0.38,
        "epsdiluted": -0.34,
        "weightedAverageShsOut": 7970886000,
        "weightedAverageShsOutDil": 8897800000,
        "link": "https://www.sec.gov/Archives/edgar/data/1527590/000114420416100111/0001144204-16-100111-index.htm",
        "finalLink": "https://www.sec.gov/Archives/edgar/data/1527590/000114420416100111/v437817_10q.htm"
    },
    {
        "date": "2015-09-30",
        "symbol": "RCA",
        "reportedCurrency": "USD",
        "cik": "0001527590",
        "fillingDate": "2015-11-05",
        "acceptedDate": "2015-11-05 16:44:09",
        "calendarYear": "2015",
        "period": "Q3",
        "revenue": 9650952000,
        "costOfRevenue": 0,
        "grossProfit": 9650952000,
        "grossProfitRatio": 1,
        "researchAndDevelopmentExpenses": 0,
        "generalAndAdministrativeExpenses": 0,
        "sellingAndMarketingExpenses": 0,
        "sellingGeneralAndAdministrativeExpenses": 0,
        "otherExpenses": 3461155000,
        "operatingExpenses": 3461155000,
        "costAndExpenses": 3461155000,
        "interestIncome": 8943047000,
        "interestExpense": 4711854000,
        "depreciationAndAmortization": 0,
        "ebitda": -5790255000,
        "ebitdaratio": -0.5999672364,
        "operatingIncome": -5790255000,
        "operatingIncomeRatio": -0.5999672364,
        "totalOtherIncomeExpensesNet": -13151706000,
        "incomeBeforeTax": -6961909000,
        "incomeBeforeTaxRatio": -0.7213701819,
        "incomeTaxExpense": 250491000,
        "netIncome": -6040746000,
        "netIncomeRatio": -0.6259222924,
        "eps": -0.76,
        "epsdiluted": -0.68,
        "weightedAverageShsOut": 7970886000,
        "weightedAverageShsOutDil": 8897800000,
        "link": "https://www.sec.gov/Archives/edgar/data/1527590/000114420415063110/0001144204-15-063110-index.htm",
        "finalLink": "https://www.sec.gov/Archives/edgar/data/1527590/000114420415063110/v422702_10q.htm"
    },
    {
        "date": "2015-06-30",
        "symbol": "RCA",
        "reportedCurrency": "USD",
        "cik": "0001527590",
        "fillingDate": "2015-08-06",
        "acceptedDate": "2015-08-05 19:56:28",
        "calendarYear": "2015",
        "period": "Q2",
        "revenue": 9561348000,
        "costOfRevenue": 0,
        "grossProfit": 9561348000,
        "grossProfitRatio": 1,
        "researchAndDevelopmentExpenses": 0,
        "generalAndAdministrativeExpenses": 0,
        "sellingAndMarketingExpenses": 0,
        "sellingGeneralAndAdministrativeExpenses": 0,
        "otherExpenses": 3953156000,
        "operatingExpenses": 3953156000,
        "costAndExpenses": 3953156000,
        "interestIncome": 17430551000,
        "interestExpense": 4727749000,
        "depreciationAndAmortization": 0,
        "ebitda": 8953727000,
        "ebitdaratio": 0.9364502788,
        "operatingIncome": 8953727000,
        "operatingIncomeRatio": 0.9364502788,
        "totalOtherIncomeExpensesNet": 655705000,
        "incomeBeforeTax": 9609432000,
        "incomeBeforeTaxRatio": 1.005028998,
        "incomeTaxExpense": 2899916000,
        "netIncome": 6053811000,
        "netIncomeRatio": 0.633154551,
        "eps": 0.76,
        "epsdiluted": 0.57,
        "weightedAverageShsOut": 7970886000,
        "weightedAverageShsOutDil": 10677360000,
        "link": "https://www.sec.gov/Archives/edgar/data/1527590/000114420415046638/0001144204-15-046638-index.htm",
        "finalLink": "https://www.sec.gov/Archives/edgar/data/1527590/000114420415046638/v415904_10q.htm"
    },
    {
        "date": "2015-03-31",
        "symbol": "RCA",
        "reportedCurrency": "USD",
        "cik": "0001527590",
        "fillingDate": "2015-05-11",
        "acceptedDate": "2015-05-11 17:12:55",
        "calendarYear": "2015",
        "period": "Q1",
        "revenue": 9687397000,
        "costOfRevenue": 0,
        "grossProfit": 9687397000,
        "grossProfitRatio": 1,
        "researchAndDevelopmentExpenses": 0,
        "generalAndAdministrativeExpenses": 0,
        "sellingAndMarketingExpenses": 0,
        "sellingGeneralAndAdministrativeExpenses": 0,
        "otherExpenses": 2919648000,
        "operatingExpenses": 2919648000,
        "costAndExpenses": 2919648000,
        "interestIncome": 9376430000,
        "interestExpense": 4745477000,
        "depreciationAndAmortization": 0,
        "ebitda": 271717000,
        "ebitdaratio": 0.0280485047,
        "operatingIncome": 271717000,
        "operatingIncomeRatio": 0.0280485047,
        "totalOtherIncomeExpensesNet": 0,
        "incomeBeforeTax": 271717000,
        "incomeBeforeTaxRatio": 0.0280485047,
        "incomeTaxExpense": -102063000,
        "netIncome": 373780000,
        "netIncomeRatio": 0.0385841522,
        "eps": 0.0469,
        "epsdiluted": 0.042,
        "weightedAverageShsOut": 7970886000,
        "weightedAverageShsOutDil": 8897800000,
        "link": "https://www.sec.gov/Archives/edgar/data/1527590/000120677415001651/0001206774-15-001651-index.htm",
        "finalLink": "https://www.sec.gov/Archives/edgar/data/1527590/000120677415001651/zfc_10q.htm"
    },
    {
        "date": "2014-09-30",
        "symbol": "RCA",
        "reportedCurrency": "USD",
        "cik": "0001527590",
        "fillingDate": "2014-11-13",
        "acceptedDate": "2014-11-13 16:16:15",
        "calendarYear": "2014",
        "period": "Q3",
        "revenue": 11000619000,
        "costOfRevenue": 435200000,
        "grossProfit": 10565419000,
        "grossProfitRatio": 0.9604385899,
        "researchAndDevelopmentExpenses": 0,
        "generalAndAdministrativeExpenses": 1666169000,
        "sellingAndMarketingExpenses": 0,
        "sellingGeneralAndAdministrativeExpenses": 1666169000,
        "otherExpenses": 0,
        "operatingExpenses": 1666169000,
        "costAndExpenses": 2101369000,
        "interestIncome": 0,
        "interestExpense": 4491678000,
        "depreciationAndAmortization": 0,
        "ebitda": 8899250000,
        "ebitdaratio": 0.8089772039,
        "operatingIncome": 8899250000,
        "operatingIncomeRatio": 0.8089772039,
        "totalOtherIncomeExpensesNet": 0,
        "incomeBeforeTax": 0,
        "incomeBeforeTaxRatio": 0,
        "incomeTaxExpense": 0,
        "netIncome": 0,
        "netIncomeRatio": 0,
        "eps": 0,
        "epsdiluted": 0,
        "weightedAverageShsOut": 7970886000,
        "weightedAverageShsOutDil": 8897800000,
        "link": "https://www.sec.gov/Archives/edgar/data/1527590/000120677414003275/0001206774-14-003275-index.htm",
        "finalLink": "https://www.sec.gov/Archives/edgar/data/1527590/000120677414003275/zais_10q.htm"
    },
    {
        "date": "2014-06-30",
        "symbol": "RCA",
        "reportedCurrency": "USD",
        "cik": "0001527590",
        "fillingDate": "2014-08-12",
        "acceptedDate": "2014-08-12 17:24:39",
        "calendarYear": "2014",
        "period": "Q2",
        "revenue": 10831220000000,
        "costOfRevenue": 0,
        "grossProfit": 10831220000000,
        "grossProfitRatio": 1,
        "researchAndDevelopmentExpenses": 0,
        "generalAndAdministrativeExpenses": 1920086000000,
        "sellingAndMarketingExpenses": 0,
        "sellingGeneralAndAdministrativeExpenses": 1920086000000,
        "otherExpenses": 0,
        "operatingExpenses": 1920086000000,
        "costAndExpenses": 1920086000000,
        "interestIncome": 0,
        "interestExpense": 4416385000000,
        "depreciationAndAmortization": 0,
        "ebitda": 8911134000000,
        "ebitdaratio": 0.8227267104,
        "operatingIncome": 8911134000000,
        "operatingIncomeRatio": 0.8227267104,
        "totalOtherIncomeExpensesNet": 0,
        "incomeBeforeTax": 0,
        "incomeBeforeTaxRatio": 0,
        "incomeTaxExpense": 0,
        "netIncome": 0,
        "netIncomeRatio": 0,
        "eps": 0,
        "epsdiluted": 0,
        "weightedAverageShsOut": 7970886000000,
        "weightedAverageShsOutDil": 10677360000000,
        "link": "https://www.sec.gov/Archives/edgar/data/1527590/000120677414002503/0001206774-14-002503-index.htm",
        "finalLink": "https://www.sec.gov/Archives/edgar/data/1527590/000120677414002503/zais_10q.htm"
    },
    {
        "date": "2014-03-31",
        "symbol": "RCA",
        "reportedCurrency": "USD",
        "cik": "0001527590",
        "fillingDate": "2014-05-14",
        "acceptedDate": "2014-05-13 19:46:55",
        "calendarYear": "2014",
        "period": "Q1",
        "revenue": 9493033000,
        "costOfRevenue": 0,
        "grossProfit": 9493033000,
        "grossProfitRatio": 1,
        "researchAndDevelopmentExpenses": 0,
        "generalAndAdministrativeExpenses": 3023436000,
        "sellingAndMarketingExpenses": 0,
        "sellingGeneralAndAdministrativeExpenses": 3023436000,
        "otherExpenses": 0,
        "operatingExpenses": 3023436000,
        "costAndExpenses": 3023436000,
        "interestIncome": 0,
        "interestExpense": 3903952000,
        "depreciationAndAmortization": 0,
        "ebitda": 2224205000,
        "ebitdaratio": 0.2342986694,
        "operatingIncome": 2224205000,
        "operatingIncomeRatio": 0.2342986694,
        "totalOtherIncomeExpensesNet": 0,
        "incomeBeforeTax": 2224205000,
        "incomeBeforeTaxRatio": 0.2342986694,
        "incomeTaxExpense": 0,
        "netIncome": 2224205000,
        "netIncomeRatio": 0.2342986694,
        "eps": 0.28,
        "epsdiluted": 0.25,
        "weightedAverageShsOut": 7970886000,
        "weightedAverageShsOutDil": 8897800000,
        "link": "https://www.sec.gov/Archives/edgar/data/1527590/000120677414001617/0001206774-14-001617-index.htm",
        "finalLink": "https://www.sec.gov/Archives/edgar/data/1527590/000120677414001617/zais_10q.htm"
    },
    {
        "date": "2013-09-30",
        "symbol": "RCA",
        "reportedCurrency": "USD",
        "cik": "0001527590",
        "fillingDate": "2013-11-12",
        "acceptedDate": "2013-11-12 16:06:37",
        "calendarYear": "2013",
        "period": "Q3",
        "revenue": 8273444,
        "costOfRevenue": 0,
        "grossProfit": 8273444,
        "grossProfitRatio": 1,
        "researchAndDevelopmentExpenses": 0,
        "generalAndAdministrativeExpenses": 1935029,
        "sellingAndMarketingExpenses": 0,
        "sellingGeneralAndAdministrativeExpenses": 1935029,
        "otherExpenses": 0,
        "operatingExpenses": 1935029,
        "costAndExpenses": 1935029,
        "interestIncome": 0,
        "interestExpense": 2333139,
        "depreciationAndAmortization": 0,
        "ebitda": 6338415,
        "ebitdaratio": 0.7661156587,
        "operatingIncome": 6338415,
        "operatingIncomeRatio": 0.7661156587,
        "totalOtherIncomeExpensesNet": 0,
        "incomeBeforeTax": 0,
        "incomeBeforeTaxRatio": 0,
        "incomeTaxExpense": 0,
        "netIncome": 0,
        "netIncomeRatio": 0,
        "eps": 0,
        "epsdiluted": 0,
        "weightedAverageShsOut": 7970886,
        "weightedAverageShsOutDil": 8897800,
        "link": "https://www.sec.gov/Archives/edgar/data/1527590/000120677413004054/0001206774-13-004054-index.htm",
        "finalLink": "https://www.sec.gov/Archives/edgar/data/1527590/000120677413004054/zais_10q.htm"
    },
    {
        "date": "2013-06-30",
        "symbol": "RCA",
        "reportedCurrency": "USD",
        "cik": "0001527590",
        "fillingDate": "2013-08-13",
        "acceptedDate": "2013-08-13 17:17:26",
        "calendarYear": "2013",
        "period": "Q2",
        "revenue": 5935511,
        "costOfRevenue": 0,
        "grossProfit": 5935511,
        "grossProfitRatio": 1,
        "researchAndDevelopmentExpenses": 0,
        "generalAndAdministrativeExpenses": 1000512,
        "sellingAndMarketingExpenses": 0,
        "sellingGeneralAndAdministrativeExpenses": 1000512,
        "otherExpenses": 0,
        "operatingExpenses": 1000512,
        "costAndExpenses": 1000512,
        "interestIncome": 0,
        "interestExpense": 1156780,
        "depreciationAndAmortization": 0,
        "ebitda": 4935000,
        "ebitdaratio": 0.8314364172,
        "operatingIncome": 4935000,
        "operatingIncomeRatio": 0.8314364172,
        "totalOtherIncomeExpensesNet": 0,
        "incomeBeforeTax": 0,
        "incomeBeforeTaxRatio": 0,
        "incomeTaxExpense": 0,
        "netIncome": 0,
        "netIncomeRatio": 0,
        "eps": 0,
        "epsdiluted": 0,
        "weightedAverageShsOut": 7970886,
        "weightedAverageShsOutDil": 8897800,
        "link": "https://www.sec.gov/Archives/edgar/data/1527590/000120677413002892/0001206774-13-002892-index.htm",
        "finalLink": "https://www.sec.gov/Archives/edgar/data/1527590/000120677413002892/zaisfinancial_10q.htm"
    },
    {
        "date": "2013-03-31",
        "symbol": "RCA",
        "reportedCurrency": "USD",
        "cik": "0001527590",
        "fillingDate": "2013-05-15",
        "acceptedDate": "2013-05-14 18:27:45",
        "calendarYear": "2013",
        "period": "Q1",
        "revenue": 3436033,
        "costOfRevenue": 0,
        "grossProfit": 3436033,
        "grossProfitRatio": 1,
        "researchAndDevelopmentExpenses": 0,
        "generalAndAdministrativeExpenses": 1615433,
        "sellingAndMarketingExpenses": 0,
        "sellingGeneralAndAdministrativeExpenses": 1615433,
        "otherExpenses": 0,
        "operatingExpenses": 1615433,
        "costAndExpenses": 1615433,
        "interestIncome": 0,
        "interestExpense": 514035,
        "depreciationAndAmortization": 0,
        "ebitda": 1820600,
        "ebitdaratio": 0.5298552138,
        "operatingIncome": 1820600,
        "operatingIncomeRatio": 0.5298552138,
        "totalOtherIncomeExpensesNet": 0,
        "incomeBeforeTax": 0,
        "incomeBeforeTaxRatio": 0,
        "incomeTaxExpense": 0,
        "netIncome": 0,
        "netIncomeRatio": 0,
        "eps": 0,
        "epsdiluted": 0,
        "weightedAverageShsOut": 5142053,
        "weightedAverageShsOutDil": 6068967,
        "link": "https://www.sec.gov/Archives/edgar/data/1527590/000120677413001827/0001206774-13-001827-index.htm",
        "finalLink": "https://www.sec.gov/Archives/edgar/data/1527590/000120677413001827/zais_10q.htm"
    }
]