[
    {
        "date": "2025-09-30",
        "symbol": "REG",
        "reportedCurrency": "USD",
        "cik": "0000910606",
        "fillingDate": "2025-10-28",
        "acceptedDate": "2025-10-28 17:00:27",
        "calendarYear": "2025",
        "period": "Q3",
        "revenue": 386982000,
        "costOfRevenue": 214815000,
        "grossProfit": 172167000,
        "grossProfitRatio": 0.4448966619,
        "researchAndDevelopmentExpenses": 0,
        "generalAndAdministrativeExpenses": 30808000,
        "sellingAndMarketingExpenses": 0,
        "sellingGeneralAndAdministrativeExpenses": 30808000,
        "otherExpenses": 0,
        "operatingExpenses": 30808000,
        "costAndExpenses": 245623000,
        "interestIncome": 2221000,
        "interestExpense": 0,
        "depreciationAndAmortization": 102799000,
        "ebitda": 244158000,
        "ebitdaratio": 0.6309285703,
        "operatingIncome": 141359000,
        "operatingIncomeRatio": 0.3652857239,
        "totalOtherIncomeExpensesNet": -28742000,
        "incomeBeforeTax": 112617000,
        "incomeBeforeTaxRatio": 0.2910135355,
        "incomeTaxExpense": 0,
        "netIncome": 109373000,
        "netIncomeRatio": 0.2826307167,
        "eps": 0.58,
        "epsdiluted": 0.58,
        "weightedAverageShsOut": 189323214,
        "weightedAverageShsOutDil": 182346000,
        "link": "https://www.sec.gov/Archives/edgar/data/910606/000119312525253799/0001193125-25-253799-index.htm",
        "finalLink": "https://www.sec.gov/Archives/edgar/data/910606/000119312525253799/reg-ex99_1.htm"
    },
    {
        "date": "2025-06-30",
        "symbol": "REG",
        "reportedCurrency": "USD",
        "cik": "0000910606",
        "fillingDate": "2025-08-04",
        "acceptedDate": "2025-08-04 14:31:41",
        "calendarYear": "2025",
        "period": "Q2",
        "revenue": 394607000,
        "costOfRevenue": 108259000,
        "grossProfit": 286348000,
        "grossProfitRatio": 0.725653625,
        "researchAndDevelopmentExpenses": 0,
        "generalAndAdministrativeExpenses": 25480000,
        "sellingAndMarketingExpenses": 0,
        "sellingGeneralAndAdministrativeExpenses": 25480000,
        "otherExpenses": 0,
        "operatingExpenses": 25480000,
        "costAndExpenses": 133739000,
        "interestIncome": 1348000,
        "interestExpense": 0,
        "depreciationAndAmortization": 94336000,
        "ebitda": 253725000,
        "ebitdaratio": 0.642981498,
        "operatingIncome": 260868000,
        "operatingIncomeRatio": 0.6610830523,
        "totalOtherIncomeExpensesNet": -152519000,
        "incomeBeforeTax": 108349000,
        "incomeBeforeTaxRatio": 0.27457445,
        "incomeTaxExpense": 0,
        "netIncome": 106021000,
        "netIncomeRatio": 0.2686749095,
        "eps": 0.57,
        "epsdiluted": 0.56,
        "weightedAverageShsOut": 189323214,
        "weightedAverageShsOutDil": 181955000,
        "link": "https://www.sec.gov/Archives/edgar/data/910606/000095017025101867/0000950170-25-101867-index.htm",
        "finalLink": "https://www.sec.gov/Archives/edgar/data/910606/000095017025101867/reg-20250630.htm"
    },
    {
        "date": "2025-03-31",
        "symbol": "REG",
        "reportedCurrency": "USD",
        "cik": "0000910606",
        "fillingDate": "2025-05-02",
        "acceptedDate": "2025-05-02 14:21:00",
        "calendarYear": "2025",
        "period": "Q1",
        "revenue": 395407000,
        "costOfRevenue": 114819000,
        "grossProfit": 280588000,
        "grossProfitRatio": 0.7096181909,
        "researchAndDevelopmentExpenses": 0,
        "generalAndAdministrativeExpenses": 21600000,
        "sellingAndMarketingExpenses": 0,
        "sellingGeneralAndAdministrativeExpenses": 21600000,
        "otherExpenses": 0,
        "operatingExpenses": 21600000,
        "costAndExpenses": 136419000,
        "interestIncome": 1344000,
        "interestExpense": 0,
        "depreciationAndAmortization": 90559000,
        "ebitda": 251085000,
        "ebitdaratio": 0.6350039327,
        "operatingIncome": 258988000,
        "operatingIncomeRatio": 0.6549909334,
        "totalOtherIncomeExpensesNet": -147135000,
        "incomeBeforeTax": 111853000,
        "incomeBeforeTaxRatio": 0.2828806774,
        "incomeTaxExpense": 0,
        "netIncome": 109587000,
        "netIncomeRatio": 0.2771498734,
        "eps": 0.59,
        "epsdiluted": 0.58,
        "weightedAverageShsOut": 188943103,
        "weightedAverageShsOutDil": 181813000,
        "link": "https://www.sec.gov/Archives/edgar/data/910606/000095017025062596/0000950170-25-062596-index.htm",
        "finalLink": "https://www.sec.gov/Archives/edgar/data/910606/000095017025062596/reg-20250331.htm"
    },
    {
        "date": "2024-12-31",
        "symbol": "REG",
        "reportedCurrency": "USD",
        "cik": "0000910606",
        "fillingDate": "2025-02-14",
        "acceptedDate": "2025-02-14 16:48:46",
        "calendarYear": "2024",
        "period": "Q4",
        "revenue": 384160000,
        "costOfRevenue": 114296000,
        "grossProfit": 269864000,
        "grossProfitRatio": 0.7024781341,
        "researchAndDevelopmentExpenses": 0,
        "generalAndAdministrativeExpenses": 26022000,
        "sellingAndMarketingExpenses": 0,
        "sellingGeneralAndAdministrativeExpenses": 26022000,
        "otherExpenses": 0,
        "operatingExpenses": 26022000,
        "costAndExpenses": 140318000,
        "interestIncome": 1397000,
        "interestExpense": 48223000,
        "depreciationAndAmortization": 89888000,
        "ebitda": 241565000,
        "ebitdaratio": 0.6288135152,
        "operatingIncome": 243842000,
        "operatingIncomeRatio": 0.634740733,
        "totalOtherIncomeExpensesNet": -150620000,
        "incomeBeforeTax": 93222000,
        "incomeBeforeTaxRatio": 0.2426645148,
        "incomeTaxExpense": 4545000,
        "netIncome": 86477000,
        "netIncomeRatio": 0.2251067264,
        "eps": 0.46,
        "epsdiluted": 0.45,
        "weightedAverageShsOut": 180882000,
        "weightedAverageShsOutDil": 181803000,
        "link": "https://www.sec.gov/Archives/edgar/data/910606/000095017025021359/0000950170-25-021359-index.htm",
        "finalLink": "https://www.sec.gov/Archives/edgar/data/910606/000095017025021359/reg-20241231.htm"
    },
    {
        "date": "2024-09-30",
        "symbol": "REG",
        "reportedCurrency": "USD",
        "cik": "0000910606",
        "fillingDate": "2024-11-01",
        "acceptedDate": "2024-11-01 15:41:23",
        "calendarYear": "2024",
        "period": "Q3",
        "revenue": 373754000,
        "costOfRevenue": 106206000,
        "grossProfit": 267548000,
        "grossProfitRatio": 0.7158398305,
        "researchAndDevelopmentExpenses": 0,
        "generalAndAdministrativeExpenses": 25073000,
        "sellingAndMarketingExpenses": 0,
        "sellingGeneralAndAdministrativeExpenses": 25073000,
        "otherExpenses": 0,
        "operatingExpenses": 25073000,
        "costAndExpenses": 131279000,
        "interestIncome": 1592000,
        "interestExpense": 48369000,
        "depreciationAndAmortization": 95765000,
        "ebitda": 233631000,
        "ebitdaratio": 0.6250929756,
        "operatingIncome": 242475000,
        "operatingIncomeRatio": 0.6487555986,
        "totalOtherIncomeExpensesNet": -138899000,
        "incomeBeforeTax": 103576000,
        "incomeBeforeTaxRatio": 0.2771234555,
        "incomeTaxExpense": 0,
        "netIncome": 101469000,
        "netIncomeRatio": 0.2714860577,
        "eps": 0.54,
        "epsdiluted": 0.54,
        "weightedAverageShsOut": 187905555,
        "weightedAverageShsOutDil": 181772000,
        "link": "https://www.sec.gov/Archives/edgar/data/910606/000095017024120019/0000950170-24-120019-index.htm",
        "finalLink": "https://www.sec.gov/Archives/edgar/data/910606/000095017024120019/reg-20240930.htm"
    },
    {
        "date": "2024-06-30",
        "symbol": "REG",
        "reportedCurrency": "USD",
        "cik": "0000910606",
        "fillingDate": "2024-08-02",
        "acceptedDate": "2024-08-02 12:28:25",
        "calendarYear": "2024",
        "period": "Q2",
        "revenue": 369564000,
        "costOfRevenue": 104969000,
        "grossProfit": 264595000,
        "grossProfitRatio": 0.7159652997,
        "researchAndDevelopmentExpenses": 0,
        "generalAndAdministrativeExpenses": 24238000,
        "sellingAndMarketingExpenses": 1900000,
        "sellingGeneralAndAdministrativeExpenses": 26138000,
        "otherExpenses": 0,
        "operatingExpenses": 26138000,
        "costAndExpenses": 131107000,
        "interestIncome": 4018000,
        "interestExpense": 47048000,
        "depreciationAndAmortization": 94062000,
        "ebitda": 230385000,
        "ebitdaratio": 0.6233967594,
        "operatingIncome": 238457000,
        "operatingIncomeRatio": 0.6452387137,
        "totalOtherIncomeExpensesNet": -133528000,
        "incomeBeforeTax": 104929000,
        "incomeBeforeTaxRatio": 0.2839264647,
        "incomeTaxExpense": 0,
        "netIncome": 102668000,
        "netIncomeRatio": 0.2778084445,
        "eps": 0.54,
        "epsdiluted": 0.54,
        "weightedAverageShsOut": 190125925,
        "weightedAverageShsOutDil": 183868000,
        "link": "https://www.sec.gov/Archives/edgar/data/910606/000095017024089720/0000950170-24-089720-index.htm",
        "finalLink": "https://www.sec.gov/Archives/edgar/data/910606/000095017024089720/reg-20240630.htm"
    },
    {
        "date": "2024-03-31",
        "symbol": "REG",
        "reportedCurrency": "USD",
        "cik": "0000910606",
        "fillingDate": "2024-05-03",
        "acceptedDate": "2024-05-03 14:52:52",
        "calendarYear": "2024",
        "period": "Q1",
        "revenue": 375813000,
        "costOfRevenue": 107581000,
        "grossProfit": 268232000,
        "grossProfitRatio": 0.7137379495,
        "researchAndDevelopmentExpenses": 0,
        "generalAndAdministrativeExpenses": 26132000,
        "sellingAndMarketingExpenses": 1900000,
        "sellingGeneralAndAdministrativeExpenses": 28032000,
        "otherExpenses": 0,
        "operatingExpenses": 28032000,
        "costAndExpenses": 135613000,
        "interestIncome": 2625000,
        "interestExpense": 45384000,
        "depreciationAndAmortization": 92298000,
        "ebitda": 234170000,
        "ebitdaratio": 0.6231024472,
        "operatingIncome": 240200000,
        "operatingIncomeRatio": 0.6391476612,
        "totalOtherIncomeExpensesNet": -127542000,
        "incomeBeforeTax": 112658000,
        "incomeBeforeTaxRatio": 0.2997714289,
        "incomeTaxExpense": 0,
        "netIncome": 109774000,
        "netIncomeRatio": 0.2920973995,
        "eps": 0.58,
        "epsdiluted": 0.58,
        "weightedAverageShsOut": 190604348,
        "weightedAverageShsOutDil": 184770000,
        "link": "https://www.sec.gov/Archives/edgar/data/910606/000095017024052749/0000950170-24-052749-index.htm",
        "finalLink": "https://www.sec.gov/Archives/edgar/data/910606/000095017024052749/reg-20240331.htm"
    },
    {
        "date": "2023-12-31",
        "symbol": "REG",
        "reportedCurrency": "USD",
        "cik": "0000910606",
        "fillingDate": "2024-02-16",
        "acceptedDate": "2024-02-16 14:06:04",
        "calendarYear": "2023",
        "period": "Q4",
        "revenue": 370682000,
        "costOfRevenue": 112969000,
        "grossProfit": 257713000,
        "grossProfitRatio": 0.695240125,
        "researchAndDevelopmentExpenses": 0,
        "generalAndAdministrativeExpenses": 26558000,
        "sellingAndMarketingExpenses": 0,
        "sellingGeneralAndAdministrativeExpenses": 26558000,
        "otherExpenses": 0,
        "operatingExpenses": 26558000,
        "costAndExpenses": 139527000,
        "interestIncome": 829000,
        "interestExpense": 42812000,
        "depreciationAndAmortization": 91352000,
        "ebitda": 219752000,
        "ebitdaratio": 0.5928315915,
        "operatingIncome": 231155000,
        "operatingIncomeRatio": 0.6235938082,
        "totalOtherIncomeExpensesNet": -138226000,
        "incomeBeforeTax": 92929000,
        "incomeBeforeTaxRatio": 0.2506973632,
        "incomeTaxExpense": 895000,
        "netIncome": 89774000,
        "netIncomeRatio": 0.2421860247,
        "eps": 0.47,
        "epsdiluted": 0.47,
        "weightedAverageShsOut": 192273012,
        "weightedAverageShsOutDil": 184963000,
        "link": "https://www.sec.gov/Archives/edgar/data/910606/000095017024016260/0000950170-24-016260-index.htm",
        "finalLink": "https://www.sec.gov/Archives/edgar/data/910606/000095017024016260/reg-20231231.htm"
    },
    {
        "date": "2023-09-30",
        "symbol": "REG",
        "reportedCurrency": "USD",
        "cik": "0000910606",
        "fillingDate": "2023-11-06",
        "acceptedDate": "2023-11-06 13:13:56",
        "calendarYear": "2023",
        "period": "Q3",
        "revenue": 343155000,
        "costOfRevenue": 99398000,
        "grossProfit": 243757000,
        "grossProfitRatio": 0.7103408081,
        "researchAndDevelopmentExpenses": 0,
        "generalAndAdministrativeExpenses": 20903000,
        "sellingAndMarketingExpenses": 0,
        "sellingGeneralAndAdministrativeExpenses": 20903000,
        "otherExpenses": 0,
        "operatingExpenses": 20903000,
        "costAndExpenses": 120301000,
        "interestIncome": 384000,
        "interestExpense": 39082000,
        "depreciationAndAmortization": 79774000,
        "ebitda": 211590000,
        "ebitdaratio": 0.6166018272,
        "operatingIncome": 222854000,
        "operatingIncomeRatio": 0.6494266439,
        "totalOtherIncomeExpensesNet": -130681000,
        "incomeBeforeTax": 92173000,
        "incomeBeforeTaxRatio": 0.2686045664,
        "incomeTaxExpense": 0,
        "netIncome": 90720000,
        "netIncomeRatio": 0.2643703283,
        "eps": 0.5,
        "epsdiluted": 0.5,
        "weightedAverageShsOut": 181440000,
        "weightedAverageShsOutDil": 178231000,
        "link": "https://www.sec.gov/Archives/edgar/data/910606/000095017023059213/0000950170-23-059213-index.htm",
        "finalLink": "https://www.sec.gov/Archives/edgar/data/910606/000095017023059213/reg-20230930.htm"
    },
    {
        "date": "2023-06-30",
        "symbol": "REG",
        "reportedCurrency": "USD",
        "cik": "0000910606",
        "fillingDate": "2023-08-04",
        "acceptedDate": "2023-08-04 13:16:59",
        "calendarYear": "2023",
        "period": "Q2",
        "revenue": 326116000,
        "costOfRevenue": 92903000,
        "grossProfit": 233213000,
        "grossProfitRatio": 0.7151228397,
        "researchAndDevelopmentExpenses": 0,
        "generalAndAdministrativeExpenses": 25065000,
        "sellingAndMarketingExpenses": 0,
        "sellingGeneralAndAdministrativeExpenses": 25065000,
        "otherExpenses": 0,
        "operatingExpenses": 25065000,
        "costAndExpenses": 117968000,
        "interestIncome": 388000,
        "interestExpense": 0,
        "depreciationAndAmortization": 74797000,
        "ebitda": 198102000,
        "ebitdaratio": 0.6074586957,
        "operatingIncome": 208148000,
        "operatingIncomeRatio": 0.6382636853,
        "totalOtherIncomeExpensesNet": -119976000,
        "incomeBeforeTax": 88172000,
        "incomeBeforeTaxRatio": 0.2703700524,
        "incomeTaxExpense": 0,
        "netIncome": 86782000,
        "netIncomeRatio": 0.2661077653,
        "eps": 0.51,
        "epsdiluted": 0.51,
        "weightedAverageShsOut": 170990254,
        "weightedAverageShsOutDil": 171275000,
        "link": "https://www.sec.gov/Archives/edgar/data/910606/000095017023038453/0000950170-23-038453-index.htm",
        "finalLink": "https://www.sec.gov/Archives/edgar/data/910606/000095017023038453/reg-20230630.htm"
    },
    {
        "date": "2023-03-31",
        "symbol": "REG",
        "reportedCurrency": "USD",
        "cik": "0000910606",
        "fillingDate": "2023-05-05",
        "acceptedDate": "2023-05-05 16:11:02",
        "calendarYear": "2023",
        "period": "Q1",
        "revenue": 329893000,
        "costOfRevenue": 89499000,
        "grossProfit": 240394000,
        "grossProfitRatio": 0.7287029431,
        "researchAndDevelopmentExpenses": 0,
        "generalAndAdministrativeExpenses": 25280000,
        "sellingAndMarketingExpenses": 0,
        "sellingGeneralAndAdministrativeExpenses": 25280000,
        "otherExpenses": 0,
        "operatingExpenses": 25280000,
        "costAndExpenses": 114779000,
        "interestIncome": 362000,
        "interestExpense": 36646000,
        "depreciationAndAmortization": 77229000,
        "ebitda": 210133000,
        "ebitdaratio": 0.6369732004,
        "operatingIncome": 215114000,
        "operatingIncomeRatio": 0.6520720355,
        "totalOtherIncomeExpensesNet": -116626000,
        "incomeBeforeTax": 98488000,
        "incomeBeforeTaxRatio": 0.2985452859,
        "incomeTaxExpense": 0,
        "netIncome": 97281000,
        "netIncomeRatio": 0.2948865238,
        "eps": 0.57,
        "epsdiluted": 0.57,
        "weightedAverageShsOut": 171212094,
        "weightedAverageShsOutDil": 171494000,
        "link": "https://www.sec.gov/Archives/edgar/data/910606/000095017023018317/0000950170-23-018317-index.htm",
        "finalLink": "https://www.sec.gov/Archives/edgar/data/910606/000095017023018317/reg-20230331.htm"
    },
    {
        "date": "2022-12-31",
        "symbol": "REG",
        "reportedCurrency": "USD",
        "cik": "0000910606",
        "fillingDate": "2023-02-17",
        "acceptedDate": "2023-02-17 13:14:03",
        "calendarYear": "2022",
        "period": "Q4",
        "revenue": 313738000,
        "costOfRevenue": 90660000,
        "grossProfit": 223078000,
        "grossProfitRatio": 0.7110327726,
        "researchAndDevelopmentExpenses": 0,
        "generalAndAdministrativeExpenses": 23193000,
        "sellingAndMarketingExpenses": 0,
        "sellingGeneralAndAdministrativeExpenses": 23193000,
        "otherExpenses": 0,
        "operatingExpenses": 23193000,
        "costAndExpenses": 113853000,
        "interestIncome": 355000,
        "interestExpense": 36633000,
        "depreciationAndAmortization": 76865000,
        "ebitda": 192049000,
        "ebitdaratio": 0.6121317787,
        "operatingIncome": 199885000,
        "operatingIncomeRatio": 0.6371080328,
        "totalOtherIncomeExpensesNet": -103539000,
        "incomeBeforeTax": 96346000,
        "incomeBeforeTaxRatio": 0.3070906298,
        "incomeTaxExpense": -39000,
        "netIncome": 95263000,
        "netIncomeRatio": 0.3036387049,
        "eps": 0.56,
        "epsdiluted": 0.55,
        "weightedAverageShsOut": 173326467,
        "weightedAverageShsOutDil": 171586000,
        "link": "https://www.sec.gov/Archives/edgar/data/910606/000095017023003160/0000950170-23-003160-index.htm",
        "finalLink": "https://www.sec.gov/Archives/edgar/data/910606/000095017023003160/reg-20221231.htm"
    },
    {
        "date": "2022-09-30",
        "symbol": "REG",
        "reportedCurrency": "USD",
        "cik": "0000910606",
        "fillingDate": "2022-11-04",
        "acceptedDate": "2022-11-04 11:40:24",
        "calendarYear": "2022",
        "period": "Q3",
        "revenue": 315198000,
        "costOfRevenue": 87503000,
        "grossProfit": 227695000,
        "grossProfitRatio": 0.7223871979,
        "researchAndDevelopmentExpenses": 0,
        "generalAndAdministrativeExpenses": 20273000,
        "sellingAndMarketingExpenses": 0,
        "sellingGeneralAndAdministrativeExpenses": 20273000,
        "otherExpenses": 0,
        "operatingExpenses": 20273000,
        "costAndExpenses": 107776000,
        "interestIncome": 288000,
        "interestExpense": 36540000,
        "depreciationAndAmortization": 75173000,
        "ebitda": 201376000,
        "ebitdaratio": 0.6388873026,
        "operatingIncome": 207422000,
        "operatingIncomeRatio": 0.6580688964,
        "totalOtherIncomeExpensesNet": -118575000,
        "incomeBeforeTax": 88847000,
        "incomeBeforeTaxRatio": 0.2818767886,
        "incomeTaxExpense": 0,
        "netIncome": 87578000,
        "netIncomeRatio": 0.2778507478,
        "eps": 0.51,
        "epsdiluted": 0.51,
        "weightedAverageShsOut": 171721568,
        "weightedAverageShsOutDil": 171525000,
        "link": "https://www.sec.gov/Archives/edgar/data/910606/000095017022022118/0000950170-22-022118-index.htm",
        "finalLink": "https://www.sec.gov/Archives/edgar/data/910606/000095017022022118/reg-20220930.htm"
    },
    {
        "date": "2022-06-30",
        "symbol": "REG",
        "reportedCurrency": "USD",
        "cik": "0000910606",
        "fillingDate": "2022-08-05",
        "acceptedDate": "2022-08-05 12:08:29",
        "calendarYear": "2022",
        "period": "Q2",
        "revenue": 325925000,
        "costOfRevenue": 84450000,
        "grossProfit": 241475000,
        "grossProfitRatio": 0.7408913094,
        "researchAndDevelopmentExpenses": 0,
        "generalAndAdministrativeExpenses": 17645000,
        "sellingAndMarketingExpenses": 0,
        "sellingGeneralAndAdministrativeExpenses": 17645000,
        "otherExpenses": 0,
        "operatingExpenses": 17645000,
        "costAndExpenses": 102095000,
        "interestIncome": 160000,
        "interestExpense": 36750000,
        "depreciationAndAmortization": 74124000,
        "ebitda": 217987000,
        "ebitdaratio": 0.6688256501,
        "operatingIncome": 223830000,
        "operatingIncomeRatio": 0.6867530874,
        "totalOtherIncomeExpensesNet": -117843000,
        "incomeBeforeTax": 105987000,
        "incomeBeforeTaxRatio": 0.3251883102,
        "incomeTaxExpense": 0,
        "netIncome": 104796000,
        "netIncomeRatio": 0.3215340953,
        "eps": 0.61,
        "epsdiluted": 0.61,
        "weightedAverageShsOut": 172064125,
        "weightedAverageShsOutDil": 172424000,
        "link": "https://www.sec.gov/Archives/edgar/data/910606/000095017022015028/0000950170-22-015028-index.htm",
        "finalLink": "https://www.sec.gov/Archives/edgar/data/910606/000095017022015028/reg-20220630.htm"
    },
    {
        "date": "2022-03-31",
        "symbol": "REG",
        "reportedCurrency": "USD",
        "cik": "0000910606",
        "fillingDate": "2022-05-06",
        "acceptedDate": "2022-05-06 11:18:33",
        "calendarYear": "2022",
        "period": "Q1",
        "revenue": 316237000,
        "costOfRevenue": 83330000,
        "grossProfit": 232907000,
        "grossProfitRatio": 0.736495097,
        "researchAndDevelopmentExpenses": 0,
        "generalAndAdministrativeExpenses": 18792000,
        "sellingAndMarketingExpenses": 0,
        "sellingGeneralAndAdministrativeExpenses": 18792000,
        "otherExpenses": 30103000,
        "operatingExpenses": 48895000,
        "costAndExpenses": 132225000,
        "interestIncome": 143000,
        "interestExpense": 36772000,
        "depreciationAndAmortization": 72540000,
        "ebitda": 206640000,
        "ebitdaratio": 0.6534339752,
        "operatingIncome": 184012000,
        "operatingIncomeRatio": 0.5818800457,
        "totalOtherIncomeExpensesNet": 12804000,
        "incomeBeforeTax": 196816000,
        "incomeBeforeTaxRatio": 0.6223686665,
        "incomeTaxExpense": 0,
        "netIncome": 195228000,
        "netIncomeRatio": 0.6173471162,
        "eps": 1.14,
        "epsdiluted": 1.14,
        "weightedAverageShsOut": 171312140,
        "weightedAverageShsOutDil": 171671000,
        "link": "https://www.sec.gov/Archives/edgar/data/910606/000095017022008046/0000950170-22-008046-index.htm",
        "finalLink": "https://www.sec.gov/Archives/edgar/data/910606/000095017022008046/reg-20220331.htm"
    },
    {
        "date": "2021-12-31",
        "symbol": "REG",
        "reportedCurrency": "USD",
        "cik": "0000910606",
        "fillingDate": "2022-02-17",
        "acceptedDate": "2022-02-17 16:03:13",
        "calendarYear": "2021",
        "period": "Q4",
        "revenue": 308286000,
        "costOfRevenue": 83674000,
        "grossProfit": 224612000,
        "grossProfitRatio": 0.7285831987,
        "researchAndDevelopmentExpenses": 0,
        "generalAndAdministrativeExpenses": 19955000,
        "sellingAndMarketingExpenses": 0,
        "sellingGeneralAndAdministrativeExpenses": 19955000,
        "otherExpenses": 0,
        "operatingExpenses": 19955000,
        "costAndExpenses": 103629000,
        "interestIncome": 161000,
        "interestExpense": 36480000,
        "depreciationAndAmortization": 70704000,
        "ebitda": 196844000,
        "ebitdaratio": 0.638510993,
        "operatingIncome": 204657000,
        "operatingIncomeRatio": 0.663854343,
        "totalOtherIncomeExpensesNet": -134731000,
        "incomeBeforeTax": 69926000,
        "incomeBeforeTaxRatio": 0.2268218472,
        "incomeTaxExpense": 943000,
        "netIncome": 67859000,
        "netIncomeRatio": 0.2201170342,
        "eps": 0.39,
        "epsdiluted": 0.39,
        "weightedAverageShsOut": 171866293,
        "weightedAverageShsOutDil": 171866000,
        "link": "https://www.sec.gov/Archives/edgar/data/910606/000095017022001418/0000950170-22-001418-index.htm",
        "finalLink": "https://www.sec.gov/Archives/edgar/data/910606/000095017022001418/reg-20211231.htm"
    },
    {
        "date": "2021-09-30",
        "symbol": "REG",
        "reportedCurrency": "USD",
        "cik": "0000910606",
        "fillingDate": "2021-11-05",
        "acceptedDate": "2021-11-05 12:43:26",
        "calendarYear": "2021",
        "period": "Q3",
        "revenue": 321618000,
        "costOfRevenue": 79247000,
        "grossProfit": 242371000,
        "grossProfitRatio": 0.7535989901,
        "researchAndDevelopmentExpenses": 0,
        "generalAndAdministrativeExpenses": 17789000,
        "sellingAndMarketingExpenses": 0,
        "sellingGeneralAndAdministrativeExpenses": 17789000,
        "otherExpenses": 0,
        "operatingExpenses": 17789000,
        "costAndExpenses": 97036000,
        "interestIncome": 155000,
        "interestExpense": 36039000,
        "depreciationAndAmortization": 69389000,
        "ebitda": 217700000,
        "ebitdaratio": 0.6768899751,
        "operatingIncome": 224582000,
        "operatingIncomeRatio": 0.6982880311,
        "totalOtherIncomeExpensesNet": -105734000,
        "incomeBeforeTax": 118848000,
        "incomeBeforeTaxRatio": 0.3695315561,
        "incomeTaxExpense": 0,
        "netIncome": 117406000,
        "netIncomeRatio": 0.3650479762,
        "eps": 0.69,
        "epsdiluted": 0.69,
        "weightedAverageShsOut": 170153623,
        "weightedAverageShsOutDil": 170589000,
        "link": "https://www.sec.gov/Archives/edgar/data/910606/000095017021003194/0000950170-21-003194-index.htm",
        "finalLink": "https://www.sec.gov/Archives/edgar/data/910606/000095017021003194/reg-20210930.htm"
    },
    {
        "date": "2021-06-30",
        "symbol": "REG",
        "reportedCurrency": "USD",
        "cik": "0000910606",
        "fillingDate": "2021-08-06",
        "acceptedDate": "2021-08-06 13:47:58",
        "calendarYear": "2021",
        "period": "Q2",
        "revenue": 287594000,
        "costOfRevenue": 82013000,
        "grossProfit": 205581000,
        "grossProfitRatio": 0.7148306293,
        "researchAndDevelopmentExpenses": 0,
        "generalAndAdministrativeExpenses": 19187000,
        "sellingAndMarketingExpenses": 0,
        "sellingGeneralAndAdministrativeExpenses": 19187000,
        "otherExpenses": 0,
        "operatingExpenses": 19187000,
        "costAndExpenses": 101200000,
        "interestIncome": 150000,
        "interestExpense": 35853000,
        "depreciationAndAmortization": 68619000,
        "ebitda": 179619000,
        "ebitdaratio": 0.624557536,
        "operatingIncome": 186394000,
        "operatingIncomeRatio": 0.6481150511,
        "totalOtherIncomeExpensesNet": -89562000,
        "incomeBeforeTax": 96832000,
        "incomeBeforeTaxRatio": 0.3366968713,
        "incomeTaxExpense": 0,
        "netIncome": 95490000,
        "netIncomeRatio": 0.3320305709,
        "eps": 0.56,
        "epsdiluted": 0.56,
        "weightedAverageShsOut": 170517857,
        "weightedAverageShsOutDil": 170172000,
        "link": "https://www.sec.gov/Archives/edgar/data/910606/000156459021042045/0001564590-21-042045-index.htm",
        "finalLink": "https://www.sec.gov/Archives/edgar/data/910606/000156459021042045/reg-10q_20210630.htm"
    },
    {
        "date": "2021-03-31",
        "symbol": "REG",
        "reportedCurrency": "USD",
        "cik": "0000910606",
        "fillingDate": "2021-05-07",
        "acceptedDate": "2021-05-07 13:57:46",
        "calendarYear": "2021",
        "period": "Q1",
        "revenue": 286369000,
        "costOfRevenue": 81748000,
        "grossProfit": 204621000,
        "grossProfitRatio": 0.7145361404,
        "researchAndDevelopmentExpenses": 0,
        "generalAndAdministrativeExpenses": 21287000,
        "sellingAndMarketingExpenses": 0,
        "sellingGeneralAndAdministrativeExpenses": 21287000,
        "otherExpenses": 0,
        "operatingExpenses": 21287000,
        "costAndExpenses": 103035000,
        "interestIncome": 158000,
        "interestExpense": 36985000,
        "depreciationAndAmortization": 71683000,
        "ebitda": 177060000,
        "ebitdaratio": 0.6182931812,
        "operatingIncome": 183334000,
        "operatingIncomeRatio": 0.6402019772,
        "totalOtherIncomeExpensesNet": -101709000,
        "incomeBeforeTax": 81625000,
        "incomeBeforeTaxRatio": 0.2850343438,
        "incomeTaxExpense": 0,
        "netIncome": 80656000,
        "netIncomeRatio": 0.2816505977,
        "eps": 0.48,
        "epsdiluted": 0.47,
        "weightedAverageShsOut": 171608510,
        "weightedAverageShsOutDil": 170006000,
        "link": "https://www.sec.gov/Archives/edgar/data/910606/000156459021025450/0001564590-21-025450-index.htm",
        "finalLink": "https://www.sec.gov/Archives/edgar/data/910606/000156459021025450/reg-10q_20210331.htm"
    },
    {
        "date": "2020-12-31",
        "symbol": "REG",
        "reportedCurrency": "USD",
        "cik": "0000910606",
        "fillingDate": "2021-02-17",
        "acceptedDate": "2021-02-17 16:27:44",
        "calendarYear": "2020",
        "period": "Q4",
        "revenue": 267858000,
        "costOfRevenue": 80713000,
        "grossProfit": 187145000,
        "grossProfitRatio": 0.6986724309,
        "researchAndDevelopmentExpenses": 0,
        "generalAndAdministrativeExpenses": 20512000,
        "sellingAndMarketingExpenses": 0,
        "sellingGeneralAndAdministrativeExpenses": 20512000,
        "otherExpenses": 0,
        "operatingExpenses": 20512000,
        "costAndExpenses": 101225000,
        "interestIncome": 228000,
        "interestExpense": 38191000,
        "depreciationAndAmortization": 76046000,
        "ebitda": 147968000,
        "ebitdaratio": 0.5524120989,
        "operatingIncome": 166633000,
        "operatingIncomeRatio": 0.6220945426,
        "totalOtherIncomeExpensesNet": -127772000,
        "incomeBeforeTax": 38861000,
        "incomeBeforeTaxRatio": 0.1450806024,
        "incomeTaxExpense": -355000,
        "netIncome": 38487000,
        "netIncomeRatio": 0.1436843402,
        "eps": 0.23,
        "epsdiluted": 0.22,
        "weightedAverageShsOut": 175458511,
        "weightedAverageShsOutDil": 169980000,
        "link": "https://www.sec.gov/Archives/edgar/data/910606/000156459021006390/0001564590-21-006390-index.htm",
        "finalLink": "https://www.sec.gov/Archives/edgar/data/910606/000156459021006390/reg-10k_20201231.htm"
    },
    {
        "date": "2020-09-30",
        "symbol": "REG",
        "reportedCurrency": "USD",
        "cik": "0000910606",
        "fillingDate": "2020-11-06",
        "acceptedDate": "2020-11-06 12:19:48",
        "calendarYear": "2020",
        "period": "Q3",
        "revenue": 251060000,
        "costOfRevenue": 77283000,
        "grossProfit": 173777000,
        "grossProfitRatio": 0.6921731857,
        "researchAndDevelopmentExpenses": 0,
        "generalAndAdministrativeExpenses": 19582000,
        "sellingAndMarketingExpenses": 0,
        "sellingGeneralAndAdministrativeExpenses": 19582000,
        "otherExpenses": 0,
        "operatingExpenses": 19582000,
        "costAndExpenses": 96865000,
        "interestIncome": 255000,
        "interestExpense": 40026000,
        "depreciationAndAmortization": 77417000,
        "ebitda": 145596000,
        "ebitdaratio": 0.5799251175,
        "operatingIncome": 154195000,
        "operatingIncomeRatio": 0.6141758942,
        "totalOtherIncomeExpensesNet": -140885000,
        "incomeBeforeTax": 13310000,
        "incomeBeforeTaxRatio": 0.0530152155,
        "incomeTaxExpense": 0,
        "netIncome": 12688000,
        "netIncomeRatio": 0.0505377201,
        "eps": 0.0748,
        "epsdiluted": 0.07,
        "weightedAverageShsOut": 181257142,
        "weightedAverageShsOutDil": 169970000,
        "link": "https://www.sec.gov/Archives/edgar/data/910606/000156459020051795/0001564590-20-051795-index.htm",
        "finalLink": "https://www.sec.gov/Archives/edgar/data/910606/000156459020051795/reg-10q_20200930.htm"
    },
    {
        "date": "2020-06-30",
        "symbol": "REG",
        "reportedCurrency": "USD",
        "cik": "0000910606",
        "fillingDate": "2020-08-04",
        "acceptedDate": "2020-08-04 13:17:13",
        "calendarYear": "2020",
        "period": "Q2",
        "revenue": 233937000,
        "costOfRevenue": 76825000,
        "grossProfit": 157112000,
        "grossProfitRatio": 0.6715996187,
        "researchAndDevelopmentExpenses": 0,
        "generalAndAdministrativeExpenses": 21202000,
        "sellingAndMarketingExpenses": 0,
        "sellingGeneralAndAdministrativeExpenses": 21202000,
        "otherExpenses": 0,
        "operatingExpenses": 21202000,
        "costAndExpenses": 98027000,
        "interestIncome": 575000,
        "interestExpense": 39404000,
        "depreciationAndAmortization": 75062000,
        "ebitda": 123434000,
        "ebitdaratio": 0.5276377828,
        "operatingIncome": 135910000,
        "operatingIncomeRatio": 0.5809683804,
        "totalOtherIncomeExpensesNet": -116336000,
        "incomeBeforeTax": 19574000,
        "incomeBeforeTaxRatio": 0.0836720998,
        "incomeTaxExpense": 0,
        "netIncome": 19046000,
        "netIncomeRatio": 0.0814150818,
        "eps": 0.11,
        "epsdiluted": 0.11,
        "weightedAverageShsOut": 173145454,
        "weightedAverageShsOutDil": 169971000,
        "link": "https://www.sec.gov/Archives/edgar/data/910606/000156459020035935/0001564590-20-035935-index.htm",
        "finalLink": "https://www.sec.gov/Archives/edgar/data/910606/000156459020035935/reg-10q_20200630.htm"
    },
    {
        "date": "2020-03-31",
        "symbol": "REG",
        "reportedCurrency": "USD",
        "cik": "0000910606",
        "fillingDate": "2020-05-08",
        "acceptedDate": "2020-05-08 12:48:31",
        "calendarYear": "2020",
        "period": "Q1",
        "revenue": 295076000,
        "costOfRevenue": 78256000,
        "grossProfit": 216820000,
        "grossProfitRatio": 0.7347937481,
        "researchAndDevelopmentExpenses": 0,
        "generalAndAdministrativeExpenses": 13705000,
        "sellingAndMarketingExpenses": 0,
        "sellingGeneralAndAdministrativeExpenses": 13705000,
        "otherExpenses": 0,
        "operatingExpenses": 13705000,
        "costAndExpenses": 91961000,
        "interestIncome": 542000,
        "interestExpense": 36328000,
        "depreciationAndAmortization": 76835000,
        "ebitda": 189318000,
        "ebitdaratio": 0.6415906411,
        "operatingIncome": 203115000,
        "operatingIncomeRatio": 0.6883480866,
        "totalOtherIncomeExpensesNet": -227898000,
        "incomeBeforeTax": -24783000,
        "incomeBeforeTaxRatio": -0.0839885318,
        "incomeTaxExpense": 0,
        "netIncome": -25332000,
        "netIncomeRatio": -0.0858490694,
        "eps": -0.15,
        "epsdiluted": -0.15,
        "weightedAverageShsOut": 167908370,
        "weightedAverageShsOutDil": 167908000,
        "link": "https://www.sec.gov/Archives/edgar/data/910606/000156459020023379/0001564590-20-023379-index.htm",
        "finalLink": "https://www.sec.gov/Archives/edgar/data/910606/000156459020023379/reg-10q_20200331.htm"
    },
    {
        "date": "2019-12-31",
        "symbol": "REG",
        "reportedCurrency": "USD",
        "cik": "0000910606",
        "fillingDate": "2020-02-18",
        "acceptedDate": "2020-02-14 19:43:33",
        "calendarYear": "2019",
        "period": "Q4",
        "revenue": 283193000,
        "costOfRevenue": 79790000,
        "grossProfit": 203403000,
        "grossProfitRatio": 0.7182486855,
        "researchAndDevelopmentExpenses": 0,
        "generalAndAdministrativeExpenses": 18262000,
        "sellingAndMarketingExpenses": 0,
        "sellingGeneralAndAdministrativeExpenses": 18262000,
        "otherExpenses": 0,
        "operatingExpenses": 18262000,
        "costAndExpenses": 98052000,
        "interestIncome": 201000,
        "interestExpense": 36637000,
        "depreciationAndAmortization": 77973000,
        "ebitda": 168899000,
        "ebitdaratio": 0.5964095158,
        "operatingIncome": 185141000,
        "operatingIncomeRatio": 0.6537626283,
        "totalOtherIncomeExpensesNet": -143253000,
        "incomeBeforeTax": 41888000,
        "incomeBeforeTaxRatio": 0.1479132606,
        "incomeTaxExpense": 757000,
        "netIncome": 40291000,
        "netIncomeRatio": 0.1422739969,
        "eps": 0.24,
        "epsdiluted": 0.24,
        "weightedAverageShsOut": 168313977,
        "weightedAverageShsOutDil": 167892000,
        "link": "https://www.sec.gov/Archives/edgar/data/910606/000156459020004859/0001564590-20-004859-index.htm",
        "finalLink": "https://www.sec.gov/Archives/edgar/data/910606/000156459020004859/reg-10k_20191231.htm"
    },
    {
        "date": "2019-09-30",
        "symbol": "REG",
        "reportedCurrency": "USD",
        "cik": "0000910606",
        "fillingDate": "2019-11-04",
        "acceptedDate": "2019-11-04 16:40:05",
        "calendarYear": "2019",
        "period": "Q3",
        "revenue": 292893000,
        "costOfRevenue": 75296000,
        "grossProfit": 217597000,
        "grossProfitRatio": 0.7429231836,
        "researchAndDevelopmentExpenses": 0,
        "generalAndAdministrativeExpenses": 16704999,
        "sellingAndMarketingExpenses": 0,
        "sellingGeneralAndAdministrativeExpenses": 16704999,
        "otherExpenses": 0,
        "operatingExpenses": 16704999,
        "costAndExpenses": 92000999,
        "interestIncome": 220000,
        "interestExpense": 36823000,
        "depreciationAndAmortization": 81156000,
        "ebitda": 188373000,
        "ebitdaratio": 0.6431461319,
        "operatingIncome": 200892000,
        "operatingIncomeRatio": 0.6858887034,
        "totalOtherIncomeExpensesNet": -142948000,
        "incomeBeforeTax": 57944000,
        "incomeBeforeTaxRatio": 0.1978333385,
        "incomeTaxExpense": 0,
        "netIncome": 56965000,
        "netIncomeRatio": 0.1944908209,
        "eps": 0.34,
        "epsdiluted": 0.34,
        "weightedAverageShsOut": 167559395,
        "weightedAverageShsOutDil": 167944000,
        "link": "https://www.sec.gov/Archives/edgar/data/910606/000156459019039836/0001564590-19-039836-index.htm",
        "finalLink": "https://www.sec.gov/Archives/edgar/data/910606/000156459019039836/reg-10q_20190930.htm"
    },
    {
        "date": "2019-06-30",
        "symbol": "REG",
        "reportedCurrency": "USD",
        "cik": "0000910606",
        "fillingDate": "2019-08-06",
        "acceptedDate": "2019-08-06 17:05:25",
        "calendarYear": "2019",
        "period": "Q2",
        "revenue": 271501000,
        "costOfRevenue": 76266000,
        "grossProfit": 195235000,
        "grossProfitRatio": 0.7190949573,
        "researchAndDevelopmentExpenses": 0,
        "generalAndAdministrativeExpenses": 18717000,
        "sellingAndMarketingExpenses": 0,
        "sellingGeneralAndAdministrativeExpenses": 18717000,
        "otherExpenses": 0,
        "operatingExpenses": 18717000,
        "costAndExpenses": 94983000,
        "interestIncome": 244000,
        "interestExpense": 35268000,
        "depreciationAndAmortization": 87183000,
        "ebitda": 168579000,
        "ebitdaratio": 0.6209148401,
        "operatingIncome": 176518000,
        "operatingIncomeRatio": 0.6501559847,
        "totalOtherIncomeExpensesNet": -123828000,
        "incomeBeforeTax": 52690000,
        "incomeBeforeTaxRatio": 0.1940692668,
        "incomeTaxExpense": 0,
        "netIncome": 51728000,
        "netIncomeRatio": 0.1905260017,
        "eps": 0.31,
        "epsdiluted": 0.31,
        "weightedAverageShsOut": 167537367,
        "weightedAverageShsOutDil": 167766000,
        "link": "https://www.sec.gov/Archives/edgar/data/910606/000156459019029450/0001564590-19-029450-index.htm",
        "finalLink": "https://www.sec.gov/Archives/edgar/data/910606/000156459019029450/reg-10q_20190630.htm"
    },
    {
        "date": "2019-03-31",
        "symbol": "REG",
        "reportedCurrency": "USD",
        "cik": "0000910606",
        "fillingDate": "2019-05-10",
        "acceptedDate": "2019-05-10 12:03:07",
        "calendarYear": "2019",
        "period": "Q1",
        "revenue": 317085000,
        "costOfRevenue": 74793000,
        "grossProfit": 242292000,
        "grossProfitRatio": 0.7641231846,
        "researchAndDevelopmentExpenses": 0,
        "generalAndAdministrativeExpenses": 21300000,
        "sellingAndMarketingExpenses": 0,
        "sellingGeneralAndAdministrativeExpenses": 21300000,
        "otherExpenses": 0,
        "operatingExpenses": 21300000,
        "costAndExpenses": 96093000,
        "interestIncome": 404000,
        "interestExpense": 36041000,
        "depreciationAndAmortization": 84104000,
        "ebitda": 206768000,
        "ebitdaratio": 0.6520901336,
        "operatingIncome": 220992000,
        "operatingIncomeRatio": 0.6969487677,
        "totalOtherIncomeExpensesNet": -129499000,
        "incomeBeforeTax": 91493000,
        "incomeBeforeTaxRatio": 0.2885440812,
        "incomeTaxExpense": 0,
        "netIncome": 90446000,
        "netIncomeRatio": 0.2852421275,
        "eps": 0.54,
        "epsdiluted": 0.54,
        "weightedAverageShsOut": 167456620,
        "weightedAverageShsOutDil": 167792000,
        "link": "https://www.sec.gov/Archives/edgar/data/910606/000091060619000014/0000910606-19-000014-index.htm",
        "finalLink": "https://www.sec.gov/Archives/edgar/data/910606/000091060619000014/reg10-q033119.htm"
    },
    {
        "date": "2018-12-31",
        "symbol": "REG",
        "reportedCurrency": "USD",
        "cik": "0000910606",
        "fillingDate": "2019-02-21",
        "acceptedDate": "2019-02-21 17:28:17",
        "calendarYear": "2018",
        "period": "Q4",
        "revenue": 294378000,
        "costOfRevenue": 83870000,
        "grossProfit": 210508000,
        "grossProfitRatio": 0.7150941986,
        "researchAndDevelopmentExpenses": 0,
        "generalAndAdministrativeExpenses": 13544000,
        "sellingAndMarketingExpenses": 0,
        "sellingGeneralAndAdministrativeExpenses": 13544000,
        "otherExpenses": -12387000,
        "operatingExpenses": 1157000,
        "costAndExpenses": 85027000,
        "interestIncome": 218000,
        "interestExpense": 35095000,
        "depreciationAndAmortization": 85577000,
        "ebitda": 186404000,
        "ebitdaratio": 0.6332130798,
        "operatingIncome": 209351000,
        "operatingIncomeRatio": 0.7111638777,
        "totalOtherIncomeExpensesNet": -129614000,
        "incomeBeforeTax": 79737000,
        "incomeBeforeTaxRatio": 0.2708660294,
        "incomeTaxExpense": 0,
        "netIncome": 78905000,
        "netIncomeRatio": 0.2680397312,
        "eps": 0.46,
        "epsdiluted": 0.46,
        "weightedAverageShsOut": 171417088,
        "weightedAverageShsOutDil": 169842000,
        "link": "https://www.sec.gov/Archives/edgar/data/910606/000091060619000006/0000910606-19-000006-index.htm",
        "finalLink": "https://www.sec.gov/Archives/edgar/data/910606/000091060619000006/reg10-k123118.htm"
    },
    {
        "date": "2018-09-30",
        "symbol": "REG",
        "reportedCurrency": "USD",
        "cik": "0000910606",
        "fillingDate": "2018-11-05",
        "acceptedDate": "2018-11-05 16:18:42",
        "calendarYear": "2018",
        "period": "Q3",
        "revenue": 288334000,
        "costOfRevenue": 75686000,
        "grossProfit": 212648000,
        "grossProfitRatio": 0.7375058092,
        "researchAndDevelopmentExpenses": 0,
        "generalAndAdministrativeExpenses": 17564000,
        "sellingAndMarketingExpenses": 0,
        "sellingGeneralAndAdministrativeExpenses": 17564000,
        "otherExpenses": 0,
        "operatingExpenses": 17564000,
        "costAndExpenses": 93250000,
        "interestIncome": 458000,
        "interestExpense": 34974000,
        "depreciationAndAmortization": 82478000,
        "ebitda": 186334000,
        "ebitdaratio": 0.6462435925,
        "operatingIncome": 195084000,
        "operatingIncomeRatio": 0.6765903431,
        "totalOtherIncomeExpensesNet": -124550000,
        "incomeBeforeTax": 70534000,
        "incomeBeforeTaxRatio": 0.244626024,
        "incomeTaxExpense": 0,
        "netIncome": 69722000,
        "netIncomeRatio": 0.2418098455,
        "eps": 0.41,
        "epsdiluted": 0.41,
        "weightedAverageShsOut": 170053658,
        "weightedAverageShsOutDil": 169839000,
        "link": "https://www.sec.gov/Archives/edgar/data/910606/000091060618000034/0000910606-18-000034-index.htm",
        "finalLink": "https://www.sec.gov/Archives/edgar/data/910606/000091060618000034/reg10-q093018.htm"
    },
    {
        "date": "2018-06-30",
        "symbol": "REG",
        "reportedCurrency": "USD",
        "cik": "0000910606",
        "fillingDate": "2018-08-03",
        "acceptedDate": "2018-08-03 16:12:25",
        "calendarYear": "2018",
        "period": "Q2",
        "revenue": 290586000,
        "costOfRevenue": 73392000,
        "grossProfit": 217194000,
        "grossProfitRatio": 0.7474344944,
        "researchAndDevelopmentExpenses": 0,
        "generalAndAdministrativeExpenses": 16776000,
        "sellingAndMarketingExpenses": 0,
        "sellingGeneralAndAdministrativeExpenses": 16776000,
        "otherExpenses": 0,
        "operatingExpenses": 16776000,
        "costAndExpenses": 90168000,
        "interestIncome": 160000,
        "interestExpense": 36132000,
        "depreciationAndAmortization": 77959000,
        "ebitda": 186473000,
        "ebitdaratio": 0.6417136407,
        "operatingIncome": 200418000,
        "operatingIncomeRatio": 0.6897028763,
        "totalOtherIncomeExpensesNet": -151829000,
        "incomeBeforeTax": 48589000,
        "incomeBeforeTaxRatio": 0.1672103955,
        "incomeTaxExpense": 0,
        "netIncome": 47841000,
        "netIncomeRatio": 0.1646362867,
        "eps": 0.28,
        "epsdiluted": 0.28,
        "weightedAverageShsOut": 170860714,
        "weightedAverageShsOutDil": 169682000,
        "link": "https://www.sec.gov/Archives/edgar/data/910606/000091060618000030/0000910606-18-000030-index.htm",
        "finalLink": "https://www.sec.gov/Archives/edgar/data/910606/000091060618000030/reg10-q063018.htm"
    },
    {
        "date": "2018-03-31",
        "symbol": "REG",
        "reportedCurrency": "USD",
        "cik": "0000910606",
        "fillingDate": "2018-05-07",
        "acceptedDate": "2018-05-07 12:06:47",
        "calendarYear": "2018",
        "period": "Q1",
        "revenue": 287042000,
        "costOfRevenue": 72941000,
        "grossProfit": 214101000,
        "grossProfitRatio": 0.7458873614,
        "researchAndDevelopmentExpenses": 0,
        "generalAndAdministrativeExpenses": 17606000,
        "sellingAndMarketingExpenses": 0,
        "sellingGeneralAndAdministrativeExpenses": 17606000,
        "otherExpenses": 0,
        "operatingExpenses": 17606000,
        "costAndExpenses": 90547000,
        "interestIncome": 394000,
        "interestExpense": 35077000,
        "depreciationAndAmortization": 80344000,
        "ebitda": 186682000,
        "ebitdaratio": 0.650364755,
        "operatingIncome": 196495000,
        "operatingIncomeRatio": 0.6845513897,
        "totalOtherIncomeExpensesNet": -143030000,
        "incomeBeforeTax": 53465000,
        "incomeBeforeTaxRatio": 0.1862619408,
        "incomeTaxExpense": 0,
        "netIncome": 52660000,
        "netIncomeRatio": 0.1834574731,
        "eps": 0.31,
        "epsdiluted": 0.31,
        "weightedAverageShsOut": 170704113,
        "weightedAverageShsOutDil": 170959000,
        "link": "https://www.sec.gov/Archives/edgar/data/910606/000091060618000021/0000910606-18-000021-index.htm",
        "finalLink": "https://www.sec.gov/Archives/edgar/data/910606/000091060618000021/reg10-q033118.htm"
    },
    {
        "date": "2017-12-31",
        "symbol": "REG",
        "reportedCurrency": "USD",
        "cik": "0000910606",
        "fillingDate": "2018-02-27",
        "acceptedDate": "2018-02-27 12:21:36",
        "calendarYear": "2017",
        "period": "Q4",
        "revenue": 273396000,
        "costOfRevenue": 70189000,
        "grossProfit": 203207000,
        "grossProfitRatio": 0.7432698357,
        "researchAndDevelopmentExpenses": 0,
        "generalAndAdministrativeExpenses": 18006000,
        "sellingAndMarketingExpenses": 0,
        "sellingGeneralAndAdministrativeExpenses": 18006000,
        "otherExpenses": 147425000,
        "operatingExpenses": 165431000,
        "costAndExpenses": 235620000,
        "interestIncome": 359000,
        "interestExpense": 33600000,
        "depreciationAndAmortization": 86084000,
        "ebitda": 178337000,
        "ebitdaratio": 0.6523028867,
        "operatingIncome": 37776000,
        "operatingIncomeRatio": 0.1381731993,
        "totalOtherIncomeExpensesNet": 38428000,
        "incomeBeforeTax": 76204000,
        "incomeBeforeTaxRatio": 0.2787312177,
        "incomeTaxExpense": 9737000,
        "netIncome": 85139000,
        "netIncomeRatio": 0.3114127493,
        "eps": 0.5,
        "epsdiluted": 0.5,
        "weightedAverageShsOut": 171157062,
        "weightedAverageShsOutDil": 170855000,
        "link": "https://www.sec.gov/Archives/edgar/data/910606/000091060618000010/0000910606-18-000010-index.htm",
        "finalLink": "https://www.sec.gov/Archives/edgar/data/910606/000091060618000010/reg10-k123117.htm"
    },
    {
        "date": "2017-09-30",
        "symbol": "REG",
        "reportedCurrency": "USD",
        "cik": "0000910606",
        "fillingDate": "2017-11-06",
        "acceptedDate": "2017-11-06 13:49:19",
        "calendarYear": "2017",
        "period": "Q3",
        "revenue": 271062000,
        "costOfRevenue": 67335000,
        "grossProfit": 203727000,
        "grossProfitRatio": 0.7515881975,
        "researchAndDevelopmentExpenses": 0,
        "generalAndAdministrativeExpenses": 15199000,
        "sellingAndMarketingExpenses": 0,
        "sellingGeneralAndAdministrativeExpenses": 15199000,
        "otherExpenses": 125077000,
        "operatingExpenses": 140276000,
        "costAndExpenses": 207611000,
        "interestIncome": 486000,
        "interestExpense": 33063000,
        "depreciationAndAmortization": 84372000,
        "ebitda": 178231000,
        "ebitdaratio": 0.6575285359,
        "operatingIncome": 63451000,
        "operatingIncomeRatio": 0.2340829773,
        "totalOtherIncomeExpensesNet": 131000,
        "incomeBeforeTax": 63582000,
        "incomeBeforeTaxRatio": 0.2345662616,
        "incomeTaxExpense": 0,
        "netIncome": 62813000,
        "netIncomeRatio": 0.2317292723,
        "eps": 0.35,
        "epsdiluted": 0.35,
        "weightedAverageShsOut": 179465714,
        "weightedAverageShsOutDil": 170466000,
        "link": "https://www.sec.gov/Archives/edgar/data/910606/000091060617000023/0000910606-17-000023-index.htm",
        "finalLink": "https://www.sec.gov/Archives/edgar/data/910606/000091060617000023/reg10-q093017.htm"
    },
    {
        "date": "2017-06-30",
        "symbol": "REG",
        "reportedCurrency": "USD",
        "cik": "0000910606",
        "fillingDate": "2017-08-08",
        "acceptedDate": "2017-08-08 15:37:40",
        "calendarYear": "2017",
        "period": "Q2",
        "revenue": 271145000,
        "costOfRevenue": 64976000,
        "grossProfit": 206169000,
        "grossProfitRatio": 0.7603643807,
        "researchAndDevelopmentExpenses": 0,
        "generalAndAdministrativeExpenses": 16745999,
        "sellingAndMarketingExpenses": 0,
        "sellingGeneralAndAdministrativeExpenses": 16745999,
        "otherExpenses": 143616000,
        "operatingExpenses": 160362000,
        "costAndExpenses": 225338000,
        "interestIncome": 277000,
        "interestExpense": 33582000,
        "depreciationAndAmortization": 84032000,
        "ebitda": 178463000,
        "ebitdaratio": 0.6581828911,
        "operatingIncome": 45807000,
        "operatingIncomeRatio": 0.1689391285,
        "totalOtherIncomeExpensesNet": 4366000,
        "incomeBeforeTax": 50173000,
        "incomeBeforeTaxRatio": 0.1850412141,
        "incomeTaxExpense": 0,
        "netIncome": 49493000,
        "netIncomeRatio": 0.1825333309,
        "eps": 0.28,
        "epsdiluted": 0.28,
        "weightedAverageShsOut": 176760714,
        "weightedAverageShsOutDil": 170420000,
        "link": "https://www.sec.gov/Archives/edgar/data/910606/000091060617000019/0000910606-17-000019-index.htm",
        "finalLink": "https://www.sec.gov/Archives/edgar/data/910606/000091060617000019/reg10-q063017.htm"
    },
    {
        "date": "2017-03-31",
        "symbol": "REG",
        "reportedCurrency": "USD",
        "cik": "0000910606",
        "fillingDate": "2017-05-10",
        "acceptedDate": "2017-05-10 15:58:06",
        "calendarYear": "2017",
        "period": "Q1",
        "revenue": 205473000,
        "costOfRevenue": 51213000,
        "grossProfit": 154260000,
        "grossProfitRatio": 0.7507555737,
        "researchAndDevelopmentExpenses": 0,
        "generalAndAdministrativeExpenses": 17673000,
        "sellingAndMarketingExpenses": 0,
        "sellingGeneralAndAdministrativeExpenses": 17673000,
        "otherExpenses": 167009000,
        "operatingExpenses": 184682000,
        "costAndExpenses": 235895000,
        "interestIncome": 689000,
        "interestExpense": 25786000,
        "depreciationAndAmortization": 56568999,
        "ebitda": 131390999,
        "ebitdaratio": 0.6394562741,
        "operatingIncome": -30422000,
        "operatingIncomeRatio": -0.1480583824,
        "totalOtherIncomeExpensesNet": 9757000,
        "incomeBeforeTax": -20665000,
        "incomeBeforeTaxRatio": -0.1005728247,
        "incomeTaxExpense": 50000,
        "netIncome": -21367000,
        "netIncomeRatio": -0.1039893319,
        "eps": -0.26,
        "epsdiluted": -0.26,
        "weightedAverageShsOut": 81453017,
        "weightedAverageShsOutDil": 126649000,
        "link": "https://www.sec.gov/Archives/edgar/data/910606/000091060617000012/0000910606-17-000012-index.htm",
        "finalLink": "https://www.sec.gov/Archives/edgar/data/910606/000091060617000012/reg10-q033117.htm"
    },
    {
        "date": "2016-12-31",
        "symbol": "REG",
        "reportedCurrency": "USD",
        "cik": "0000910606",
        "fillingDate": "2017-02-27",
        "acceptedDate": "2017-02-27 15:41:52",
        "calendarYear": "2016",
        "period": "Q4",
        "revenue": 144458000,
        "costOfRevenue": 41953000,
        "grossProfit": 102505000,
        "grossProfitRatio": 0.7095834083,
        "researchAndDevelopmentExpenses": 0,
        "generalAndAdministrativeExpenses": 16632000,
        "sellingAndMarketingExpenses": 0,
        "sellingGeneralAndAdministrativeExpenses": 16632000,
        "otherExpenses": 105057000,
        "operatingExpenses": 121689000,
        "costAndExpenses": 163642000,
        "interestIncome": 256000,
        "interestExpense": 18376000,
        "depreciationAndAmortization": 41023000,
        "ebitda": 84004000,
        "ebitdaratio": 0.5815115812,
        "operatingIncome": -19184000,
        "operatingIncomeRatio": -0.1327998449,
        "totalOtherIncomeExpensesNet": 80842000,
        "incomeBeforeTax": 61658000,
        "incomeBeforeTaxRatio": 0.4268230212,
        "incomeTaxExpense": 0,
        "netIncome": 61133000,
        "netIncomeRatio": 0.4231887469,
        "eps": 0.53,
        "epsdiluted": 0.53,
        "weightedAverageShsOut": 115185110,
        "weightedAverageShsOutDil": 104971000,
        "link": "https://www.sec.gov/Archives/edgar/data/910606/000091060617000006/0000910606-17-000006-index.htm",
        "finalLink": "https://www.sec.gov/Archives/edgar/data/910606/000091060617000006/reg10-k123116.htm"
    },
    {
        "date": "2016-09-30",
        "symbol": "REG",
        "reportedCurrency": "USD",
        "cik": "0000910606",
        "fillingDate": "2016-11-04",
        "acceptedDate": "2016-11-04 12:20:49",
        "calendarYear": "2016",
        "period": "Q3",
        "revenue": 175415000,
        "costOfRevenue": 40431000,
        "grossProfit": 134984000,
        "grossProfitRatio": 0.7695122994,
        "researchAndDevelopmentExpenses": 0,
        "generalAndAdministrativeExpenses": 16046000,
        "sellingAndMarketingExpenses": 0,
        "sellingGeneralAndAdministrativeExpenses": 16046000,
        "otherExpenses": 117404000,
        "operatingExpenses": 133450000,
        "costAndExpenses": 173881000,
        "interestIncome": 389000,
        "interestExpense": 20527000,
        "depreciationAndAmortization": 39586000,
        "ebitda": 116773000,
        "ebitdaratio": 0.6656956361,
        "operatingIncome": 1534000,
        "operatingIncomeRatio": 0.0087449762,
        "totalOtherIncomeExpensesNet": 9580000,
        "incomeBeforeTax": 11114000,
        "incomeBeforeTaxRatio": 0.0633583217,
        "incomeTaxExpense": 0,
        "netIncome": 10571000,
        "netIncomeRatio": 0.0602628053,
        "eps": 0.0512,
        "epsdiluted": 0.05,
        "weightedAverageShsOut": 211420000,
        "weightedAverageShsOutDil": 104255000,
        "link": "https://www.sec.gov/Archives/edgar/data/910606/000091060616000077/0000910606-16-000077-index.htm",
        "finalLink": "https://www.sec.gov/Archives/edgar/data/910606/000091060616000077/reg10-q093016.htm"
    },
    {
        "date": "2016-06-30",
        "symbol": "REG",
        "reportedCurrency": "USD",
        "cik": "0000910606",
        "fillingDate": "2016-08-05",
        "acceptedDate": "2016-08-05 10:51:37",
        "calendarYear": "2016",
        "period": "Q2",
        "revenue": 163462000,
        "costOfRevenue": 40478000,
        "grossProfit": 122984000,
        "grossProfitRatio": 0.7523705815,
        "researchAndDevelopmentExpenses": 0,
        "generalAndAdministrativeExpenses": 16350000,
        "sellingAndMarketingExpenses": 0,
        "sellingGeneralAndAdministrativeExpenses": 16350000,
        "otherExpenses": 0,
        "operatingExpenses": 16350000,
        "costAndExpenses": 56828000,
        "interestIncome": 251000,
        "interestExpense": 22383000,
        "depreciationAndAmortization": 39474000,
        "ebitda": 103369000,
        "ebitdaratio": 0.6323732733,
        "operatingIncome": 106634000,
        "operatingIncomeRatio": 0.6523473345,
        "totalOtherIncomeExpensesNet": -65990000,
        "incomeBeforeTax": 40644000,
        "incomeBeforeTaxRatio": 0.248644945,
        "incomeTaxExpense": 0,
        "netIncome": 40076000,
        "netIncomeRatio": 0.2451701313,
        "eps": 0.36,
        "epsdiluted": 0.35,
        "weightedAverageShsOut": 114502857,
        "weightedAverageShsOutDil": 98218000,
        "link": "https://www.sec.gov/Archives/edgar/data/910606/000091060616000073/0000910606-16-000073-index.htm",
        "finalLink": "https://www.sec.gov/Archives/edgar/data/910606/000091060616000073/reg10-q063016.htm"
    },
    {
        "date": "2016-03-31",
        "symbol": "REG",
        "reportedCurrency": "USD",
        "cik": "0000910606",
        "fillingDate": "2016-05-06",
        "acceptedDate": "2016-05-06 11:33:25",
        "calendarYear": "2016",
        "period": "Q1",
        "revenue": 162548000,
        "costOfRevenue": 38555000,
        "grossProfit": 123993000,
        "grossProfitRatio": 0.7628085243,
        "researchAndDevelopmentExpenses": 0,
        "generalAndAdministrativeExpenses": 16299000,
        "sellingAndMarketingExpenses": 0,
        "sellingGeneralAndAdministrativeExpenses": 16299000,
        "otherExpenses": 0,
        "operatingExpenses": 16299000,
        "costAndExpenses": 54854000,
        "interestIncome": 283000,
        "interestExpense": 21944000,
        "depreciationAndAmortization": 38365000,
        "ebitda": 105037000,
        "ebitdaratio": 0.6461906637,
        "operatingIncome": 107694000,
        "operatingIncomeRatio": 0.6625366046,
        "totalOtherIncomeExpensesNet": -54117000,
        "incomeBeforeTax": 53577000,
        "incomeBeforeTaxRatio": 0.3296072545,
        "incomeTaxExpense": 0,
        "netIncome": 53143000,
        "netIncomeRatio": 0.3269372739,
        "eps": 0.49,
        "epsdiluted": 0.49,
        "weightedAverageShsOut": 108455102,
        "weightedAverageShsOutDil": 97891000,
        "link": "https://www.sec.gov/Archives/edgar/data/910606/000091060616000063/0000910606-16-000063-index.htm",
        "finalLink": "https://www.sec.gov/Archives/edgar/data/910606/000091060616000063/reg10-q033116.htm"
    },
    {
        "date": "2015-12-31",
        "symbol": "REG",
        "reportedCurrency": "USD",
        "cik": "0000910606",
        "fillingDate": "2016-02-18",
        "acceptedDate": "2016-02-18 13:50:32",
        "calendarYear": "2015",
        "period": "Q4",
        "revenue": 149576000,
        "costOfRevenue": 36872000,
        "grossProfit": 112704000,
        "grossProfitRatio": 0.7534898647,
        "researchAndDevelopmentExpenses": 0,
        "generalAndAdministrativeExpenses": 19373000,
        "sellingAndMarketingExpenses": 0,
        "sellingGeneralAndAdministrativeExpenses": 19373000,
        "otherExpenses": 188120000,
        "operatingExpenses": 207493000,
        "costAndExpenses": 244365000,
        "interestIncome": 777000,
        "interestExpense": 22749000,
        "depreciationAndAmortization": 37232000,
        "ebitda": 91672000,
        "ebitdaratio": 0.6128790715,
        "operatingIncome": -94789000,
        "operatingIncomeRatio": -0.6337179761,
        "totalOtherIncomeExpensesNet": 118328000,
        "incomeBeforeTax": 23539000,
        "incomeBeforeTaxRatio": 0.1573715034,
        "incomeTaxExpense": 0,
        "netIncome": 22875000,
        "netIncomeRatio": 0.1529322886,
        "eps": 0.18,
        "epsdiluted": 0.18,
        "weightedAverageShsOut": 127764031,
        "weightedAverageShsOutDil": 97822222,
        "link": "https://www.sec.gov/Archives/edgar/data/910606/000091060616000047/0000910606-16-000047-index.htm",
        "finalLink": "https://www.sec.gov/Archives/edgar/data/910606/000091060616000047/reg10-k123115.htm"
    },
    {
        "date": "2015-09-30",
        "symbol": "REG",
        "reportedCurrency": "USD",
        "cik": "0000910606",
        "fillingDate": "2015-11-05",
        "acceptedDate": "2015-11-05 13:47:34",
        "calendarYear": "2015",
        "period": "Q3",
        "revenue": 147735000,
        "costOfRevenue": 35805000,
        "grossProfit": 111930000,
        "grossProfitRatio": 0.7576403696,
        "researchAndDevelopmentExpenses": 0,
        "generalAndAdministrativeExpenses": 14750000,
        "sellingAndMarketingExpenses": 0,
        "sellingGeneralAndAdministrativeExpenses": 14750000,
        "otherExpenses": 65201000,
        "operatingExpenses": 79951000,
        "costAndExpenses": 115756000,
        "interestIncome": 284000,
        "interestExpense": 22893000,
        "depreciationAndAmortization": 36717000,
        "ebitda": 94985000,
        "ebitdaratio": 0.6429417538,
        "operatingIncome": 31979000,
        "operatingIncomeRatio": 0.2164619081,
        "totalOtherIncomeExpensesNet": 27755000,
        "incomeBeforeTax": 59734000,
        "incomeBeforeTaxRatio": 0.4043320811,
        "incomeTaxExpense": 0,
        "netIncome": 58997000,
        "netIncomeRatio": 0.399343419,
        "eps": 0.57,
        "epsdiluted": 0.57,
        "weightedAverageShsOut": 103503508,
        "weightedAverageShsOutDil": 94595000,
        "link": "https://www.sec.gov/Archives/edgar/data/910606/000091060615000035/0000910606-15-000035-index.htm",
        "finalLink": "https://www.sec.gov/Archives/edgar/data/910606/000091060615000035/reg10-q093015.htm"
    },
    {
        "date": "2015-06-30",
        "symbol": "REG",
        "reportedCurrency": "USD",
        "cik": "0000910606",
        "fillingDate": "2015-08-06",
        "acceptedDate": "2015-08-06 14:01:00",
        "calendarYear": "2015",
        "period": "Q2",
        "revenue": 147886000,
        "costOfRevenue": 35852000,
        "grossProfit": 112034000,
        "grossProfitRatio": 0.7575700202,
        "researchAndDevelopmentExpenses": 0,
        "generalAndAdministrativeExpenses": 15099000,
        "sellingAndMarketingExpenses": 0,
        "sellingGeneralAndAdministrativeExpenses": 15099000,
        "otherExpenses": 64312000,
        "operatingExpenses": 79411000,
        "costAndExpenses": 115263000,
        "interestIncome": 263000,
        "interestExpense": 24686000,
        "depreciationAndAmortization": 35811000,
        "ebitda": 94742000,
        "ebitdaratio": 0.6406421162,
        "operatingIncome": 32622999,
        "operatingIncomeRatio": 0.2205955871,
        "totalOtherIncomeExpensesNet": 5657000,
        "incomeBeforeTax": 38280000,
        "incomeBeforeTaxRatio": 0.2588480316,
        "incomeTaxExpense": 0,
        "netIncome": 37746000,
        "netIncomeRatio": 0.2552371421,
        "eps": 0.35,
        "epsdiluted": 0.34,
        "weightedAverageShsOut": 111017647,
        "weightedAverageShsOutDil": 94503000,
        "link": "https://www.sec.gov/Archives/edgar/data/910606/000091060615000030/0000910606-15-000030-index.htm",
        "finalLink": "https://www.sec.gov/Archives/edgar/data/910606/000091060615000030/reg10-q063015.htm"
    },
    {
        "date": "2015-03-31",
        "symbol": "REG",
        "reportedCurrency": "USD",
        "cik": "0000910606",
        "fillingDate": "2015-05-07",
        "acceptedDate": "2015-05-07 13:53:45",
        "calendarYear": "2015",
        "period": "Q1",
        "revenue": 145966000,
        "costOfRevenue": 36303000,
        "grossProfit": 109663000,
        "grossProfitRatio": 0.7512913966,
        "researchAndDevelopmentExpenses": 0,
        "generalAndAdministrativeExpenses": 16378000,
        "sellingAndMarketingExpenses": 0,
        "sellingGeneralAndAdministrativeExpenses": 16378000,
        "otherExpenses": 63096000,
        "operatingExpenses": 79474000,
        "costAndExpenses": 115777000,
        "interestIncome": 266000,
        "interestExpense": 24649000,
        "depreciationAndAmortization": 35471000,
        "ebitda": 91598000,
        "ebitdaratio": 0.6275296987,
        "operatingIncome": 30189000,
        "operatingIncomeRatio": 0.2068221367,
        "totalOtherIncomeExpensesNet": 803000,
        "incomeBeforeTax": 30992000,
        "incomeBeforeTaxRatio": 0.2123234178,
        "incomeTaxExpense": 0,
        "netIncome": 30440000,
        "netIncomeRatio": 0.2085417152,
        "eps": 0.27,
        "epsdiluted": 0.27,
        "weightedAverageShsOut": 114271556,
        "weightedAverageShsOutDil": 93907000,
        "link": "https://www.sec.gov/Archives/edgar/data/910606/000091060615000020/0000910606-15-000020-index.htm",
        "finalLink": "https://www.sec.gov/Archives/edgar/data/910606/000091060615000020/reg10-q033115.htm"
    },
    {
        "date": "2014-12-31",
        "symbol": "REG",
        "reportedCurrency": "USD",
        "cik": "0000910606",
        "fillingDate": "2015-02-20",
        "acceptedDate": "2015-02-20 14:02:14",
        "calendarYear": "2014",
        "period": "Q4",
        "revenue": 131467000,
        "costOfRevenue": 34138000,
        "grossProfit": 97329000,
        "grossProfitRatio": 0.740330273,
        "researchAndDevelopmentExpenses": 0,
        "generalAndAdministrativeExpenses": 16359000,
        "sellingAndMarketingExpenses": 0,
        "sellingGeneralAndAdministrativeExpenses": 16359000,
        "otherExpenses": 161031000,
        "operatingExpenses": 177390000,
        "costAndExpenses": 211528000,
        "interestIncome": 309000,
        "interestExpense": 25407000,
        "depreciationAndAmortization": 36650000,
        "ebitda": 79643000,
        "ebitdaratio": 0.6058022165,
        "operatingIncome": -80061000,
        "operatingIncomeRatio": -0.6089817216,
        "totalOtherIncomeExpensesNet": 158253000,
        "incomeBeforeTax": 78192000,
        "incomeBeforeTaxRatio": 0.5947652263,
        "incomeTaxExpense": 996000,
        "netIncome": 78779000,
        "netIncomeRatio": 0.5992302251,
        "eps": 0.79,
        "epsdiluted": 0.79,
        "weightedAverageShsOut": 99727069,
        "weightedAverageShsOutDil": 93055696,
        "link": "https://www.sec.gov/Archives/edgar/data/910606/000091060615000006/0000910606-15-000006-index.htm",
        "finalLink": "https://www.sec.gov/Archives/edgar/data/910606/000091060615000006/reg10-k123114.htm"
    },
    {
        "date": "2014-09-30",
        "symbol": "REG",
        "reportedCurrency": "USD",
        "cik": "0000910606",
        "fillingDate": "2014-11-04",
        "acceptedDate": "2014-11-04 12:22:42",
        "calendarYear": "2014",
        "period": "Q3",
        "revenue": 139272000,
        "costOfRevenue": 32981000,
        "grossProfit": 106291000,
        "grossProfitRatio": 0.7631900167,
        "researchAndDevelopmentExpenses": 0,
        "generalAndAdministrativeExpenses": 14463000,
        "sellingAndMarketingExpenses": 0,
        "sellingGeneralAndAdministrativeExpenses": 14463000,
        "otherExpenses": 65946000,
        "operatingExpenses": 80409000,
        "costAndExpenses": 113390000,
        "interestIncome": 221000,
        "interestExpense": 25522000,
        "depreciationAndAmortization": 35810000,
        "ebitda": 89159000,
        "ebitdaratio": 0.6401789304,
        "operatingIncome": 25882000,
        "operatingIncomeRatio": 0.1858377851,
        "totalOtherIncomeExpensesNet": 27558000,
        "incomeBeforeTax": 53440000,
        "incomeBeforeTaxRatio": 0.3837095755,
        "incomeTaxExpense": 0,
        "netIncome": 53208000,
        "netIncomeRatio": 0.3820437705,
        "eps": 0.52,
        "epsdiluted": 0.52,
        "weightedAverageShsOut": 102813020,
        "weightedAverageShsOutDil": 92396000,
        "link": "https://www.sec.gov/Archives/edgar/data/910606/000091060614000033/0000910606-14-000033-index.htm",
        "finalLink": "https://www.sec.gov/Archives/edgar/data/910606/000091060614000033/reg10-q093014.htm"
    },
    {
        "date": "2014-06-30",
        "symbol": "REG",
        "reportedCurrency": "USD",
        "cik": "0000910606",
        "fillingDate": "2014-08-08",
        "acceptedDate": "2014-08-08 14:33:29",
        "calendarYear": "2014",
        "period": "Q2",
        "revenue": 144165000,
        "costOfRevenue": 34396000,
        "grossProfit": 109769000,
        "grossProfitRatio": 0.7614122707,
        "researchAndDevelopmentExpenses": 0,
        "generalAndAdministrativeExpenses": 15222000,
        "sellingAndMarketingExpenses": 0,
        "sellingGeneralAndAdministrativeExpenses": 15222000,
        "otherExpenses": 64709000,
        "operatingExpenses": 79931000,
        "costAndExpenses": 114327000,
        "interestIncome": 465000,
        "interestExpense": 25559000,
        "depreciationAndAmortization": 35186000,
        "ebitda": 92281000,
        "ebitdaratio": 0.640106822,
        "operatingIncome": 29838000,
        "operatingIncomeRatio": 0.2069711789,
        "totalOtherIncomeExpensesNet": 1325000,
        "incomeBeforeTax": 31163000,
        "incomeBeforeTaxRatio": 0.2161620366,
        "incomeTaxExpense": 0,
        "netIncome": 30748000,
        "netIncomeRatio": 0.2132833906,
        "eps": 0.28,
        "epsdiluted": 0.28,
        "weightedAverageShsOut": 110342748,
        "weightedAverageShsOutDil": 91007142,
        "link": "https://www.sec.gov/Archives/edgar/data/910606/000091060614000029/0000910606-14-000029-index.htm",
        "finalLink": "https://www.sec.gov/Archives/edgar/data/910606/000091060614000029/reg10-q063014.htm"
    },
    {
        "date": "2014-03-31",
        "symbol": "REG",
        "reportedCurrency": "USD",
        "cik": "0000910606",
        "fillingDate": "2014-05-08",
        "acceptedDate": "2014-05-08 14:25:34",
        "calendarYear": "2014",
        "period": "Q1",
        "revenue": 140649000,
        "costOfRevenue": 35304000,
        "grossProfit": 105345000,
        "grossProfitRatio": 0.748992172,
        "researchAndDevelopmentExpenses": 0,
        "generalAndAdministrativeExpenses": 14198000,
        "sellingAndMarketingExpenses": 0,
        "sellingGeneralAndAdministrativeExpenses": 14198000,
        "otherExpenses": 66806000,
        "operatingExpenses": 81004000,
        "costAndExpenses": 116308000,
        "interestIncome": 216000,
        "interestExpense": 24847000,
        "depreciationAndAmortization": 37044000,
        "ebitda": 88112000,
        "ebitdaratio": 0.6264673051,
        "operatingIncome": 24341000,
        "operatingIncomeRatio": 0.1730620196,
        "totalOtherIncomeExpensesNet": 715000,
        "incomeBeforeTax": 25056000,
        "incomeBeforeTaxRatio": 0.1781455965,
        "incomeTaxExpense": 0,
        "netIncome": 24655000,
        "netIncomeRatio": 0.1752945275,
        "eps": 0.21,
        "epsdiluted": 0.21,
        "weightedAverageShsOut": 117983442,
        "weightedAverageShsOutDil": 91961000,
        "link": "https://www.sec.gov/Archives/edgar/data/910606/000091060614000008/0000910606-14-000008-index.htm",
        "finalLink": "https://www.sec.gov/Archives/edgar/data/910606/000091060614000008/reg10-q033114.htm"
    },
    {
        "date": "2013-12-31",
        "symbol": "REG",
        "reportedCurrency": "USD",
        "cik": "0000910606",
        "fillingDate": "2014-02-19",
        "acceptedDate": "2014-02-19 16:51:14",
        "calendarYear": "2013",
        "period": "Q4",
        "revenue": 85073000,
        "costOfRevenue": 33012000,
        "grossProfit": 52061000,
        "grossProfitRatio": 0.6119567901,
        "researchAndDevelopmentExpenses": 0,
        "generalAndAdministrativeExpenses": 13292000,
        "sellingAndMarketingExpenses": 0,
        "sellingGeneralAndAdministrativeExpenses": 13292000,
        "otherExpenses": 0,
        "operatingExpenses": 5660000,
        "costAndExpenses": 38672000,
        "interestIncome": 542000,
        "interestExpense": 26603000,
        "depreciationAndAmortization": 34992000,
        "ebitda": 34523000,
        "ebitdaratio": 0.4058044268,
        "operatingIncome": -469000,
        "operatingIncomeRatio": -0.0055129124,
        "totalOtherIncomeExpensesNet": 21526000,
        "incomeBeforeTax": 21057000,
        "incomeBeforeTaxRatio": 0.2475168385,
        "incomeTaxExpense": 0,
        "netIncome": 15363000,
        "netIncomeRatio": 0.1805860849,
        "eps": 0.17,
        "epsdiluted": 0.17,
        "weightedAverageShsOut": 92712394,
        "weightedAverageShsOutDil": 92652000,
        "link": "https://www.sec.gov/Archives/edgar/data/910606/000091060614000004/0000910606-14-000004-index.htm",
        "finalLink": "https://www.sec.gov/Archives/edgar/data/910606/000091060614000004/reg10-k123113.htm"
    },
    {
        "date": "2013-09-30",
        "symbol": "REG",
        "reportedCurrency": "USD",
        "cik": "0000910606",
        "fillingDate": "2013-11-01",
        "acceptedDate": "2013-11-01 13:00:12",
        "calendarYear": "2013",
        "period": "Q3",
        "revenue": 133580000,
        "costOfRevenue": 30129000,
        "grossProfit": 103451000,
        "grossProfitRatio": 0.7744497679,
        "researchAndDevelopmentExpenses": 0,
        "generalAndAdministrativeExpenses": 15001000,
        "sellingAndMarketingExpenses": 0,
        "sellingGeneralAndAdministrativeExpenses": 15001000,
        "otherExpenses": 0,
        "operatingExpenses": 54592000,
        "costAndExpenses": 84721000,
        "interestIncome": 350000,
        "interestExpense": 26750000,
        "depreciationAndAmortization": 32846000,
        "ebitda": 87649000,
        "ebitdaratio": 0.6561536158,
        "operatingIncome": 54803000,
        "operatingIncomeRatio": 0.4102635125,
        "totalOtherIncomeExpensesNet": -31731000,
        "incomeBeforeTax": 23072000,
        "incomeBeforeTaxRatio": 0.1727204671,
        "incomeTaxExpense": 0,
        "netIncome": 17258000,
        "netIncomeRatio": 0.1291959874,
        "eps": 0.19,
        "epsdiluted": 0.19,
        "weightedAverageShsOut": 91985267,
        "weightedAverageShsOutDil": 92018000,
        "link": "https://www.sec.gov/Archives/edgar/data/910606/000091060613000030/0000910606-13-000030-index.htm",
        "finalLink": "https://www.sec.gov/Archives/edgar/data/910606/000091060613000030/reg10-q093013.htm"
    },
    {
        "date": "2013-06-30",
        "symbol": "REG",
        "reportedCurrency": "USD",
        "cik": "0000910606",
        "fillingDate": "2013-08-02",
        "acceptedDate": "2013-08-02 10:05:21",
        "calendarYear": "2013",
        "period": "Q2",
        "revenue": 128318999,
        "costOfRevenue": 31231000,
        "grossProfit": 97088000,
        "grossProfitRatio": 0.756614381,
        "researchAndDevelopmentExpenses": 0,
        "generalAndAdministrativeExpenses": 14966000,
        "sellingAndMarketingExpenses": 0,
        "sellingGeneralAndAdministrativeExpenses": 14966000,
        "otherExpenses": 0,
        "operatingExpenses": 45947999,
        "costAndExpenses": 77178999,
        "interestIncome": 292000,
        "interestExpense": 27781000,
        "depreciationAndAmortization": 31874000,
        "ebitda": 81335000,
        "ebitdaratio": 0.6338500194,
        "operatingIncome": 49461000,
        "operatingIncomeRatio": 0.3854534433,
        "totalOtherIncomeExpensesNet": -26102000,
        "incomeBeforeTax": 23359000,
        "incomeBeforeTaxRatio": 0.1820385148,
        "incomeTaxExpense": 0,
        "netIncome": 17569000,
        "netIncomeRatio": 0.1369165918,
        "eps": 0.19,
        "epsdiluted": 0.19,
        "weightedAverageShsOut": 91422356,
        "weightedAverageShsOutDil": 91486000,
        "link": "https://www.sec.gov/Archives/edgar/data/910606/000091060613000026/0000910606-13-000026-index.htm",
        "finalLink": "https://www.sec.gov/Archives/edgar/data/910606/000091060613000026/reg10-q063013.htm"
    },
    {
        "date": "2013-03-31",
        "symbol": "REG",
        "reportedCurrency": "USD",
        "cik": "0000910606",
        "fillingDate": "2013-05-09",
        "acceptedDate": "2013-05-09 12:31:41",
        "calendarYear": "2013",
        "period": "Q1",
        "revenue": 126254000,
        "costOfRevenue": 30372000,
        "grossProfit": 95882000,
        "grossProfitRatio": 0.7594373248,
        "researchAndDevelopmentExpenses": 0,
        "generalAndAdministrativeExpenses": 17975000,
        "sellingAndMarketingExpenses": 0,
        "sellingGeneralAndAdministrativeExpenses": 17975000,
        "otherExpenses": 0,
        "operatingExpenses": 50610000,
        "costAndExpenses": 80982000,
        "interestIncome": 459000,
        "interestExpense": 27832000,
        "depreciationAndAmortization": 32254000,
        "ebitda": 77526000,
        "ebitdaratio": 0.6140478718,
        "operatingIncome": 45272000,
        "operatingIncomeRatio": 0.3585787381,
        "totalOtherIncomeExpensesNet": -26761000,
        "incomeBeforeTax": 18511000,
        "incomeBeforeTaxRatio": 0.1466171369,
        "incomeTaxExpense": 0,
        "netIncome": 12715000,
        "netIncomeRatio": 0.1007096805,
        "eps": 0.14,
        "epsdiluted": 0.14,
        "weightedAverageShsOut": 90290007,
        "weightedAverageShsOutDil": 90351000,
        "link": "https://www.sec.gov/Archives/edgar/data/910606/000091060613000016/0000910606-13-000016-index.htm",
        "finalLink": "https://www.sec.gov/Archives/edgar/data/910606/000091060613000016/reg10-q033113.htm"
    },
    {
        "date": "2012-12-31",
        "symbol": "REG",
        "reportedCurrency": "USD",
        "cik": "0000910606",
        "fillingDate": "2013-03-01",
        "acceptedDate": "2013-03-01 14:41:51",
        "calendarYear": "2012",
        "period": "Q4",
        "revenue": 115443000,
        "costOfRevenue": 27374000,
        "grossProfit": 88069000,
        "grossProfitRatio": 0.7628786501,
        "researchAndDevelopmentExpenses": 0,
        "generalAndAdministrativeExpenses": 15917000,
        "sellingAndMarketingExpenses": 0,
        "sellingGeneralAndAdministrativeExpenses": 15917000,
        "otherExpenses": 0,
        "operatingExpenses": 47626000,
        "costAndExpenses": 75000000,
        "interestIncome": 384000,
        "interestExpense": 27333000,
        "depreciationAndAmortization": 31246000,
        "ebitda": 73233000,
        "ebitdaratio": 0.6343650113,
        "operatingIncome": 41987000,
        "operatingIncomeRatio": 0.3637032995,
        "totalOtherIncomeExpensesNet": -28656000,
        "incomeBeforeTax": 13331000,
        "incomeBeforeTaxRatio": 0.115476902,
        "incomeTaxExpense": 13342000,
        "netIncome": -5542000,
        "netIncomeRatio": -0.0480063754,
        "eps": -0.0614,
        "epsdiluted": -0.0614,
        "weightedAverageShsOut": 90307652,
        "weightedAverageShsOutDil": 90307000,
        "link": "https://www.sec.gov/Archives/edgar/data/910606/000091060613000009/0000910606-13-000009-index.htm",
        "finalLink": "https://www.sec.gov/Archives/edgar/data/910606/000091060613000009/reg10-k123112.htm"
    },
    {
        "date": "2012-09-30",
        "symbol": "REG",
        "reportedCurrency": "USD",
        "cik": "0000910606",
        "fillingDate": "2012-11-09",
        "acceptedDate": "2012-11-09 12:17:52",
        "calendarYear": "2012",
        "period": "Q3",
        "revenue": 120992000,
        "costOfRevenue": 28692000,
        "grossProfit": 92300000,
        "grossProfitRatio": 0.7628603544,
        "researchAndDevelopmentExpenses": 0,
        "generalAndAdministrativeExpenses": 15641000,
        "sellingAndMarketingExpenses": 0,
        "sellingGeneralAndAdministrativeExpenses": 15641000,
        "otherExpenses": 0,
        "operatingExpenses": 47090999,
        "costAndExpenses": -18398999,
        "interestIncome": 379000,
        "interestExpense": 27462000,
        "depreciationAndAmortization": 29925000,
        "ebitda": 76905000,
        "ebitdaratio": 0.6356205369,
        "operatingIncome": 46980000,
        "operatingIncomeRatio": 0.3882901349,
        "totalOtherIncomeExpensesNet": -28481000,
        "incomeBeforeTax": 18499000,
        "incomeBeforeTaxRatio": 0.1528944062,
        "incomeTaxExpense": 490000,
        "netIncome": 9651000,
        "netIncomeRatio": 0.0797656043,
        "eps": 0.11,
        "epsdiluted": 0.11,
        "weightedAverageShsOut": 89594222,
        "weightedAverageShsOutDil": 89662000,
        "link": "https://www.sec.gov/Archives/edgar/data/910606/000091060612000030/0000910606-12-000030-index.htm",
        "finalLink": "https://www.sec.gov/Archives/edgar/data/910606/000091060612000030/reg10-q093012.htm"
    },
    {
        "date": "2012-06-30",
        "symbol": "REG",
        "reportedCurrency": "USD",
        "cik": "0000910606",
        "fillingDate": "2012-08-09",
        "acceptedDate": "2012-08-09 15:17:18",
        "calendarYear": "2012",
        "period": "Q2",
        "revenue": 129767000,
        "costOfRevenue": 17806000,
        "grossProfit": 111961000,
        "grossProfitRatio": 0.8627848374,
        "researchAndDevelopmentExpenses": 0,
        "generalAndAdministrativeExpenses": 14020000,
        "sellingAndMarketingExpenses": 0,
        "sellingGeneralAndAdministrativeExpenses": 14020000,
        "otherExpenses": 33314000,
        "operatingExpenses": 61477000,
        "costAndExpenses": 79283000,
        "interestIncome": 377000,
        "interestExpense": 28377000,
        "depreciationAndAmortization": 33045000,
        "ebitda": 70948000,
        "ebitdaratio": 0.5467337613,
        "operatingIncome": 50484000,
        "operatingIncomeRatio": 0.3890357333,
        "totalOtherIncomeExpensesNet": -37025000,
        "incomeBeforeTax": -1866000,
        "incomeBeforeTaxRatio": -0.0143796189,
        "incomeTaxExpense": 15418000,
        "netIncome": 11093000,
        "netIncomeRatio": 0.0854839828,
        "eps": 0.06,
        "epsdiluted": 0.06,
        "weightedAverageShsOut": 89489000,
        "weightedAverageShsOutDil": 89540000,
        "link": "https://www.sec.gov/Archives/edgar/data/910606/000091060612000018/0000910606-12-000018-index.htm",
        "finalLink": "https://www.sec.gov/Archives/edgar/data/910606/000091060612000018/reg10-q063012.htm"
    },
    {
        "date": "2012-03-31",
        "symbol": "REG",
        "reportedCurrency": "USD",
        "cik": "0000910606",
        "fillingDate": "2012-05-08",
        "acceptedDate": "2012-05-08 17:00:27",
        "calendarYear": "2012",
        "period": "Q1",
        "revenue": 127389000,
        "costOfRevenue": 18594000,
        "grossProfit": 108795000,
        "grossProfitRatio": 0.8540376328,
        "researchAndDevelopmentExpenses": 0,
        "generalAndAdministrativeExpenses": 16122000,
        "sellingAndMarketingExpenses": 0,
        "sellingGeneralAndAdministrativeExpenses": 16122000,
        "otherExpenses": 0,
        "operatingExpenses": 65841000,
        "costAndExpenses": 84435000,
        "interestIncome": 535000,
        "interestExpense": 28958000,
        "depreciationAndAmortization": 32841000,
        "ebitda": 72433000,
        "ebitdaratio": 0.5685969746,
        "operatingIncome": 44543000,
        "operatingIncomeRatio": 0.3496612737,
        "totalOtherIncomeExpensesNet": -24464000,
        "incomeBeforeTax": 17358000,
        "incomeBeforeTaxRatio": 0.1362598027,
        "incomeTaxExpense": 18802000,
        "netIncome": 27118000,
        "netIncomeRatio": 0.212875523,
        "eps": 0.14,
        "epsdiluted": 0.14,
        "weightedAverageShsOut": 89497000,
        "weightedAverageShsOutDil": 89527000,
        "link": "https://www.sec.gov/Archives/edgar/data/910606/000091060612000008/0000910606-12-000008-index.htm",
        "finalLink": "https://www.sec.gov/Archives/edgar/data/910606/000091060612000008/reg10-q033112.htm"
    },
    {
        "date": "2011-12-31",
        "symbol": "REG",
        "reportedCurrency": "USD",
        "cik": "0000910606",
        "fillingDate": "2012-02-29",
        "acceptedDate": "2012-02-29 13:25:02",
        "calendarYear": "2011",
        "period": "Q4",
        "revenue": 120727000,
        "costOfRevenue": 17520000,
        "grossProfit": 103207000,
        "grossProfitRatio": 0.8548791902,
        "researchAndDevelopmentExpenses": 0,
        "generalAndAdministrativeExpenses": 12316000,
        "sellingAndMarketingExpenses": 0,
        "sellingGeneralAndAdministrativeExpenses": 12316000,
        "otherExpenses": 0,
        "operatingExpenses": 58359000,
        "costAndExpenses": 75879000,
        "interestIncome": 640000,
        "interestExpense": 31988000,
        "depreciationAndAmortization": 33238000,
        "ebitda": 78726000,
        "ebitdaratio": 0.6520993647,
        "operatingIncome": 44848000,
        "operatingIncomeRatio": 0.3714827669,
        "totalOtherIncomeExpensesNet": -25448000,
        "incomeBeforeTax": 4717000,
        "incomeBeforeTaxRatio": 0.0390716244,
        "incomeTaxExpense": 23647000,
        "netIncome": 13058000,
        "netIncomeRatio": 0.1081613889,
        "eps": 0.15,
        "epsdiluted": 0.15,
        "weightedAverageShsOut": 89565000,
        "weightedAverageShsOutDil": 89706000,
        "link": "https://www.sec.gov/Archives/edgar/data/910606/000091060612000004/0000910606-12-000004-index.htm",
        "finalLink": "https://www.sec.gov/Archives/edgar/data/910606/000091060612000004/reg10-k123111.htm"
    },
    {
        "date": "2011-09-30",
        "symbol": "REG",
        "reportedCurrency": "USD",
        "cik": "0000910606",
        "fillingDate": "2011-11-08",
        "acceptedDate": "2011-11-08 16:52:26",
        "calendarYear": "2011",
        "period": "Q3",
        "revenue": 125747110,
        "costOfRevenue": 18101073,
        "grossProfit": 107646037,
        "grossProfitRatio": 0.8560517773,
        "researchAndDevelopmentExpenses": 0,
        "generalAndAdministrativeExpenses": 11671000,
        "sellingAndMarketingExpenses": 170,
        "sellingGeneralAndAdministrativeExpenses": 11671170,
        "otherExpenses": 35393000,
        "operatingExpenses": 60596091,
        "costAndExpenses": 78697164,
        "interestIncome": 614000,
        "interestExpense": 31481000,
        "depreciationAndAmortization": 33166152,
        "ebitda": 71023000,
        "ebitdaratio": 0.5648082091,
        "operatingIncome": 48950000,
        "operatingIncomeRatio": 0.3892733598,
        "totalOtherIncomeExpensesNet": -39512000,
        "incomeBeforeTax": 7537000,
        "incomeBeforeTaxRatio": 0.0599377592,
        "incomeTaxExpense": 33620745,
        "netIncome": 13429201,
        "netIncomeRatio": 0.1067953053,
        "eps": 0.09,
        "epsdiluted": 0.09,
        "weightedAverageShsOut": 89506000,
        "weightedAverageShsOutDil": 89517000,
        "link": "https://www.sec.gov/Archives/edgar/data/910606/000091060611000022/0000910606-11-000022-index.htm",
        "finalLink": "https://www.sec.gov/Archives/edgar/data/910606/000091060611000022/reg10-q093011.htm"
    },
    {
        "date": "2011-06-30",
        "symbol": "REG",
        "reportedCurrency": "USD",
        "cik": "0000910606",
        "fillingDate": "2011-08-05",
        "acceptedDate": "2011-08-05 09:59:52",
        "calendarYear": "2011",
        "period": "Q2",
        "revenue": 128380840,
        "costOfRevenue": 17860695,
        "grossProfit": 110520145,
        "grossProfitRatio": 0.860877254,
        "researchAndDevelopmentExpenses": 0,
        "generalAndAdministrativeExpenses": 15177000,
        "sellingAndMarketingExpenses": -81,
        "sellingGeneralAndAdministrativeExpenses": 15176919,
        "otherExpenses": 34378000,
        "operatingExpenses": 63850870,
        "costAndExpenses": 81711565,
        "interestIncome": 587000,
        "interestExpense": 31150000,
        "depreciationAndAmortization": 32056517,
        "ebitda": 77835000,
        "ebitdaratio": 0.6062820589,
        "operatingIncome": 16841000,
        "operatingIncomeRatio": 0.131180011,
        "totalOtherIncomeExpensesNet": -30420000,
        "incomeBeforeTax": 16249000,
        "incomeBeforeTaxRatio": 0.126568731,
        "incomeTaxExpense": 28889528,
        "netIncome": 17779747,
        "netIncomeRatio": 0.1384922158,
        "eps": 0.14,
        "epsdiluted": 0.14,
        "weightedAverageShsOut": 89074000,
        "weightedAverageShsOutDil": 89118000,
        "link": "https://www.sec.gov/Archives/edgar/data/910606/000091060611000016/0000910606-11-000016-index.htm",
        "finalLink": "https://www.sec.gov/Archives/edgar/data/910606/000091060611000016/reg10-q063011.htm"
    },
    {
        "date": "2011-03-31",
        "symbol": "REG",
        "reportedCurrency": "USD",
        "cik": "0000910606",
        "fillingDate": "2011-05-12",
        "acceptedDate": "2011-05-12 06:12:16",
        "calendarYear": "2011",
        "period": "Q1",
        "revenue": 127114536,
        "costOfRevenue": 19575419,
        "grossProfit": 107539117,
        "grossProfitRatio": 0.8460017271,
        "researchAndDevelopmentExpenses": 0,
        "generalAndAdministrativeExpenses": 16953186,
        "sellingAndMarketingExpenses": 0,
        "sellingGeneralAndAdministrativeExpenses": 16953186,
        "otherExpenses": 0,
        "operatingExpenses": 66567260,
        "costAndExpenses": 86142679,
        "interestIncome": 601000,
        "interestExpense": 31466000,
        "depreciationAndAmortization": 35189795,
        "ebitda": 76392000,
        "ebitdaratio": 0.6009698214,
        "operatingIncome": 40066000,
        "operatingIncomeRatio": 0.3151960528,
        "totalOtherIncomeExpensesNet": -29799000,
        "incomeBeforeTax": 10851000,
        "incomeBeforeTaxRatio": 0.0853639587,
        "incomeTaxExpense": 33867666,
        "netIncome": 7104191,
        "netIncomeRatio": 0.0558881087,
        "eps": 0.02,
        "epsdiluted": 0.02,
        "weightedAverageShsOut": 83099000,
        "weightedAverageShsOutDil": 84794000,
        "link": "https://www.sec.gov/Archives/edgar/data/910606/000091060611000006/0000910606-11-000006-index.htm",
        "finalLink": "https://www.sec.gov/Archives/edgar/data/910606/000091060611000006/reg10-q033111.htm"
    },
    {
        "date": "2010-12-31",
        "symbol": "REG",
        "reportedCurrency": "USD",
        "cik": "0000910606",
        "fillingDate": "2011-03-01",
        "acceptedDate": "2011-03-01 14:41:24",
        "calendarYear": "2010",
        "period": "Q4",
        "revenue": 120067000,
        "costOfRevenue": 20709000,
        "grossProfit": 99358000,
        "grossProfitRatio": 0.8275213006,
        "researchAndDevelopmentExpenses": 0,
        "generalAndAdministrativeExpenses": 13580000,
        "sellingAndMarketingExpenses": 0,
        "sellingGeneralAndAdministrativeExpenses": 13580000,
        "otherExpenses": 0,
        "operatingExpenses": 53554000,
        "costAndExpenses": 74263000,
        "interestIncome": 649000,
        "interestExpense": 33964000,
        "depreciationAndAmortization": 30624000,
        "ebitda": 81376000,
        "ebitdaratio": 0.6777549202,
        "operatingIncome": 45804000,
        "operatingIncomeRatio": 0.3814870031,
        "totalOtherIncomeExpensesNet": -45804000,
        "incomeBeforeTax": 14895000,
        "incomeBeforeTaxRatio": 0.1240557355,
        "incomeTaxExpense": 51591000,
        "netIncome": -31748000,
        "netIncomeRatio": -0.2644190327,
        "eps": -0.29,
        "epsdiluted": -0.29,
        "weightedAverageShsOut": 109270000,
        "weightedAverageShsOutDil": 109270000,
        "link": "https://www.sec.gov/Archives/edgar/data/910606/000119312511051803/0001193125-11-051803-index.htm",
        "finalLink": "https://www.sec.gov/Archives/edgar/data/910606/000119312511051803/d10k.htm"
    },
    {
        "date": "2010-09-30",
        "symbol": "REG",
        "reportedCurrency": "USD",
        "cik": "0000910606",
        "fillingDate": "2010-11-05",
        "acceptedDate": "2010-11-05 12:13:16",
        "calendarYear": "2010",
        "period": "Q3",
        "revenue": 121985773,
        "costOfRevenue": 17410380,
        "grossProfit": 104575393,
        "grossProfitRatio": 0.8572753234,
        "researchAndDevelopmentExpenses": 0,
        "generalAndAdministrativeExpenses": 17761000,
        "sellingAndMarketingExpenses": -3391444,
        "sellingGeneralAndAdministrativeExpenses": 14369556,
        "otherExpenses": 0,
        "operatingExpenses": 60312384,
        "costAndExpenses": 77722764,
        "interestIncome": 614000,
        "interestExpense": 32653000,
        "depreciationAndAmortization": 30475857,
        "ebitda": 74427000,
        "ebitdaratio": 0.610128527,
        "operatingIncome": 41668000,
        "operatingIncomeRatio": 0.341580817,
        "totalOtherIncomeExpensesNet": -27053092,
        "incomeBeforeTax": 14614908,
        "incomeBeforeTaxRatio": 0.1198082993,
        "incomeTaxExpense": 851602,
        "netIncome": 14803521,
        "netIncomeRatio": 0.1213544878,
        "eps": 0.1,
        "epsdiluted": 0.09,
        "weightedAverageShsOut": 81167000,
        "weightedAverageShsOutDil": 82577000,
        "link": "https://www.sec.gov/Archives/edgar/data/910606/000119312510249565/0001193125-10-249565-index.htm",
        "finalLink": "https://www.sec.gov/Archives/edgar/data/910606/000119312510249565/d10q.htm"
    },
    {
        "date": "2010-06-30",
        "symbol": "REG",
        "reportedCurrency": "USD",
        "cik": "0000910606",
        "fillingDate": "2010-08-06",
        "acceptedDate": "2010-08-06 16:36:55",
        "calendarYear": "2010",
        "period": "Q2",
        "revenue": 121600208,
        "costOfRevenue": 17279002,
        "grossProfit": 104321206,
        "grossProfitRatio": 0.8579031871,
        "researchAndDevelopmentExpenses": 0,
        "generalAndAdministrativeExpenses": 12656000,
        "sellingAndMarketingExpenses": 1982316,
        "sellingGeneralAndAdministrativeExpenses": 14638316,
        "otherExpenses": 0,
        "operatingExpenses": 61691468,
        "costAndExpenses": 78970470,
        "interestIncome": 640000,
        "interestExpense": 31275000,
        "depreciationAndAmortization": 31499014,
        "ebitda": 74804000,
        "ebitdaratio": 0.6151634214,
        "operatingIncome": 45538000,
        "operatingIncomeRatio": 0.374489491,
        "totalOtherIncomeExpensesNet": -33508000,
        "incomeBeforeTax": 12030000,
        "incomeBeforeTaxRatio": 0.0989307518,
        "incomeTaxExpense": 30958797,
        "netIncome": 11670941,
        "netIncomeRatio": 0.0959779691,
        "eps": 0.09,
        "epsdiluted": 0.09,
        "weightedAverageShsOut": 81054000,
        "weightedAverageShsOutDil": 82576000,
        "link": "https://www.sec.gov/Archives/edgar/data/910606/000119312510181472/0001193125-10-181472-index.htm",
        "finalLink": "https://www.sec.gov/Archives/edgar/data/910606/000119312510181472/d10q.htm"
    },
    {
        "date": "2010-03-31",
        "symbol": "REG",
        "reportedCurrency": "USD",
        "cik": "0000910606",
        "fillingDate": "2010-05-06",
        "acceptedDate": "2010-05-06 17:27:37",
        "calendarYear": "2010",
        "period": "Q1",
        "revenue": 124368285,
        "costOfRevenue": 17648908,
        "grossProfit": 106719377,
        "grossProfitRatio": 0.8580915705,
        "researchAndDevelopmentExpenses": 0,
        "generalAndAdministrativeExpenses": 13735000,
        "sellingAndMarketingExpenses": 295,
        "sellingGeneralAndAdministrativeExpenses": 13735295,
        "otherExpenses": 40612000,
        "operatingExpenses": 62560998,
        "costAndExpenses": 80209906,
        "interestIncome": 675000,
        "interestExpense": 29128681,
        "depreciationAndAmortization": 31330926,
        "ebitda": 75565000,
        "ebitdaratio": 0.6075905927,
        "operatingIncome": 44158000,
        "operatingIncomeRatio": 0.3550583656,
        "totalOtherIncomeExpensesNet": -28674000,
        "incomeBeforeTax": -10589000,
        "incomeBeforeTaxRatio": -0.0851422853,
        "incomeTaxExpense": 26870618,
        "netIncome": 17287761,
        "netIncomeRatio": 0.1390045782,
        "eps": 0.14,
        "epsdiluted": 0.14,
        "weightedAverageShsOut": 80908000,
        "weightedAverageShsOutDil": 81995000,
        "link": "https://www.sec.gov/Archives/edgar/data/910606/000119312510111173/0001193125-10-111173-index.htm",
        "finalLink": "https://www.sec.gov/Archives/edgar/data/910606/000119312510111173/d10q.htm"
    },
    {
        "date": "2009-12-31",
        "symbol": "REG",
        "reportedCurrency": "USD",
        "cik": "0000910606",
        "fillingDate": "2010-02-26",
        "acceptedDate": "2010-02-26 16:14:59",
        "calendarYear": "2009",
        "period": "Q4",
        "revenue": 118135000,
        "costOfRevenue": 17923000,
        "grossProfit": 100212000,
        "grossProfitRatio": 0.8482837432,
        "researchAndDevelopmentExpenses": 0,
        "generalAndAdministrativeExpenses": 16808000,
        "sellingAndMarketingExpenses": 0,
        "sellingGeneralAndAdministrativeExpenses": 16808000,
        "otherExpenses": 295838000,
        "operatingExpenses": 61737000,
        "costAndExpenses": 79660000,
        "interestIncome": -2863000,
        "interestExpense": 26298000,
        "depreciationAndAmortization": 29764000,
        "ebitda": 68239000,
        "ebitdaratio": 0.5776357557,
        "operatingIncome": 38475000,
        "operatingIncomeRatio": 0.3256867144,
        "totalOtherIncomeExpensesNet": -38475000,
        "incomeBeforeTax": -106176000,
        "incomeBeforeTaxRatio": -0.8987683582,
        "incomeTaxExpense": -66952000,
        "netIncome": 30250000,
        "netIncomeRatio": 0.2560629788,
        "eps": 0.37,
        "epsdiluted": 0.37,
        "weightedAverageShsOut": 80510000,
        "weightedAverageShsOutDil": 82459800,
        "link": "https://www.sec.gov/Archives/edgar/data/910606/000119312510042921/0001193125-10-042921-index.htm",
        "finalLink": "https://www.sec.gov/Archives/edgar/data/910606/000119312510042921/d10k.htm"
    },
    {
        "date": "2009-09-30",
        "symbol": "REG",
        "reportedCurrency": "USD",
        "cik": "0000910606",
        "fillingDate": "2009-11-06",
        "acceptedDate": "2009-11-06 16:36:42",
        "calendarYear": "2009",
        "period": "Q3",
        "revenue": 133742008,
        "costOfRevenue": 16578036,
        "grossProfit": 117163972,
        "grossProfitRatio": 0.8760446606,
        "researchAndDevelopmentExpenses": 0,
        "generalAndAdministrativeExpenses": 12151000,
        "sellingAndMarketingExpenses": -53,
        "sellingGeneralAndAdministrativeExpenses": 12150947,
        "otherExpenses": 49346000,
        "operatingExpenses": 62095393,
        "costAndExpenses": 78673429,
        "interestIncome": 1133000,
        "interestExpense": 27920400,
        "depreciationAndAmortization": 29800980,
        "ebitda": 84246000,
        "ebitdaratio": 0.629914275,
        "operatingIncome": 27063000,
        "operatingIncomeRatio": 0.2023522781,
        "totalOtherIncomeExpensesNet": -63339000,
        "incomeBeforeTax": -8902000,
        "incomeBeforeTaxRatio": -0.0665609866,
        "incomeTaxExpense": 134242209,
        "netIncome": -79173630,
        "netIncomeRatio": -0.591987747,
        "eps": -0.99,
        "epsdiluted": -0.99,
        "weightedAverageShsOut": 79928000,
        "weightedAverageShsOutDil": 79928000,
        "link": "https://www.sec.gov/Archives/edgar/data/910606/000119312509227616/0001193125-09-227616-index.htm",
        "finalLink": "https://www.sec.gov/Archives/edgar/data/910606/000119312509227616/d10q.htm"
    },
    {
        "date": "2009-06-30",
        "symbol": "REG",
        "reportedCurrency": "USD",
        "cik": "0000910606",
        "fillingDate": "2009-08-07",
        "acceptedDate": "2009-08-07 17:02:09",
        "calendarYear": "2009",
        "period": "Q2",
        "revenue": 116460975,
        "costOfRevenue": 15547186,
        "grossProfit": 100913789,
        "grossProfitRatio": 0.866503041,
        "researchAndDevelopmentExpenses": 0,
        "generalAndAdministrativeExpenses": 9292000,
        "sellingAndMarketingExpenses": 269,
        "sellingGeneralAndAdministrativeExpenses": 9292269,
        "otherExpenses": 139492000,
        "operatingExpenses": 58991395,
        "costAndExpenses": 74538581,
        "interestIncome": 823000,
        "interestExpense": 25639609,
        "depreciationAndAmortization": 29843000,
        "ebitda": 71196000,
        "ebitdaratio": 0.6113292457,
        "operatingIncome": 41923000,
        "operatingIncomeRatio": 0.359974661,
        "totalOtherIncomeExpensesNet": -34765000,
        "incomeBeforeTax": -104830000,
        "incomeBeforeTaxRatio": -0.9001298504,
        "incomeTaxExpense": 79420766,
        "netIncome": -11285315,
        "netIncomeRatio": -0.0969021168,
        "eps": -0.15,
        "epsdiluted": -0.15,
        "weightedAverageShsOut": 77109000,
        "weightedAverageShsOutDil": 77109000,
        "link": "https://www.sec.gov/Archives/edgar/data/910606/000119312509169234/0001193125-09-169234-index.htm",
        "finalLink": "https://www.sec.gov/Archives/edgar/data/910606/000119312509169234/d10q.htm"
    },
    {
        "date": "2009-03-31",
        "symbol": "REG",
        "reportedCurrency": "USD",
        "cik": "0000910606",
        "fillingDate": "2009-05-08",
        "acceptedDate": "2009-05-08 17:13:32",
        "calendarYear": "2009",
        "period": "Q1",
        "revenue": 119658000,
        "costOfRevenue": 15920000,
        "grossProfit": 103738000,
        "grossProfitRatio": 0.8669541527,
        "researchAndDevelopmentExpenses": 0,
        "generalAndAdministrativeExpenses": 15884000,
        "sellingAndMarketingExpenses": 0,
        "sellingGeneralAndAdministrativeExpenses": 15884000,
        "otherExpenses": 40727000,
        "operatingExpenses": 58369000,
        "costAndExpenses": 74289000,
        "interestIncome": 906000,
        "interestExpense": 27424000,
        "depreciationAndAmortization": 27602000,
        "ebitda": 73452000,
        "ebitdaratio": 0.613849471,
        "operatingIncome": 45369000,
        "operatingIncomeRatio": 0.3791555934,
        "totalOtherIncomeExpensesNet": -37171000,
        "incomeBeforeTax": 8076000,
        "incomeBeforeTaxRatio": 0.0674923532,
        "incomeTaxExpense": -5687000,
        "netIncome": 24482000,
        "netIncomeRatio": 0.204599776,
        "eps": 0.28,
        "epsdiluted": 0.28,
        "weightedAverageShsOut": 69670000,
        "weightedAverageShsOutDil": 69670000,
        "link": "https://www.sec.gov/Archives/edgar/data/910606/000119312509105588/0001193125-09-105588-index.htm",
        "finalLink": "https://www.sec.gov/Archives/edgar/data/910606/000119312509105588/d10q.htm"
    },
    {
        "date": "2008-12-31",
        "symbol": "REG",
        "reportedCurrency": "USD",
        "cik": "0000910606",
        "fillingDate": "2009-03-17",
        "acceptedDate": "2009-03-17 16:40:00",
        "calendarYear": "2008",
        "period": "Q4",
        "revenue": 131090000,
        "costOfRevenue": 0,
        "grossProfit": 131090000,
        "grossProfitRatio": 1,
        "researchAndDevelopmentExpenses": 0,
        "generalAndAdministrativeExpenses": 12725000,
        "sellingAndMarketingExpenses": 0,
        "sellingGeneralAndAdministrativeExpenses": 12725000,
        "otherExpenses": 0,
        "operatingExpenses": 12507000,
        "costAndExpenses": 71875000,
        "interestIncome": -2945000,
        "interestExpense": 21166000,
        "depreciationAndAmortization": 25538000,
        "ebitda": 85245000,
        "ebitdaratio": 0.6502784347,
        "operatingIncome": 59215000,
        "operatingIncomeRatio": 0.4517125639,
        "totalOtherIncomeExpensesNet": -680000,
        "incomeBeforeTax": 58535000,
        "incomeBeforeTaxRatio": 0.446525288,
        "incomeTaxExpense": 51408000,
        "netIncome": 8299000,
        "netIncomeRatio": 0.0633076512,
        "eps": 0.12,
        "epsdiluted": 0.12,
        "weightedAverageShsOut": 69670000,
        "weightedAverageShsOutDil": 69670000,
        "link": "https://www.sec.gov/Archives/edgar/data/910606/000119312509056701/0001193125-09-056701-index.htm",
        "finalLink": "https://www.sec.gov/Archives/edgar/data/910606/000119312509056701/d10k.htm"
    },
    {
        "date": "2008-09-30",
        "symbol": "REG",
        "reportedCurrency": "USD",
        "cik": "0000910606",
        "fillingDate": "2008-11-10",
        "acceptedDate": "2008-11-10 16:17:08",
        "calendarYear": "2008",
        "period": "Q3",
        "revenue": 122798000,
        "costOfRevenue": 33049000,
        "grossProfit": 89749000,
        "grossProfitRatio": 0.7308669522,
        "researchAndDevelopmentExpenses": 0,
        "generalAndAdministrativeExpenses": 9494000,
        "sellingAndMarketingExpenses": 0,
        "sellingGeneralAndAdministrativeExpenses": 9494000,
        "otherExpenses": 44638000,
        "operatingExpenses": 70154000,
        "costAndExpenses": 70154000,
        "interestIncome": 1408000,
        "interestExpense": 24091000,
        "depreciationAndAmortization": 27378000,
        "ebitda": 78698000,
        "ebitdaratio": 0.6408736299,
        "operatingIncome": 52644000,
        "operatingIncomeRatio": 0.4287040506,
        "totalOtherIncomeExpensesNet": -46842000,
        "incomeBeforeTax": 5009000,
        "incomeBeforeTaxRatio": 0.0407905666,
        "incomeTaxExpense": -6820000,
        "netIncome": 59464000,
        "netIncomeRatio": 0.4842424144,
        "eps": 0.63,
        "epsdiluted": 0.63,
        "weightedAverageShsOut": 69522000,
        "weightedAverageShsOutDil": 69612000,
        "link": "https://www.sec.gov/Archives/edgar/data/910606/000119312508231738/0001193125-08-231738-index.htm",
        "finalLink": "https://www.sec.gov/Archives/edgar/data/910606/000119312508231738/d10q.htm"
    },
    {
        "date": "2008-06-30",
        "symbol": "REG",
        "reportedCurrency": "USD",
        "cik": "0000910606",
        "fillingDate": "2008-08-06",
        "acceptedDate": "2008-08-06 16:50:22",
        "calendarYear": "2008",
        "period": "Q2",
        "revenue": 123381000,
        "costOfRevenue": 31685000,
        "grossProfit": 91696000,
        "grossProfitRatio": 0.7431938467,
        "researchAndDevelopmentExpenses": 0,
        "generalAndAdministrativeExpenses": 13153000,
        "sellingAndMarketingExpenses": 0,
        "sellingGeneralAndAdministrativeExpenses": 13153000,
        "otherExpenses": 45092000,
        "operatingExpenses": 68287000,
        "costAndExpenses": 68287000,
        "interestIncome": 657000,
        "interestExpense": 36688000,
        "depreciationAndAmortization": 27032000,
        "ebitda": 82126000,
        "ebitdaratio": 0.6656292298,
        "operatingIncome": 55094000,
        "operatingIncomeRatio": 0.4465355282,
        "totalOtherIncomeExpensesNet": -41568000,
        "incomeBeforeTax": 12584000,
        "incomeBeforeTaxRatio": 0.1019930135,
        "incomeTaxExpense": -9301000,
        "netIncome": 36785000,
        "netIncomeRatio": 0.2981415291,
        "eps": 0.45,
        "epsdiluted": 0.45,
        "weightedAverageShsOut": 69397000,
        "weightedAverageShsOutDil": 69552000,
        "link": "https://www.sec.gov/Archives/edgar/data/910606/000119312508168369/0001193125-08-168369-index.htm",
        "finalLink": "https://www.sec.gov/Archives/edgar/data/910606/000119312508168369/d10q.htm"
    },
    {
        "date": "2008-03-31",
        "symbol": "REG",
        "reportedCurrency": "USD",
        "cik": "0000910606",
        "fillingDate": "2008-05-08",
        "acceptedDate": "2008-05-08 16:31:24",
        "calendarYear": "2008",
        "period": "Q1",
        "revenue": 119648000,
        "costOfRevenue": 0,
        "grossProfit": 119648000,
        "grossProfitRatio": 1,
        "researchAndDevelopmentExpenses": 0,
        "generalAndAdministrativeExpenses": 14123000,
        "sellingAndMarketingExpenses": 0,
        "sellingGeneralAndAdministrativeExpenses": 14123000,
        "otherExpenses": 0,
        "operatingExpenses": 68824000,
        "costAndExpenses": 68824000,
        "interestIncome": 880000,
        "interestExpense": 23418000,
        "depreciationAndAmortization": 25522000,
        "ebitda": 74057000,
        "ebitdaratio": 0.6189572747,
        "operatingIncome": 50824000,
        "operatingIncomeRatio": 0.4247793528,
        "totalOtherIncomeExpensesNet": -477000,
        "incomeBeforeTax": 48606000,
        "incomeBeforeTaxRatio": 0.4062416422,
        "incomeTaxExpense": 19186000,
        "netIncome": 31638000,
        "netIncomeRatio": 0.2644256486,
        "eps": 0.38,
        "epsdiluted": 0.38,
        "weightedAverageShsOut": 69317000,
        "weightedAverageShsOutDil": 69410000,
        "link": "https://www.sec.gov/Archives/edgar/data/910606/000119312508107869/0001193125-08-107869-index.htm",
        "finalLink": "https://www.sec.gov/Archives/edgar/data/910606/000119312508107869/d10q.htm"
    },
    {
        "date": "2007-12-31",
        "symbol": "REG",
        "reportedCurrency": "USD",
        "cik": "0000910606",
        "fillingDate": "2008-02-27",
        "acceptedDate": "2008-02-27 17:17:31",
        "calendarYear": "2007",
        "period": "Q4",
        "revenue": 119346000,
        "costOfRevenue": 0,
        "grossProfit": 119346000,
        "grossProfitRatio": 1,
        "researchAndDevelopmentExpenses": 0,
        "generalAndAdministrativeExpenses": 13217000,
        "sellingAndMarketingExpenses": 0,
        "sellingGeneralAndAdministrativeExpenses": 13217000,
        "otherExpenses": 0,
        "operatingExpenses": 73537000,
        "costAndExpenses": 73537000,
        "interestIncome": 0,
        "interestExpense": 0,
        "depreciationAndAmortization": 25592000,
        "ebitda": 71401000,
        "ebitdaratio": 0.5982688988,
        "operatingIncome": 45809000,
        "operatingIncomeRatio": 0.3838335596,
        "totalOtherIncomeExpensesNet": -17629000,
        "incomeBeforeTax": 28180000,
        "incomeBeforeTaxRatio": 0.2361201884,
        "incomeTaxExpense": -9671000,
        "netIncome": 55480000,
        "netIncomeRatio": 0.4648668577,
        "eps": 0.79,
        "epsdiluted": 0.79,
        "weightedAverageShsOut": 69161000,
        "weightedAverageShsOutDil": 70313158,
        "link": "https://www.sec.gov/Archives/edgar/data/910606/000119312508040232/0001193125-08-040232-index.htm",
        "finalLink": "https://www.sec.gov/Archives/edgar/data/910606/000119312508040232/d10k.htm"
    },
    {
        "date": "2007-09-30",
        "symbol": "REG",
        "reportedCurrency": "USD",
        "cik": "0000910606",
        "fillingDate": "2007-11-07",
        "acceptedDate": "2007-11-07 17:15:51",
        "calendarYear": "2007",
        "period": "Q3",
        "revenue": 116980000,
        "costOfRevenue": 28851000,
        "grossProfit": 88129000,
        "grossProfitRatio": 0.7533680971,
        "researchAndDevelopmentExpenses": 0,
        "generalAndAdministrativeExpenses": 12159000,
        "sellingAndMarketingExpenses": 0,
        "sellingGeneralAndAdministrativeExpenses": 12159000,
        "otherExpenses": 45467000,
        "operatingExpenses": 63611000,
        "costAndExpenses": 63611000,
        "interestIncome": 840000,
        "interestExpense": 34513000,
        "depreciationAndAmortization": 24374000,
        "ebitda": 76698000,
        "ebitdaratio": 0.6556505386,
        "operatingIncome": 53369000,
        "operatingIncomeRatio": 0.456223286,
        "totalOtherIncomeExpensesNet": -45627000,
        "incomeBeforeTax": 6697000,
        "incomeBeforeTaxRatio": 0.0572491024,
        "incomeTaxExpense": 11470000,
        "netIncome": 41899000,
        "netIncomeRatio": 0.3581723372,
        "eps": 0.53,
        "epsdiluted": 0.53,
        "weightedAverageShsOut": 69114000,
        "weightedAverageShsOutDil": 69303000,
        "link": "https://www.sec.gov/Archives/edgar/data/910606/000119312507238636/0001193125-07-238636-index.htm",
        "finalLink": "https://www.sec.gov/Archives/edgar/data/910606/000119312507238636/d10q.htm"
    },
    {
        "date": "2007-06-30",
        "symbol": "REG",
        "reportedCurrency": "USD",
        "cik": "0000910606",
        "fillingDate": "2007-08-07",
        "acceptedDate": "2007-08-07 16:15:17",
        "calendarYear": "2007",
        "period": "Q2",
        "revenue": 108760000,
        "costOfRevenue": 28709000,
        "grossProfit": 80051000,
        "grossProfitRatio": 0.7360334682,
        "researchAndDevelopmentExpenses": 0,
        "generalAndAdministrativeExpenses": 12907000,
        "sellingAndMarketingExpenses": 0,
        "sellingGeneralAndAdministrativeExpenses": 12907000,
        "otherExpenses": 42612000,
        "operatingExpenses": 61065000,
        "costAndExpenses": 61065000,
        "interestIncome": 0,
        "interestExpense": 33227000,
        "depreciationAndAmortization": 22024000,
        "ebitda": 69178000,
        "ebitdaratio": 0.6360610519,
        "operatingIncome": 47695000,
        "operatingIncomeRatio": 0.4385343876,
        "totalOtherIncomeExpensesNet": -45490000,
        "incomeBeforeTax": 1664000,
        "incomeBeforeTaxRatio": 0.0152997426,
        "incomeTaxExpense": -1589000,
        "netIncome": 49284000,
        "netIncomeRatio": 0.4531445384,
        "eps": 0.64,
        "epsdiluted": 0.64,
        "weightedAverageShsOut": 68918000,
        "weightedAverageShsOutDil": 69235000,
        "link": "https://www.sec.gov/Archives/edgar/data/910606/000119312507173705/0001193125-07-173705-index.htm",
        "finalLink": "https://www.sec.gov/Archives/edgar/data/910606/000119312507173705/d10q.htm"
    },
    {
        "date": "2007-03-31",
        "symbol": "REG",
        "reportedCurrency": "USD",
        "cik": "0000910606",
        "fillingDate": "2007-05-09",
        "acceptedDate": "2007-05-09 14:02:24",
        "calendarYear": "2007",
        "period": "Q1",
        "revenue": 106715000,
        "costOfRevenue": 0,
        "grossProfit": 106715000,
        "grossProfitRatio": 1,
        "researchAndDevelopmentExpenses": 0,
        "generalAndAdministrativeExpenses": 12297000,
        "sellingAndMarketingExpenses": 0,
        "sellingGeneralAndAdministrativeExpenses": 12297000,
        "otherExpenses": 0,
        "operatingExpenses": 58755000,
        "costAndExpenses": 58755000,
        "interestIncome": 0,
        "interestExpense": 0,
        "depreciationAndAmortization": 21518000,
        "ebitda": 69379000,
        "ebitdaratio": 0.6501335332,
        "operatingIncome": 47960000,
        "operatingIncomeRatio": 0.4494213559,
        "totalOtherIncomeExpensesNet": -25546000,
        "incomeBeforeTax": 22315000,
        "incomeBeforeTaxRatio": 0.2091083728,
        "incomeTaxExpense": -9028000,
        "netIncome": 56988000,
        "netIncomeRatio": 0.534020522,
        "eps": 0.75,
        "epsdiluted": 0.75,
        "weightedAverageShsOut": 69425333,
        "weightedAverageShsOutDil": 69425333,
        "link": "https://www.sec.gov/Archives/edgar/data/910606/000119312507107912/0001193125-07-107912-index.htm",
        "finalLink": "https://www.sec.gov/Archives/edgar/data/910606/000119312507107912/d10q.htm"
    },
    {
        "date": "2006-12-31",
        "symbol": "REG",
        "reportedCurrency": "USD",
        "cik": "0000910606",
        "fillingDate": "2007-02-27",
        "acceptedDate": "2007-02-27 17:22:42",
        "calendarYear": "2006",
        "period": "Q4",
        "revenue": 104144000,
        "costOfRevenue": 0,
        "grossProfit": 104144000,
        "grossProfitRatio": 1,
        "researchAndDevelopmentExpenses": 0,
        "generalAndAdministrativeExpenses": 13097000,
        "sellingAndMarketingExpenses": 0,
        "sellingGeneralAndAdministrativeExpenses": 13097000,
        "otherExpenses": 0,
        "operatingExpenses": 69425000,
        "costAndExpenses": 69425000,
        "interestIncome": 0,
        "interestExpense": 0,
        "depreciationAndAmortization": 22261000,
        "ebitda": 56980000,
        "ebitdaratio": 0.5471270548,
        "operatingIncome": 34719000,
        "operatingIncomeRatio": 0.3333749424,
        "totalOtherIncomeExpensesNet": -24913000,
        "incomeBeforeTax": 9806000,
        "incomeBeforeTaxRatio": 0.0941580888,
        "incomeTaxExpense": -31660000,
        "netIncome": 66379000,
        "netIncomeRatio": 0.6373770933,
        "eps": 0.96,
        "epsdiluted": 0.96,
        "weightedAverageShsOut": 68276776,
        "weightedAverageShsOutDil": 69425333,
        "link": "https://www.sec.gov/Archives/edgar/data/910606/000119312507041200/0001193125-07-041200-index.htm",
        "finalLink": "https://www.sec.gov/Archives/edgar/data/910606/000119312507041200/d10k.htm"
    },
    {
        "date": "2006-09-30",
        "symbol": "REG",
        "reportedCurrency": "USD",
        "cik": "0000910606",
        "fillingDate": "2006-11-08",
        "acceptedDate": "2006-11-08 14:46:57",
        "calendarYear": "2006",
        "period": "Q3",
        "revenue": 105632000,
        "costOfRevenue": 25053000,
        "grossProfit": 80579000,
        "grossProfitRatio": 0.7628275523,
        "researchAndDevelopmentExpenses": 0,
        "generalAndAdministrativeExpenses": 10765000,
        "sellingAndMarketingExpenses": 0,
        "sellingGeneralAndAdministrativeExpenses": 10765000,
        "otherExpenses": 57641000,
        "operatingExpenses": 55604000,
        "costAndExpenses": 55604000,
        "interestIncome": 0,
        "interestExpense": 30439000,
        "depreciationAndAmortization": 22254000,
        "ebitda": 70741000,
        "ebitdaratio": 0.6696928961,
        "operatingIncome": 50028000,
        "operatingIncomeRatio": 0.4736064829,
        "totalOtherIncomeExpensesNet": -44995000,
        "incomeBeforeTax": -10550000,
        "incomeBeforeTaxRatio": -0.0998750379,
        "incomeTaxExpense": 5717000,
        "netIncome": 44311000,
        "netIncomeRatio": 0.4194846259,
        "eps": 0.57,
        "epsdiluted": 0.57,
        "weightedAverageShsOut": 69108772,
        "weightedAverageShsOutDil": 69108772,
        "link": "https://www.sec.gov/Archives/edgar/data/910606/000119312506228183/0001193125-06-228183-index.htm",
        "finalLink": "https://www.sec.gov/Archives/edgar/data/910606/000119312506228183/d10q.htm"
    },
    {
        "date": "2006-06-30",
        "symbol": "REG",
        "reportedCurrency": "USD",
        "cik": "0000910606",
        "fillingDate": "2006-08-04",
        "acceptedDate": "2006-08-04 17:04:48",
        "calendarYear": "2006",
        "period": "Q2",
        "revenue": 108825000,
        "costOfRevenue": 15491000,
        "grossProfit": 93334000,
        "grossProfitRatio": 0.8576521939,
        "researchAndDevelopmentExpenses": 0,
        "generalAndAdministrativeExpenses": 10830000,
        "sellingAndMarketingExpenses": 0,
        "sellingGeneralAndAdministrativeExpenses": 10830000,
        "otherExpenses": 23171000,
        "operatingExpenses": 58247000,
        "costAndExpenses": 58247000,
        "interestIncome": 0,
        "interestExpense": 13967000,
        "depreciationAndAmortization": 21990000,
        "ebitda": 70824000,
        "ebitdaratio": 0.6508063405,
        "operatingIncome": 50578000,
        "operatingIncomeRatio": 0.4647645302,
        "totalOtherIncomeExpensesNet": -43746000,
        "incomeBeforeTax": 5326000,
        "incomeBeforeTaxRatio": 0.0489409603,
        "incomeTaxExpense": 13531000,
        "netIncome": 37047000,
        "netIncomeRatio": 0.3404272915,
        "eps": 0.47,
        "epsdiluted": 0.47,
        "weightedAverageShsOut": 68357447,
        "weightedAverageShsOutDil": 68357447,
        "link": "https://www.sec.gov/Archives/edgar/data/910606/000119312506162509/0001193125-06-162509-index.htm",
        "finalLink": "https://www.sec.gov/Archives/edgar/data/910606/000119312506162509/d10q.htm"
    },
    {
        "date": "2006-03-31",
        "symbol": "REG",
        "reportedCurrency": "USD",
        "cik": "0000910606",
        "fillingDate": "2006-05-08",
        "acceptedDate": "2006-05-08 16:49:22",
        "calendarYear": "2006",
        "period": "Q1",
        "revenue": 104069000,
        "costOfRevenue": 0,
        "grossProfit": 104069000,
        "grossProfitRatio": 1,
        "researchAndDevelopmentExpenses": 0,
        "generalAndAdministrativeExpenses": 10803000,
        "sellingAndMarketingExpenses": 0,
        "sellingGeneralAndAdministrativeExpenses": 10803000,
        "otherExpenses": 0,
        "operatingExpenses": 58703000,
        "costAndExpenses": 58703000,
        "interestIncome": 0,
        "interestExpense": 0,
        "depreciationAndAmortization": 20908000,
        "ebitda": 64471000,
        "ebitdaratio": 0.6195024455,
        "operatingIncome": 45366000,
        "operatingIncomeRatio": 0.4359223208,
        "totalOtherIncomeExpensesNet": -40476000,
        "incomeBeforeTax": 29686000,
        "incomeBeforeTaxRatio": 0.2852530533,
        "incomeTaxExpense": -25170000,
        "netIncome": 70775000,
        "netIncomeRatio": 0.6800776408,
        "eps": 0.97,
        "epsdiluted": 0.97,
        "weightedAverageShsOut": 67892784,
        "weightedAverageShsOutDil": 67892784,
        "link": "https://www.sec.gov/Archives/edgar/data/910606/000119312506103618/0001193125-06-103618-index.htm",
        "finalLink": "https://www.sec.gov/Archives/edgar/data/910606/000119312506103618/d10q.htm"
    },
    {
        "date": "2005-12-31",
        "symbol": "REG",
        "reportedCurrency": "USD",
        "cik": "0000910606",
        "fillingDate": "2006-03-10",
        "acceptedDate": "2006-03-09 17:32:55",
        "calendarYear": "2005",
        "period": "Q4",
        "revenue": 92179000,
        "costOfRevenue": 0,
        "grossProfit": 92179000,
        "grossProfitRatio": 1,
        "researchAndDevelopmentExpenses": 0,
        "generalAndAdministrativeExpenses": 10612000,
        "sellingAndMarketingExpenses": 0,
        "sellingGeneralAndAdministrativeExpenses": 10612000,
        "otherExpenses": 0,
        "operatingExpenses": 53146000,
        "costAndExpenses": 53146000,
        "interestIncome": 0,
        "interestExpense": 0,
        "depreciationAndAmortization": 20596000,
        "ebitda": 59629000,
        "ebitdaratio": 0.6468826956,
        "operatingIncome": 39033000,
        "operatingIncomeRatio": 0.4234478569,
        "totalOtherIncomeExpensesNet": -4530000,
        "incomeBeforeTax": 34503000,
        "incomeBeforeTaxRatio": 0.3743043426,
        "incomeTaxExpense": -9323000,
        "netIncome": 48356000,
        "netIncomeRatio": 0.5245880298,
        "eps": 0.71,
        "epsdiluted": 0.71,
        "weightedAverageShsOut": 67259361,
        "weightedAverageShsOutDil": 67892784,
        "link": "https://www.sec.gov/Archives/edgar/data/910606/000119312506049806/0001193125-06-049806-index.htm",
        "finalLink": "https://www.sec.gov/Archives/edgar/data/910606/000119312506049806/d10k.htm"
    },
    {
        "date": "2005-09-30",
        "symbol": "REG",
        "reportedCurrency": "USD",
        "cik": "0000910606",
        "fillingDate": "2005-11-09",
        "acceptedDate": "2005-11-09 11:26:35",
        "calendarYear": "2005",
        "period": "Q3",
        "revenue": 93626000,
        "costOfRevenue": 0,
        "grossProfit": 93626000,
        "grossProfitRatio": 1,
        "researchAndDevelopmentExpenses": 0,
        "generalAndAdministrativeExpenses": 9148000,
        "sellingAndMarketingExpenses": 0,
        "sellingGeneralAndAdministrativeExpenses": 9148000,
        "otherExpenses": 0,
        "operatingExpenses": 53308000,
        "costAndExpenses": 53308000,
        "interestIncome": 0,
        "interestExpense": 0,
        "depreciationAndAmortization": 20482000,
        "ebitda": 59445000,
        "ebitdaratio": 0.6349197872,
        "operatingIncome": 40318000,
        "operatingIncomeRatio": 0.4306282443,
        "totalOtherIncomeExpensesNet": -2157000,
        "incomeBeforeTax": 36568000,
        "incomeBeforeTaxRatio": 0.3905752676,
        "incomeTaxExpense": 8255000,
        "netIncome": 32063000,
        "netIncomeRatio": 0.3424582915,
        "eps": 0.42,
        "epsdiluted": 0.41,
        "weightedAverageShsOut": 65626190,
        "weightedAverageShsOutDil": 67226829,
        "link": "https://www.sec.gov/Archives/edgar/data/910606/000119312505221016/0001193125-05-221016-index.htm",
        "finalLink": "https://www.sec.gov/Archives/edgar/data/910606/000119312505221016/d10q.htm"
    },
    {
        "date": "2005-06-30",
        "symbol": "REG",
        "reportedCurrency": "USD",
        "cik": "0000910606",
        "fillingDate": "2005-08-08",
        "acceptedDate": "2005-08-08 17:29:13",
        "calendarYear": "2005",
        "period": "Q2",
        "revenue": 111484000,
        "costOfRevenue": 0,
        "grossProfit": 111484000,
        "grossProfitRatio": 1,
        "researchAndDevelopmentExpenses": 0,
        "generalAndAdministrativeExpenses": 9402000,
        "sellingAndMarketingExpenses": 0,
        "sellingGeneralAndAdministrativeExpenses": 9402000,
        "otherExpenses": 0,
        "operatingExpenses": 54490000,
        "costAndExpenses": 54490000,
        "interestIncome": 0,
        "interestExpense": 0,
        "depreciationAndAmortization": 20151000,
        "ebitda": 76025000,
        "ebitdaratio": 0.6819364214,
        "operatingIncome": 56994000,
        "operatingIncomeRatio": 0.5112303111,
        "totalOtherIncomeExpensesNet": -30338000,
        "incomeBeforeTax": 53396000,
        "incomeBeforeTaxRatio": 0.4789566216,
        "incomeTaxExpense": 14129000,
        "netIncome": 43880000,
        "netIncomeRatio": 0.3935990815,
        "eps": 0.64,
        "epsdiluted": 0.63,
        "weightedAverageShsOut": 62839062,
        "weightedAverageShsOutDil": 63836508,
        "link": "https://www.sec.gov/Archives/edgar/data/910606/000119312505160971/0001193125-05-160971-index.htm",
        "finalLink": "https://www.sec.gov/Archives/edgar/data/910606/000119312505160971/d10q.htm"
    },
    {
        "date": "2005-03-31",
        "symbol": "REG",
        "reportedCurrency": "USD",
        "cik": "0000910606",
        "fillingDate": "2005-05-10",
        "acceptedDate": "2005-05-10 16:35:55",
        "calendarYear": "2005",
        "period": "Q1",
        "revenue": 101688000,
        "costOfRevenue": 0,
        "grossProfit": 101688000,
        "grossProfitRatio": 1,
        "researchAndDevelopmentExpenses": 0,
        "generalAndAdministrativeExpenses": 8652000,
        "sellingAndMarketingExpenses": 0,
        "sellingGeneralAndAdministrativeExpenses": 8652000,
        "otherExpenses": 0,
        "operatingExpenses": 55164000,
        "costAndExpenses": 55164000,
        "interestIncome": 0,
        "interestExpense": 0,
        "depreciationAndAmortization": 22266000,
        "ebitda": 65927000,
        "ebitdaratio": 0.6483262529,
        "operatingIncome": 46524000,
        "operatingIncomeRatio": 0.4575171112,
        "totalOtherIncomeExpensesNet": -3679000,
        "incomeBeforeTax": 39982000,
        "incomeBeforeTaxRatio": 0.3931830698,
        "incomeTaxExpense": 8176000,
        "netIncome": 38348000,
        "netIncomeRatio": 0.3771143104,
        "eps": 0.55,
        "epsdiluted": 0.55,
        "weightedAverageShsOut": 63065455,
        "weightedAverageShsOutDil": 63065455,
        "link": "https://www.sec.gov/Archives/edgar/data/910606/000119312505102858/0001193125-05-102858-index.htm",
        "finalLink": "https://www.sec.gov/Archives/edgar/data/910606/000119312505102858/d10q.htm"
    },
    {
        "date": "2004-12-31",
        "symbol": "REG",
        "reportedCurrency": "USD",
        "cik": "0000910606",
        "fillingDate": "2005-03-16",
        "acceptedDate": "2005-03-16 10:40:08",
        "calendarYear": "2004",
        "period": "Q4",
        "revenue": 106102000,
        "costOfRevenue": 0,
        "grossProfit": 106102000,
        "grossProfitRatio": 1,
        "researchAndDevelopmentExpenses": 0,
        "generalAndAdministrativeExpenses": 9945000,
        "sellingAndMarketingExpenses": 0,
        "sellingGeneralAndAdministrativeExpenses": 9945000,
        "otherExpenses": 0,
        "operatingExpenses": 60699000,
        "costAndExpenses": 60699000,
        "interestIncome": 0,
        "interestExpense": 0,
        "depreciationAndAmortization": 21164000,
        "ebitda": 66567000,
        "ebitdaratio": 0.6273868542,
        "operatingIncome": 45403000,
        "operatingIncomeRatio": 0.4279184181,
        "totalOtherIncomeExpensesNet": -21998000,
        "incomeBeforeTax": 23405000,
        "incomeBeforeTaxRatio": 0.2205896213,
        "incomeTaxExpense": -3904000,
        "netIncome": 49307000,
        "netIncomeRatio": 0.4647132005,
        "eps": 0.78,
        "epsdiluted": 0.78,
        "weightedAverageShsOut": 60777037,
        "weightedAverageShsOutDil": 63065455,
        "link": "https://www.sec.gov/Archives/edgar/data/910606/000119312505052155/0001193125-05-052155-index.htm",
        "finalLink": "https://www.sec.gov/Archives/edgar/data/910606/000119312505052155/d10k.htm"
    },
    {
        "date": "2004-09-30",
        "symbol": "REG",
        "reportedCurrency": "USD",
        "cik": "0000910606",
        "fillingDate": "2004-11-05",
        "acceptedDate": "2004-11-05 16:19:16",
        "calendarYear": "2004",
        "period": "Q3",
        "revenue": 98991000,
        "costOfRevenue": 0,
        "grossProfit": 98991000,
        "grossProfitRatio": 1,
        "researchAndDevelopmentExpenses": 0,
        "generalAndAdministrativeExpenses": 7232000,
        "sellingAndMarketingExpenses": 0,
        "sellingGeneralAndAdministrativeExpenses": 7232000,
        "otherExpenses": 0,
        "operatingExpenses": 53606000,
        "costAndExpenses": 53606000,
        "interestIncome": 0,
        "interestExpense": 0,
        "depreciationAndAmortization": 20506000,
        "ebitda": 63894000,
        "ebitdaratio": 0.6454526169,
        "operatingIncome": 45385000,
        "operatingIncomeRatio": 0.4584760231,
        "totalOtherIncomeExpensesNet": -7819000,
        "incomeBeforeTax": 35569000,
        "incomeBeforeTaxRatio": 0.3593154933,
        "incomeTaxExpense": 7639000,
        "netIncome": 37746000,
        "netIncomeRatio": 0.3813073916,
        "eps": 0.58,
        "epsdiluted": 0.58,
        "weightedAverageShsOut": 61325862,
        "weightedAverageShsOutDil": 61325862,
        "link": "https://www.sec.gov/Archives/edgar/data/910606/000119312504187924/0001193125-04-187924-index.htm",
        "finalLink": "https://www.sec.gov/Archives/edgar/data/910606/000119312504187924/d10q.htm"
    },
    {
        "date": "2004-06-30",
        "symbol": "REG",
        "reportedCurrency": "USD",
        "cik": "0000910606",
        "fillingDate": "2004-08-06",
        "acceptedDate": "2004-08-06 16:31:24",
        "calendarYear": "2004",
        "period": "Q2",
        "revenue": 95935000,
        "costOfRevenue": 0,
        "grossProfit": 95935000,
        "grossProfitRatio": 1,
        "researchAndDevelopmentExpenses": 0,
        "generalAndAdministrativeExpenses": 7221000,
        "sellingAndMarketingExpenses": 0,
        "sellingGeneralAndAdministrativeExpenses": 7221000,
        "otherExpenses": 0,
        "operatingExpenses": 51401000,
        "costAndExpenses": 51401000,
        "interestIncome": 0,
        "interestExpense": 0,
        "depreciationAndAmortization": 19922000,
        "ebitda": 62333000,
        "ebitdaratio": 0.6497420128,
        "operatingIncome": 44534000,
        "operatingIncomeRatio": 0.4642101423,
        "totalOtherIncomeExpensesNet": -17352000,
        "incomeBeforeTax": 25059000,
        "incomeBeforeTaxRatio": 0.2612081097,
        "incomeTaxExpense": 18486000,
        "netIncome": 26456000,
        "netIncomeRatio": 0.2757700526,
        "eps": 0.41,
        "epsdiluted": 0.41,
        "weightedAverageShsOut": 61119512,
        "weightedAverageShsOutDil": 61119512,
        "link": "https://www.sec.gov/Archives/edgar/data/910606/000119312504134395/0001193125-04-134395-index.htm",
        "finalLink": "https://www.sec.gov/Archives/edgar/data/910606/000119312504134395/d10q.htm"
    },
    {
        "date": "2004-03-31",
        "symbol": "REG",
        "reportedCurrency": "USD",
        "cik": "0000910606",
        "fillingDate": "2004-05-10",
        "acceptedDate": "2004-05-10 11:50:15",
        "calendarYear": "2004",
        "period": "Q1",
        "revenue": 95810000,
        "costOfRevenue": 0,
        "grossProfit": 95810000,
        "grossProfitRatio": 1,
        "researchAndDevelopmentExpenses": 0,
        "generalAndAdministrativeExpenses": 5883000,
        "sellingAndMarketingExpenses": 0,
        "sellingGeneralAndAdministrativeExpenses": 5883000,
        "otherExpenses": 0,
        "operatingExpenses": 50534000,
        "costAndExpenses": 50534000,
        "interestIncome": 0,
        "interestExpense": 0,
        "depreciationAndAmortization": 20344000,
        "ebitda": 63987000,
        "ebitdaratio": 0.6678530425,
        "operatingIncome": 45276000,
        "operatingIncomeRatio": 0.4725602755,
        "totalOtherIncomeExpensesNet": 40118000,
        "incomeBeforeTax": 83761000,
        "incomeBeforeTaxRatio": 0.8742406847,
        "incomeTaxExpense": 22459000,
        "netIncome": 22817000,
        "netIncomeRatio": 0.2381484187,
        "eps": 0.36,
        "epsdiluted": 0.35,
        "weightedAverageShsOut": 59500000,
        "weightedAverageShsOutDil": 61200000,
        "link": "https://www.sec.gov/Archives/edgar/data/910606/000089706904000992/0000897069-04-000992-index.htm",
        "finalLink": "https://www.sec.gov/Archives/edgar/data/910606/000089706904000992/dkm218.txt"
    },
    {
        "date": "2003-12-31",
        "symbol": "REG",
        "reportedCurrency": "USD",
        "cik": "0000910606",
        "fillingDate": "2004-03-12",
        "acceptedDate": "2004-03-12 09:58:04",
        "calendarYear": "2003",
        "period": "Q4",
        "revenue": 73033569,
        "costOfRevenue": 0,
        "grossProfit": 73033569,
        "grossProfitRatio": 1,
        "researchAndDevelopmentExpenses": 0,
        "generalAndAdministrativeExpenses": 7790753,
        "sellingAndMarketingExpenses": 0,
        "sellingGeneralAndAdministrativeExpenses": 7790753,
        "otherExpenses": 0,
        "operatingExpenses": 52694406,
        "costAndExpenses": 52694406,
        "interestIncome": 0,
        "interestExpense": 0,
        "depreciationAndAmortization": 18743919,
        "ebitda": 39083082,
        "ebitdaratio": 0.5351386018,
        "operatingIncome": 20339163,
        "operatingIncomeRatio": 0.2784906075,
        "totalOtherIncomeExpensesNet": -20339163,
        "incomeBeforeTax": 0,
        "incomeBeforeTaxRatio": 0,
        "incomeTaxExpense": 93381676,
        "netIncome": 54707535,
        "netIncomeRatio": 0.7490738266,
        "eps": 0.92,
        "epsdiluted": 0.92,
        "weightedAverageShsOut": 59133726,
        "weightedAverageShsOutDil": 59500000,
        "link": "https://www.sec.gov/Archives/edgar/data/910606/000089706904000579/0000897069-04-000579-index.htm",
        "finalLink": "https://www.sec.gov/Archives/edgar/data/910606/000089706904000579/dkm115.txt"
    },
    {
        "date": "2003-09-30",
        "symbol": "REG",
        "reportedCurrency": "USD",
        "cik": "0000910606",
        "fillingDate": "2003-11-14",
        "acceptedDate": "2003-11-14 11:11:02",
        "calendarYear": "2003",
        "period": "Q3",
        "revenue": 106643598,
        "costOfRevenue": 0,
        "grossProfit": 106643598,
        "grossProfitRatio": 1,
        "researchAndDevelopmentExpenses": 0,
        "generalAndAdministrativeExpenses": 6294558,
        "sellingAndMarketingExpenses": 0,
        "sellingGeneralAndAdministrativeExpenses": 6294558,
        "otherExpenses": 0,
        "operatingExpenses": 49021589,
        "costAndExpenses": 49021589,
        "interestIncome": 0,
        "interestExpense": 0,
        "depreciationAndAmortization": 18516004,
        "ebitda": 62049000,
        "ebitdaratio": 0.5818352078,
        "operatingIncome": 57622009,
        "operatingIncomeRatio": 0.5403231894,
        "totalOtherIncomeExpensesNet": 56729611,
        "incomeBeforeTax": 100262611,
        "incomeBeforeTaxRatio": 0.9401653065,
        "incomeTaxExpense": 26938245,
        "netIncome": 31165612,
        "netIncomeRatio": 0.2922408151,
        "eps": 0.52,
        "epsdiluted": 0.51,
        "weightedAverageShsOut": 57248077,
        "weightedAverageShsOutDil": 58370588,
        "link": "https://www.sec.gov/Archives/edgar/data/910606/000089706903001421/0000897069-03-001421-index.htm",
        "finalLink": "https://www.sec.gov/Archives/edgar/data/910606/000089706903001421/dkm537.txt"
    },
    {
        "date": "2003-06-30",
        "symbol": "REG",
        "reportedCurrency": "USD",
        "cik": "0000910606",
        "fillingDate": "2003-08-12",
        "acceptedDate": "2003-08-12 10:06:24",
        "calendarYear": "2003",
        "period": "Q2",
        "revenue": 101468403,
        "costOfRevenue": 0,
        "grossProfit": 101468403,
        "grossProfitRatio": 1,
        "researchAndDevelopmentExpenses": 0,
        "generalAndAdministrativeExpenses": 6165875,
        "sellingAndMarketingExpenses": 0,
        "sellingGeneralAndAdministrativeExpenses": 6165875,
        "otherExpenses": 0,
        "operatingExpenses": 48798917,
        "costAndExpenses": 48798917,
        "interestIncome": 0,
        "interestExpense": 0,
        "depreciationAndAmortization": 18899455,
        "ebitda": 71568941,
        "ebitdaratio": 0.7053322895,
        "operatingIncome": 52669486,
        "operatingIncomeRatio": 0.5190727797,
        "totalOtherIncomeExpensesNet": 0,
        "incomeBeforeTax": 0,
        "incomeBeforeTaxRatio": 0,
        "incomeTaxExpense": 25677591,
        "netIncome": 26991895,
        "netIncomeRatio": 0.2660128099,
        "eps": 0.43,
        "epsdiluted": 0.42,
        "weightedAverageShsOut": 59609302,
        "weightedAverageShsOutDil": 61028571,
        "link": "https://www.sec.gov/Archives/edgar/data/910606/000089706903000873/0000897069-03-000873-index.htm",
        "finalLink": "https://www.sec.gov/Archives/edgar/data/910606/000089706903000873/dkm425.txt"
    },
    {
        "date": "2003-03-31",
        "symbol": "REG",
        "reportedCurrency": "USD",
        "cik": "0000910606",
        "fillingDate": "2003-05-15",
        "acceptedDate": "2003-05-15 16:32:41",
        "calendarYear": "2003",
        "period": "Q1",
        "revenue": 97495849,
        "costOfRevenue": 0,
        "grossProfit": 97495849,
        "grossProfitRatio": 1,
        "researchAndDevelopmentExpenses": 0,
        "generalAndAdministrativeExpenses": 4134899,
        "sellingAndMarketingExpenses": 0,
        "sellingGeneralAndAdministrativeExpenses": 4134899,
        "otherExpenses": 0,
        "operatingExpenses": 46970855,
        "costAndExpenses": 46970855,
        "interestIncome": 0,
        "interestExpense": 0,
        "depreciationAndAmortization": 18863396,
        "ebitda": 65122000,
        "ebitdaratio": 0.6679463861,
        "operatingIncome": 50524994,
        "operatingIncomeRatio": 0.5182271299,
        "totalOtherIncomeExpensesNet": 6601973,
        "incomeBeforeTax": 52860973,
        "incomeBeforeTaxRatio": 0.5421869089,
        "incomeTaxExpense": 32600542,
        "netIncome": 17924452,
        "netIncomeRatio": 0.1838483606,
        "eps": 0.3,
        "epsdiluted": 0.3,
        "weightedAverageShsOut": 59746667,
        "weightedAverageShsOutDil": 59746667,
        "link": "https://www.sec.gov/Archives/edgar/data/910606/000089706903000589/0000897069-03-000589-index.htm",
        "finalLink": "https://www.sec.gov/Archives/edgar/data/910606/000089706903000589/dkm365.txt"
    },
    {
        "date": "2002-12-31",
        "symbol": "REG",
        "reportedCurrency": "USD",
        "cik": "0000910606",
        "fillingDate": "2003-03-18",
        "acceptedDate": "2003-03-18 14:56:12",
        "calendarYear": "2002",
        "period": "Q4",
        "revenue": 91175801,
        "costOfRevenue": 0,
        "grossProfit": 91175801,
        "grossProfitRatio": 1,
        "researchAndDevelopmentExpenses": 0,
        "generalAndAdministrativeExpenses": 7258673,
        "sellingAndMarketingExpenses": 0,
        "sellingGeneralAndAdministrativeExpenses": 7258673,
        "otherExpenses": 0,
        "operatingExpenses": 46155293,
        "costAndExpenses": 46155293,
        "interestIncome": 0,
        "interestExpense": 0,
        "depreciationAndAmortization": 20221250,
        "ebitda": 65241758,
        "ebitdaratio": 0.7155600201,
        "operatingIncome": 45020508,
        "operatingIncomeRatio": 0.4937769398,
        "totalOtherIncomeExpensesNet": -45020508,
        "incomeBeforeTax": 0,
        "incomeBeforeTaxRatio": 0,
        "incomeTaxExpense": 10211789,
        "netIncome": 34808719,
        "netIncomeRatio": 0.3817758508,
        "eps": 0.58,
        "epsdiluted": 0.58,
        "weightedAverageShsOut": 58891063,
        "weightedAverageShsOutDil": 59748173,
        "link": "https://www.sec.gov/Archives/edgar/data/910606/000089706903000331/0000897069-03-000331-index.htm",
        "finalLink": "https://www.sec.gov/Archives/edgar/data/910606/000089706903000331/dkm305.txt"
    },
    {
        "date": "2002-09-30",
        "symbol": "REG",
        "reportedCurrency": "USD",
        "cik": "0000910606",
        "fillingDate": "2002-11-13",
        "acceptedDate": "2002-11-13 12:10:01",
        "calendarYear": "2002",
        "period": "Q3",
        "revenue": 104232480,
        "costOfRevenue": 0,
        "grossProfit": 104232480,
        "grossProfitRatio": 1,
        "researchAndDevelopmentExpenses": 0,
        "generalAndAdministrativeExpenses": 6097587,
        "sellingAndMarketingExpenses": 0,
        "sellingGeneralAndAdministrativeExpenses": 6097587,
        "otherExpenses": 0,
        "operatingExpenses": 49040524,
        "costAndExpenses": 49040524,
        "interestIncome": 0,
        "interestExpense": 0,
        "depreciationAndAmortization": 18812548,
        "ebitda": 159453847,
        "ebitdaratio": 1.5297903974,
        "operatingIncome": 55191956,
        "operatingIncomeRatio": 0.5295082301,
        "totalOtherIncomeExpensesNet": -85506097,
        "incomeBeforeTax": 55135202,
        "incomeBeforeTaxRatio": 0.5289637357,
        "incomeTaxExpense": 27742887,
        "netIncome": 27449069,
        "netIncomeRatio": 0.2633446791,
        "eps": 0.46,
        "epsdiluted": 0.46,
        "weightedAverageShsOut": 58344000,
        "weightedAverageShsOutDil": 60170000,
        "link": "https://www.sec.gov/Archives/edgar/data/910606/000089706902000890/0000897069-02-000890-index.htm",
        "finalLink": "https://www.sec.gov/Archives/edgar/data/910606/000089706902000890/dkm185.txt"
    },
    {
        "date": "2002-06-30",
        "symbol": "REG",
        "reportedCurrency": "USD",
        "cik": "0000910606",
        "fillingDate": "2002-08-13",
        "acceptedDate": "2002-08-13 13:28:54",
        "calendarYear": "2002",
        "period": "Q2",
        "revenue": 95331948,
        "costOfRevenue": 0,
        "grossProfit": 95331948,
        "grossProfitRatio": 1,
        "researchAndDevelopmentExpenses": 0,
        "generalAndAdministrativeExpenses": 5228148,
        "sellingAndMarketingExpenses": 0,
        "sellingGeneralAndAdministrativeExpenses": 5228148,
        "otherExpenses": 0,
        "operatingExpenses": 46630432,
        "costAndExpenses": 46630432,
        "interestIncome": 0,
        "interestExpense": 0,
        "depreciationAndAmortization": 18036430,
        "ebitda": 151188873,
        "ebitdaratio": 1.585920315,
        "operatingIncome": 48701516,
        "operatingIncomeRatio": 0.5108624865,
        "totalOtherIncomeExpensesNet": -133152443,
        "incomeBeforeTax": 89612640,
        "incomeBeforeTaxRatio": 0.9400063869,
        "incomeTaxExpense": 25711299,
        "netIncome": 22990217,
        "netIncomeRatio": 0.2411596268,
        "eps": 0.38,
        "epsdiluted": 0.38,
        "weightedAverageShsOut": 58120000,
        "weightedAverageShsOutDil": 60099000,
        "link": "https://www.sec.gov/Archives/edgar/data/910606/000089706902000579/0000897069-02-000579-index.htm",
        "finalLink": "https://www.sec.gov/Archives/edgar/data/910606/000089706902000579/dkm107.txt"
    },
    {
        "date": "2002-03-31",
        "symbol": "REG",
        "reportedCurrency": "USD",
        "cik": "0000910606",
        "fillingDate": "2002-05-15",
        "acceptedDate": "2002-05-15 14:23:13",
        "calendarYear": "2002",
        "period": "Q1",
        "revenue": 94591055,
        "costOfRevenue": 0,
        "grossProfit": 94591055,
        "grossProfitRatio": 1,
        "researchAndDevelopmentExpenses": 0,
        "generalAndAdministrativeExpenses": 3989595,
        "sellingAndMarketingExpenses": 0,
        "sellingGeneralAndAdministrativeExpenses": 3989595,
        "otherExpenses": 0,
        "operatingExpenses": 45696604,
        "costAndExpenses": 45696604,
        "interestIncome": 0,
        "interestExpense": 0,
        "depreciationAndAmortization": 17309433,
        "ebitda": 66203884,
        "ebitdaratio": 0.69989582,
        "operatingIncome": 48894451,
        "operatingIncomeRatio": 0.5169035381,
        "totalOtherIncomeExpensesNet": 2559736,
        "incomeBeforeTax": 51454187,
        "incomeBeforeTaxRatio": 0.543964617,
        "incomeTaxExpense": 23617788,
        "netIncome": 25276663,
        "netIncomeRatio": 0.2672204364,
        "eps": 0.42,
        "epsdiluted": 0.42,
        "weightedAverageShsOut": 58376274,
        "weightedAverageShsOutDil": 58376274,
        "link": "https://www.sec.gov/Archives/edgar/data/910606/000089706902000381/0000897069-02-000381-index.htm",
        "finalLink": "https://www.sec.gov/Archives/edgar/data/910606/000089706902000381/dkm172.txt"
    },
    {
        "date": "2001-12-31",
        "symbol": "REG",
        "reportedCurrency": "USD",
        "cik": "0000910606",
        "fillingDate": "2002-03-22",
        "acceptedDate": "2002-03-22 00:00:00",
        "calendarYear": "2001",
        "period": "Q4",
        "revenue": 102569982,
        "costOfRevenue": 0,
        "grossProfit": 102569982,
        "grossProfitRatio": 1,
        "researchAndDevelopmentExpenses": 0,
        "generalAndAdministrativeExpenses": 7173566,
        "sellingAndMarketingExpenses": 0,
        "sellingGeneralAndAdministrativeExpenses": 7173566,
        "otherExpenses": 0,
        "operatingExpenses": 46901688,
        "costAndExpenses": 46901688,
        "interestIncome": 0,
        "interestExpense": 0,
        "depreciationAndAmortization": 17764237,
        "ebitda": 73432531,
        "ebitdaratio": 0.7159261371,
        "operatingIncome": 55668294,
        "operatingIncomeRatio": 0.5427347545,
        "totalOtherIncomeExpensesNet": -261997,
        "incomeBeforeTax": 55406297,
        "incomeBeforeTaxRatio": 0.5401804302,
        "incomeTaxExpense": 29148586,
        "netIncome": 26519708,
        "netIncomeRatio": 0.2585523316,
        "eps": 0.45,
        "epsdiluted": 0.45,
        "weightedAverageShsOut": 57381297,
        "weightedAverageShsOutDil": 58376274,
        "link": "https://www.sec.gov/Archives/edgar/data/910606/000089706902000227/0000897069-02-000227-index.htm",
        "finalLink": "https://www.sec.gov/Archives/edgar/data/910606/000089706902000227/dkm140.txt"
    },
    {
        "date": "2001-09-30",
        "symbol": "REG",
        "reportedCurrency": "USD",
        "cik": "0000910606",
        "fillingDate": "2001-11-13",
        "acceptedDate": "2001-11-13 00:00:00",
        "calendarYear": "2001",
        "period": "Q3",
        "revenue": 97717376,
        "costOfRevenue": 0,
        "grossProfit": 97717376,
        "grossProfitRatio": 1,
        "researchAndDevelopmentExpenses": 0,
        "generalAndAdministrativeExpenses": 4469616,
        "sellingAndMarketingExpenses": 0,
        "sellingGeneralAndAdministrativeExpenses": 4469616,
        "otherExpenses": 0,
        "operatingExpenses": 44770023,
        "costAndExpenses": 44770023,
        "interestIncome": 0,
        "interestExpense": 0,
        "depreciationAndAmortization": 16972770,
        "ebitda": 149672988,
        "ebitdaratio": 1.5316926644,
        "operatingIncome": 52947353,
        "operatingIncomeRatio": 0.5418417396,
        "totalOtherIncomeExpensesNet": -79889797,
        "incomeBeforeTax": 52810421,
        "incomeBeforeTaxRatio": 0.540440433,
        "incomeTaxExpense": 26097684,
        "netIncome": 26849669,
        "netIncomeRatio": 0.2747686246,
        "eps": 0.45,
        "epsdiluted": 0.45,
        "weightedAverageShsOut": 57590932,
        "weightedAverageShsOutDil": 57590932,
        "link": "https://www.sec.gov/Archives/edgar/data/910606/000089706901500559/0000897069-01-500559-index.htm",
        "finalLink": "https://www.sec.gov/Archives/edgar/data/910606/000089706901500559/dkm79.txt"
    },
    {
        "date": "2001-06-30",
        "symbol": "REG",
        "reportedCurrency": "USD",
        "cik": "0000910606",
        "fillingDate": "2001-08-14",
        "acceptedDate": "2001-08-14 00:00:00",
        "calendarYear": "2001",
        "period": "Q2",
        "revenue": 95270408,
        "costOfRevenue": 0,
        "grossProfit": 95270408,
        "grossProfitRatio": 1,
        "researchAndDevelopmentExpenses": 0,
        "generalAndAdministrativeExpenses": 4602583,
        "sellingAndMarketingExpenses": 0,
        "sellingGeneralAndAdministrativeExpenses": 4602583,
        "otherExpenses": 0,
        "operatingExpenses": 45091967,
        "costAndExpenses": 45091967,
        "interestIncome": 0,
        "interestExpense": 0,
        "depreciationAndAmortization": 16872664,
        "ebitda": 149336683,
        "ebitdaratio": 1.5675033427,
        "operatingIncome": 50178441,
        "operatingIncomeRatio": 0.5266949313,
        "totalOtherIncomeExpensesNet": -81255931,
        "incomeBeforeTax": 51208088,
        "incomeBeforeTaxRatio": 0.537502558,
        "incomeTaxExpense": 26029435,
        "netIncome": 24149006,
        "netIncomeRatio": 0.2534785618,
        "eps": 0.41,
        "epsdiluted": 0.41,
        "weightedAverageShsOut": 57504000,
        "weightedAverageShsOutDil": 59273000,
        "link": "https://www.sec.gov/Archives/edgar/data/910606/000089706901500365/0000897069-01-500365-index.htm",
        "finalLink": "https://www.sec.gov/Archives/edgar/data/910606/000089706901500365/dkm47.txt"
    },
    {
        "date": "2001-03-31",
        "symbol": "REG",
        "reportedCurrency": "USD",
        "cik": "0000910606",
        "fillingDate": "2001-05-15",
        "acceptedDate": "2001-05-15 00:00:00",
        "calendarYear": "2001",
        "period": "Q1",
        "revenue": 92991743,
        "costOfRevenue": 0,
        "grossProfit": 92991743,
        "grossProfitRatio": 1,
        "researchAndDevelopmentExpenses": 0,
        "generalAndAdministrativeExpenses": 4315174,
        "sellingAndMarketingExpenses": 0,
        "sellingGeneralAndAdministrativeExpenses": 4315174,
        "otherExpenses": 0,
        "operatingExpenses": 43535530,
        "costAndExpenses": 43535530,
        "interestIncome": 0,
        "interestExpense": 0,
        "depreciationAndAmortization": 15895916,
        "ebitda": 65352129,
        "ebitdaratio": 0.7027734602,
        "operatingIncome": 49456213,
        "operatingIncomeRatio": 0.5318344555,
        "totalOtherIncomeExpensesNet": 68658,
        "incomeBeforeTax": 49524871,
        "incomeBeforeTaxRatio": 0.5325727791,
        "incomeTaxExpense": 26310389,
        "netIncome": 23145824,
        "netIncomeRatio": 0.2489019267,
        "eps": 0.39,
        "epsdiluted": 0.39,
        "weightedAverageShsOut": 57466633,
        "weightedAverageShsOutDil": 57466633,
        "link": "https://www.sec.gov/Archives/edgar/data/910606/000089706901500182/0000897069-01-500182-index.htm",
        "finalLink": "https://www.sec.gov/Archives/edgar/data/910606/000089706901500182/dkm16.txt"
    },
    {
        "date": "2000-12-31",
        "symbol": "REG",
        "reportedCurrency": "USD",
        "cik": "0000910606",
        "fillingDate": "2001-03-19",
        "acceptedDate": "2001-03-19 00:00:00",
        "calendarYear": "2000",
        "period": "Q4",
        "revenue": 101480171,
        "costOfRevenue": 0,
        "grossProfit": 101480171,
        "grossProfitRatio": 1,
        "researchAndDevelopmentExpenses": 0,
        "generalAndAdministrativeExpenses": 6678658,
        "sellingAndMarketingExpenses": 0,
        "sellingGeneralAndAdministrativeExpenses": 6678658,
        "otherExpenses": 0,
        "operatingExpenses": 53897795,
        "costAndExpenses": 53897795,
        "interestIncome": 0,
        "interestExpense": 0,
        "depreciationAndAmortization": 16266494,
        "ebitda": 63848870,
        "ebitdaratio": 0.6291758219,
        "operatingIncome": 47582376,
        "operatingIncomeRatio": 0.4688834827,
        "totalOtherIncomeExpensesNet": 0,
        "incomeBeforeTax": 0,
        "incomeBeforeTaxRatio": 0,
        "incomeTaxExpense": 22989219,
        "netIncome": 24593157,
        "netIncomeRatio": 0.2423444576,
        "eps": 0.43,
        "epsdiluted": 0.43,
        "weightedAverageShsOut": 56933923,
        "weightedAverageShsOutDil": 57466633,
        "link": "https://www.sec.gov/Archives/edgar/data/910606/000091060601000001/0000910606-01-000001-index.htm",
        "finalLink": "https://www.sec.gov/Archives/edgar/data/910606/000091060601000001/0000910606-01-000001-0001.txt"
    },
    {
        "date": "2000-09-30",
        "symbol": "REG",
        "reportedCurrency": "USD",
        "cik": "0000910606",
        "fillingDate": "2000-11-07",
        "acceptedDate": "2000-11-07 00:00:00",
        "calendarYear": "2000",
        "period": "Q3",
        "revenue": 92638418,
        "costOfRevenue": 0,
        "grossProfit": 92638418,
        "grossProfitRatio": 1,
        "researchAndDevelopmentExpenses": 0,
        "generalAndAdministrativeExpenses": 4996685,
        "sellingAndMarketingExpenses": 0,
        "sellingGeneralAndAdministrativeExpenses": 4996685,
        "otherExpenses": 0,
        "operatingExpenses": 41600387,
        "costAndExpenses": 41600387,
        "interestIncome": 0,
        "interestExpense": 0,
        "depreciationAndAmortization": 14776780,
        "ebitda": 65814811,
        "ebitdaratio": 0.7104483477,
        "operatingIncome": 51038031,
        "operatingIncomeRatio": 0.5509380676,
        "totalOtherIncomeExpensesNet": 0,
        "incomeBeforeTax": 0,
        "incomeBeforeTaxRatio": 0,
        "incomeTaxExpense": 26457342,
        "netIncome": 24580689,
        "netIncomeRatio": 0.2653401206,
        "eps": 0.42,
        "epsdiluted": 0.42,
        "weightedAverageShsOut": 56860071,
        "weightedAverageShsOutDil": 56860071,
        "link": "https://www.sec.gov/Archives/edgar/data/910606/000091060600000011/0000910606-00-000011-index.htm",
        "finalLink": "https://www.sec.gov/Archives/edgar/data/910606/000091060600000011/0000910606-00-000011-0001.txt"
    },
    {
        "date": "2000-06-30",
        "symbol": "REG",
        "reportedCurrency": "USD",
        "cik": "0000910606",
        "fillingDate": "2000-08-14",
        "acceptedDate": "2000-08-14 00:00:00",
        "calendarYear": "2000",
        "period": "Q2",
        "revenue": 86263174,
        "costOfRevenue": 0,
        "grossProfit": 86263174,
        "grossProfitRatio": 1,
        "researchAndDevelopmentExpenses": 0,
        "generalAndAdministrativeExpenses": 3761187,
        "sellingAndMarketingExpenses": 0,
        "sellingGeneralAndAdministrativeExpenses": 3761187,
        "otherExpenses": 0,
        "operatingExpenses": 31307953,
        "costAndExpenses": 31307953,
        "interestIncome": 0,
        "interestExpense": 0,
        "depreciationAndAmortization": 14625223,
        "ebitda": 69580444,
        "ebitdaratio": 0.8066065828,
        "operatingIncome": 54955221,
        "operatingIncomeRatio": 0.6370646761,
        "totalOtherIncomeExpensesNet": -6891315,
        "incomeBeforeTax": 48063906,
        "incomeBeforeTaxRatio": 0.5571775738,
        "incomeTaxExpense": 38838177,
        "netIncome": 16117044,
        "netIncomeRatio": 0.1868357406,
        "eps": 0.27,
        "epsdiluted": 0.27,
        "weightedAverageShsOut": 57102167,
        "weightedAverageShsOutDil": 57102167,
        "link": "https://www.sec.gov/Archives/edgar/data/910606/000091060600000008/0000910606-00-000008-index.htm",
        "finalLink": "https://www.sec.gov/Archives/edgar/data/910606/000091060600000008/0000910606-00-000008-0001.txt"
    },
    {
        "date": "2000-03-31",
        "symbol": "REG",
        "reportedCurrency": "USD",
        "cik": "0000910606",
        "fillingDate": "2000-05-10",
        "acceptedDate": "2000-05-10 00:00:00",
        "calendarYear": "2000",
        "period": "Q1",
        "revenue": 81201655,
        "costOfRevenue": 0,
        "grossProfit": 81201655,
        "grossProfitRatio": 1,
        "researchAndDevelopmentExpenses": 0,
        "generalAndAdministrativeExpenses": 4496079,
        "sellingAndMarketingExpenses": 0,
        "sellingGeneralAndAdministrativeExpenses": 4496079,
        "otherExpenses": 0,
        "operatingExpenses": 36789625,
        "costAndExpenses": 36789625,
        "interestIncome": 0,
        "interestExpense": 0,
        "depreciationAndAmortization": 13761765,
        "ebitda": 58173795,
        "ebitdaratio": 0.7164114451,
        "operatingIncome": 44412030,
        "operatingIncomeRatio": 0.5469350348,
        "totalOtherIncomeExpensesNet": 0,
        "incomeBeforeTax": 0,
        "incomeBeforeTaxRatio": 0,
        "incomeTaxExpense": 22092088,
        "netIncome": 22319942,
        "netIncomeRatio": 0.2748705307,
        "eps": 0.38,
        "epsdiluted": 0.38,
        "weightedAverageShsOut": 56896008,
        "weightedAverageShsOutDil": 56896008,
        "link": "https://www.sec.gov/Archives/edgar/data/910606/000091060600000004/0000910606-00-000004-index.html",
        "finalLink": "https://www.sec.gov/Archives/edgar/data/910606/000091060600000004/"
    },
    {
        "date": "1999-12-31",
        "symbol": "REG",
        "reportedCurrency": "USD",
        "cik": "0000910606",
        "fillingDate": "2000-03-17",
        "acceptedDate": "2000-03-17 00:00:00",
        "calendarYear": "1999",
        "period": "Q4",
        "revenue": 90086931,
        "costOfRevenue": 0,
        "grossProfit": 90086931,
        "grossProfitRatio": 1,
        "researchAndDevelopmentExpenses": 0,
        "generalAndAdministrativeExpenses": 5674225,
        "sellingAndMarketingExpenses": 0,
        "sellingGeneralAndAdministrativeExpenses": 5674225,
        "otherExpenses": 0,
        "operatingExpenses": 218816340,
        "costAndExpenses": 218816340,
        "interestIncome": 0,
        "interestExpense": 0,
        "depreciationAndAmortization": 14267619,
        "ebitda": -114461790,
        "ebitdaratio": -1.2705704227,
        "operatingIncome": -128729409,
        "operatingIncomeRatio": -1.4289465472,
        "totalOtherIncomeExpensesNet": 128729409,
        "incomeBeforeTax": 0,
        "incomeBeforeTaxRatio": 0,
        "incomeTaxExpense": -155275373,
        "netIncome": 26545964,
        "netIncomeRatio": 0.2946705333,
        "eps": 0.47,
        "epsdiluted": 0.47,
        "weightedAverageShsOut": 56896008,
        "weightedAverageShsOutDil": 56896008,
        "link": "https://www.sec.gov/Archives/edgar/data/910606/000091060600000001/0000910606-00-000001-index.html",
        "finalLink": "https://www.sec.gov/Archives/edgar/data/910606/000091060600000001/"
    },
    {
        "date": "1999-09-30",
        "symbol": "REG",
        "reportedCurrency": "USD",
        "cik": "0000910606",
        "fillingDate": "1999-11-08",
        "acceptedDate": "1999-11-08 00:00:00",
        "calendarYear": "1999",
        "period": "Q3",
        "revenue": 79800000,
        "costOfRevenue": 0,
        "grossProfit": 79800000,
        "grossProfitRatio": 1,
        "researchAndDevelopmentExpenses": 0,
        "generalAndAdministrativeExpenses": 4800000,
        "sellingAndMarketingExpenses": 0,
        "sellingGeneralAndAdministrativeExpenses": 4800000,
        "otherExpenses": 0,
        "operatingExpenses": -31700000,
        "costAndExpenses": -31700000,
        "interestIncome": 0,
        "interestExpense": 0,
        "depreciationAndAmortization": 22000000,
        "ebitda": 133500000,
        "ebitdaratio": 1.6729323308,
        "operatingIncome": 111500000,
        "operatingIncomeRatio": 1.3972431078,
        "totalOtherIncomeExpensesNet": 0,
        "incomeBeforeTax": 0,
        "incomeBeforeTaxRatio": 0,
        "incomeTaxExpense": 86900000,
        "netIncome": 24600000,
        "netIncomeRatio": 0.3082706767,
        "eps": 0.4,
        "epsdiluted": 0.4,
        "weightedAverageShsOut": 59750000,
        "weightedAverageShsOutDil": 59750000,
        "link": "https://www.sec.gov/Archives/edgar/data/910606/000091060699000020/0000910606-99-000020-index.html",
        "finalLink": "https://www.sec.gov/Archives/edgar/data/910606/000091060699000020/"
    },
    {
        "date": "1999-06-30",
        "symbol": "REG",
        "reportedCurrency": "USD",
        "cik": "0000910606",
        "fillingDate": "1999-08-11",
        "acceptedDate": "1999-08-11 00:00:00",
        "calendarYear": "1999",
        "period": "Q2",
        "revenue": 80300000,
        "costOfRevenue": 0,
        "grossProfit": 80300000,
        "grossProfitRatio": 1,
        "researchAndDevelopmentExpenses": 0,
        "generalAndAdministrativeExpenses": 5100000,
        "sellingAndMarketingExpenses": 0,
        "sellingGeneralAndAdministrativeExpenses": 5100000,
        "otherExpenses": 0,
        "operatingExpenses": -30000000,
        "costAndExpenses": -30000000,
        "interestIncome": 0,
        "interestExpense": 0,
        "depreciationAndAmortization": 3500000,
        "ebitda": 113800000,
        "ebitdaratio": 1.4171855542,
        "operatingIncome": 110300000,
        "operatingIncomeRatio": 1.3735990037,
        "totalOtherIncomeExpensesNet": 0,
        "incomeBeforeTax": 0,
        "incomeBeforeTaxRatio": 0,
        "incomeTaxExpense": 85300000,
        "netIncome": 25000000,
        "netIncomeRatio": 0.3113325031,
        "eps": 0.41,
        "epsdiluted": 0.41,
        "weightedAverageShsOut": 59268293,
        "weightedAverageShsOutDil": 59268293,
        "link": "https://www.sec.gov/Archives/edgar/data/910606/000091060699000015/0000910606-99-000015-index.html",
        "finalLink": "https://www.sec.gov/Archives/edgar/data/910606/000091060699000015/"
    },
    {
        "date": "1999-03-31",
        "symbol": "REG",
        "reportedCurrency": "USD",
        "cik": "0000910606",
        "fillingDate": "1999-05-17",
        "acceptedDate": "1999-05-17 00:00:00",
        "calendarYear": "1999",
        "period": "Q1",
        "revenue": 51900000,
        "costOfRevenue": 0,
        "grossProfit": 51900000,
        "grossProfitRatio": 1,
        "researchAndDevelopmentExpenses": 0,
        "generalAndAdministrativeExpenses": 3800000,
        "sellingAndMarketingExpenses": 0,
        "sellingGeneralAndAdministrativeExpenses": 3800000,
        "otherExpenses": 0,
        "operatingExpenses": -21200000,
        "costAndExpenses": -21200000,
        "interestIncome": 0,
        "interestExpense": 0,
        "depreciationAndAmortization": 9400000,
        "ebitda": 82500000,
        "ebitdaratio": 1.5895953757,
        "operatingIncome": 73100000,
        "operatingIncomeRatio": 1.408477842,
        "totalOtherIncomeExpensesNet": 0,
        "incomeBeforeTax": 0,
        "incomeBeforeTaxRatio": 0,
        "incomeTaxExpense": 59400000,
        "netIncome": 13700000,
        "netIncomeRatio": 0.2639691715,
        "eps": 0.34,
        "epsdiluted": 0.34,
        "weightedAverageShsOut": 57831620,
        "weightedAverageShsOutDil": 57831620,
        "link": "https://www.sec.gov/Archives/edgar/data/910606/000089706999000320/0000897069-99-000320-index.html",
        "finalLink": "https://www.sec.gov/Archives/edgar/data/910606/"
    },
    {
        "date": "1998-12-31",
        "symbol": "REG",
        "reportedCurrency": "USD",
        "cik": "0000910606",
        "fillingDate": "1999-03-15",
        "acceptedDate": "1999-03-15 00:00:00",
        "calendarYear": "1998",
        "period": "Q4",
        "revenue": 28896000,
        "costOfRevenue": 0,
        "grossProfit": 28896000,
        "grossProfitRatio": 1,
        "researchAndDevelopmentExpenses": 0,
        "generalAndAdministrativeExpenses": 4464148,
        "sellingAndMarketingExpenses": 0,
        "sellingGeneralAndAdministrativeExpenses": 4464148,
        "otherExpenses": 0,
        "operatingExpenses": 111154342,
        "costAndExpenses": 111154342,
        "interestIncome": 0,
        "interestExpense": 0,
        "depreciationAndAmortization": 7046000,
        "ebitda": -75212340,
        "ebitdaratio": -2.6028633721,
        "operatingIncome": -82258341,
        "operatingIncomeRatio": -2.8467033846,
        "totalOtherIncomeExpensesNet": 0,
        "incomeBeforeTax": 0,
        "incomeBeforeTaxRatio": 0,
        "incomeTaxExpense": -92448415,
        "netIncome": 10190074,
        "netIncomeRatio": 0.3526465255,
        "eps": 0.18,
        "epsdiluted": 0.18,
        "weightedAverageShsOut": 57831620,
        "weightedAverageShsOutDil": 57831620,
        "link": "https://www.sec.gov/Archives/edgar/data/910606/000089706999000132/0000897069-99-000132-index.html",
        "finalLink": "https://www.sec.gov/Archives/edgar/data/910606/"
    },
    {
        "date": "1998-09-30",
        "symbol": "REG",
        "reportedCurrency": "USD",
        "cik": "0000910606",
        "fillingDate": "1998-11-16",
        "acceptedDate": "1998-11-16 00:00:00",
        "calendarYear": "1998",
        "period": "Q3",
        "revenue": 37100000,
        "costOfRevenue": 0,
        "grossProfit": 37100000,
        "grossProfitRatio": 1,
        "researchAndDevelopmentExpenses": 0,
        "generalAndAdministrativeExpenses": 3400000,
        "sellingAndMarketingExpenses": 0,
        "sellingGeneralAndAdministrativeExpenses": 3400000,
        "otherExpenses": 0,
        "operatingExpenses": -14400000,
        "costAndExpenses": -14400000,
        "interestIncome": 0,
        "interestExpense": 0,
        "depreciationAndAmortization": 6600000,
        "ebitda": 58100000,
        "ebitdaratio": 1.5660377358,
        "operatingIncome": 51500000,
        "operatingIncomeRatio": 1.3881401617,
        "totalOtherIncomeExpensesNet": 0,
        "incomeBeforeTax": 0,
        "incomeBeforeTaxRatio": 0,
        "incomeTaxExpense": 41400000,
        "netIncome": 10100000,
        "netIncomeRatio": 0.2722371968,
        "eps": 0.34,
        "epsdiluted": 0.34,
        "weightedAverageShsOut": 29705882,
        "weightedAverageShsOutDil": 29705882,
        "link": "https://www.sec.gov/Archives/edgar/data/910606/000091060698000013/0000910606-98-000013-index.html",
        "finalLink": "https://www.sec.gov/Archives/edgar/data/910606/"
    },
    {
        "date": "1998-06-30",
        "symbol": "REG",
        "reportedCurrency": "USD",
        "cik": "0000910606",
        "fillingDate": "1998-08-14",
        "acceptedDate": "1998-08-14 00:00:00",
        "calendarYear": "1998",
        "period": "Q2",
        "revenue": 35900000,
        "costOfRevenue": 0,
        "grossProfit": 35900000,
        "grossProfitRatio": 1,
        "researchAndDevelopmentExpenses": 0,
        "generalAndAdministrativeExpenses": 3800000,
        "sellingAndMarketingExpenses": 0,
        "sellingGeneralAndAdministrativeExpenses": 3800000,
        "otherExpenses": 0,
        "operatingExpenses": -13300000,
        "costAndExpenses": -13300000,
        "interestIncome": 0,
        "interestExpense": 0,
        "depreciationAndAmortization": 5700000,
        "ebitda": 54900000,
        "ebitdaratio": 1.5292479109,
        "operatingIncome": 49200000,
        "operatingIncomeRatio": 1.3704735376,
        "totalOtherIncomeExpensesNet": 0,
        "incomeBeforeTax": 0,
        "incomeBeforeTaxRatio": 0,
        "incomeTaxExpense": 38400000,
        "netIncome": 10800000,
        "netIncomeRatio": 0.3008356546,
        "eps": 0.38,
        "epsdiluted": 0.36,
        "weightedAverageShsOut": 28421053,
        "weightedAverageShsOutDil": 30000000,
        "link": "https://www.sec.gov/Archives/edgar/data/910606/000091060698000008/0000910606-98-000008-index.html",
        "finalLink": "https://www.sec.gov/Archives/edgar/data/910606/"
    },
    {
        "date": "1998-03-31",
        "symbol": "REG",
        "reportedCurrency": "USD",
        "cik": "0000910606",
        "fillingDate": "1998-05-15",
        "acceptedDate": "1998-05-15 00:00:00",
        "calendarYear": "1998",
        "period": "Q1",
        "revenue": 41200000,
        "costOfRevenue": 0,
        "grossProfit": 41200000,
        "grossProfitRatio": 1,
        "researchAndDevelopmentExpenses": 0,
        "generalAndAdministrativeExpenses": 3400000,
        "sellingAndMarketingExpenses": 0,
        "sellingGeneralAndAdministrativeExpenses": 3400000,
        "otherExpenses": 0,
        "operatingExpenses": -12400000,
        "costAndExpenses": -12400000,
        "interestIncome": 0,
        "interestExpense": 0,
        "depreciationAndAmortization": 5700000,
        "ebitda": 59300000,
        "ebitdaratio": 1.4393203883,
        "operatingIncome": 53600000,
        "operatingIncomeRatio": 1.3009708738,
        "totalOtherIncomeExpensesNet": 0,
        "incomeBeforeTax": 0,
        "incomeBeforeTaxRatio": 0,
        "incomeTaxExpense": 34000000,
        "netIncome": 19600000,
        "netIncomeRatio": 0.4757281553,
        "eps": 0.74,
        "epsdiluted": 0.69,
        "weightedAverageShsOut": 26486486,
        "weightedAverageShsOutDil": 28405797,
        "link": "https://www.sec.gov/Archives/edgar/data/910606/000091060698000006/0000910606-98-000006-index.html",
        "finalLink": "https://www.sec.gov/Archives/edgar/data/910606/"
    },
    {
        "date": "1997-12-31",
        "symbol": "REG",
        "reportedCurrency": "USD",
        "cik": "0000910606",
        "fillingDate": "1998-03-24",
        "acceptedDate": "1998-03-24 00:00:00",
        "calendarYear": "1997",
        "period": "Q4",
        "revenue": 27986897,
        "costOfRevenue": 0,
        "grossProfit": 27986897,
        "grossProfitRatio": 1,
        "researchAndDevelopmentExpenses": 0,
        "generalAndAdministrativeExpenses": 2163926,
        "sellingAndMarketingExpenses": 0,
        "sellingGeneralAndAdministrativeExpenses": 2163926,
        "otherExpenses": 0,
        "operatingExpenses": 76671216,
        "costAndExpenses": 76671216,
        "interestIncome": 0,
        "interestExpense": 0,
        "depreciationAndAmortization": 4103159,
        "ebitda": -44581160,
        "ebitdaratio": -1.5929297199,
        "operatingIncome": -48684319,
        "operatingIncomeRatio": -1.739539721,
        "totalOtherIncomeExpensesNet": 0,
        "incomeBeforeTax": 0,
        "incomeBeforeTaxRatio": 0,
        "incomeTaxExpense": -58585974,
        "netIncome": 9901655,
        "netIncomeRatio": 0.3537960997,
        "eps": 0.37,
        "epsdiluted": 0.37,
        "weightedAverageShsOut": 26486486,
        "weightedAverageShsOutDil": 26486486,
        "link": "https://www.sec.gov/Archives/edgar/data/910606/000091060698000004/0000910606-98-000004-index.html",
        "finalLink": "https://www.sec.gov/Archives/edgar/data/910606/"
    },
    {
        "date": "1997-09-30",
        "symbol": "REG",
        "reportedCurrency": "USD",
        "cik": "0000910606",
        "fillingDate": "1997-11-13",
        "acceptedDate": "1997-11-13 00:00:00",
        "calendarYear": "1997",
        "period": "Q3",
        "revenue": 27100000,
        "costOfRevenue": 0,
        "grossProfit": 27100000,
        "grossProfitRatio": 1,
        "researchAndDevelopmentExpenses": 0,
        "generalAndAdministrativeExpenses": 2500000,
        "sellingAndMarketingExpenses": 0,
        "sellingGeneralAndAdministrativeExpenses": 2500000,
        "otherExpenses": 0,
        "operatingExpenses": -10900000,
        "costAndExpenses": -10900000,
        "interestIncome": 0,
        "interestExpense": 0,
        "depreciationAndAmortization": 4700000,
        "ebitda": 42700000,
        "ebitdaratio": 1.5756457565,
        "operatingIncome": 38000000,
        "operatingIncomeRatio": 1.4022140221,
        "totalOtherIncomeExpensesNet": 0,
        "incomeBeforeTax": 0,
        "incomeBeforeTaxRatio": 0,
        "incomeTaxExpense": 29300000,
        "netIncome": 8700000,
        "netIncomeRatio": 0.3210332103,
        "eps": 0.34,
        "epsdiluted": 0.32,
        "weightedAverageShsOut": 25588235,
        "weightedAverageShsOutDil": 25588235,
        "link": "https://www.sec.gov/Archives/edgar/data/910606/000091060697000023/0000910606-97-000023-index.html",
        "finalLink": "https://www.sec.gov/Archives/edgar/data/910606/"
    },
    {
        "date": "1997-06-30",
        "symbol": "REG",
        "reportedCurrency": "USD",
        "cik": "0000910606",
        "fillingDate": "1997-08-11",
        "acceptedDate": "1997-08-11 00:00:00",
        "calendarYear": "1997",
        "period": "Q2",
        "revenue": 24900000,
        "costOfRevenue": 0,
        "grossProfit": 24900000,
        "grossProfitRatio": 1,
        "researchAndDevelopmentExpenses": 0,
        "generalAndAdministrativeExpenses": 3000000,
        "sellingAndMarketingExpenses": 0,
        "sellingGeneralAndAdministrativeExpenses": 3000000,
        "otherExpenses": 0,
        "operatingExpenses": -9500000,
        "costAndExpenses": -9500000,
        "interestIncome": 0,
        "interestExpense": 0,
        "depreciationAndAmortization": 4400000,
        "ebitda": 38800000,
        "ebitdaratio": 1.5582329317,
        "operatingIncome": 34400000,
        "operatingIncomeRatio": 1.3815261044,
        "totalOtherIncomeExpensesNet": 0,
        "incomeBeforeTax": 0,
        "incomeBeforeTaxRatio": 0,
        "incomeTaxExpense": 29700000,
        "netIncome": 4700000,
        "netIncomeRatio": 0.1887550201,
        "eps": 0.26,
        "epsdiluted": 0.26,
        "weightedAverageShsOut": 18076923,
        "weightedAverageShsOutDil": 18076923,
        "link": "https://www.sec.gov/Archives/edgar/data/910606/000091060697000015/0000910606-97-000015-index.html",
        "finalLink": "https://www.sec.gov/Archives/edgar/data/910606/"
    },
    {
        "date": "1997-03-31",
        "symbol": "REG",
        "reportedCurrency": "USD",
        "cik": "0000910606",
        "fillingDate": "1997-05-15",
        "acceptedDate": "1997-05-15 00:00:00",
        "calendarYear": "1997",
        "period": "Q1",
        "revenue": 17900000,
        "costOfRevenue": 0,
        "grossProfit": 17900000,
        "grossProfitRatio": 1,
        "researchAndDevelopmentExpenses": 0,
        "generalAndAdministrativeExpenses": 2200000,
        "sellingAndMarketingExpenses": 0,
        "sellingGeneralAndAdministrativeExpenses": 2200000,
        "otherExpenses": 0,
        "operatingExpenses": -7200000,
        "costAndExpenses": -7200000,
        "interestIncome": 0,
        "interestExpense": 0,
        "depreciationAndAmortization": 3100000,
        "ebitda": 28200000,
        "ebitdaratio": 1.5754189944,
        "operatingIncome": 25100000,
        "operatingIncomeRatio": 1.4022346369,
        "totalOtherIncomeExpensesNet": 0,
        "incomeBeforeTax": 0,
        "incomeBeforeTaxRatio": 0,
        "incomeTaxExpense": 21100000,
        "netIncome": 4000000,
        "netIncomeRatio": 0.2234636872,
        "eps": 0.25,
        "epsdiluted": 0.25,
        "weightedAverageShsOut": 16000000,
        "weightedAverageShsOutDil": 16000000,
        "link": "https://www.sec.gov/Archives/edgar/data/910606/000091060697000009/0000910606-97-000009-index.html",
        "finalLink": "https://www.sec.gov/Archives/edgar/data/910606/"
    },
    {
        "date": "1996-12-31",
        "symbol": "REG",
        "reportedCurrency": "USD",
        "cik": "0000910606",
        "fillingDate": "1997-03-25",
        "acceptedDate": "1997-03-25 00:00:00",
        "calendarYear": "1996",
        "period": "Q4",
        "revenue": 12947567,
        "costOfRevenue": 0,
        "grossProfit": 12947567,
        "grossProfitRatio": 1,
        "researchAndDevelopmentExpenses": 0,
        "generalAndAdministrativeExpenses": 2148140,
        "sellingAndMarketingExpenses": 0,
        "sellingGeneralAndAdministrativeExpenses": 2148140,
        "otherExpenses": 0,
        "operatingExpenses": 41371601,
        "costAndExpenses": 41371601,
        "interestIncome": 0,
        "interestExpense": 0,
        "depreciationAndAmortization": 2658067,
        "ebitda": -25765967,
        "ebitdaratio": -1.99002384,
        "operatingIncome": -28424034,
        "operatingIncomeRatio": -2.195318549,
        "totalOtherIncomeExpensesNet": 28424034,
        "incomeBeforeTax": 0,
        "incomeBeforeTaxRatio": 0,
        "incomeTaxExpense": -30088900,
        "netIncome": 1664866,
        "netIncomeRatio": 0.1285852392,
        "eps": 0.1,
        "epsdiluted": 0.1,
        "weightedAverageShsOut": 16000000,
        "weightedAverageShsOutDil": 16000000,
        "link": "https://www.sec.gov/Archives/edgar/data/910606/000091060697000005/0000910606-97-000005-index.html",
        "finalLink": "https://www.sec.gov/Archives/edgar/data/910606/"
    },
    {
        "date": "1996-09-30",
        "symbol": "REG",
        "reportedCurrency": "USD",
        "cik": "0000910606",
        "fillingDate": "1996-11-14",
        "acceptedDate": "1996-11-14 00:00:00",
        "calendarYear": "1996",
        "period": "Q3",
        "revenue": 12200000,
        "costOfRevenue": 0,
        "grossProfit": 12200000,
        "grossProfitRatio": 1,
        "researchAndDevelopmentExpenses": 0,
        "generalAndAdministrativeExpenses": 1300000,
        "sellingAndMarketingExpenses": 0,
        "sellingGeneralAndAdministrativeExpenses": 1300000,
        "otherExpenses": 0,
        "operatingExpenses": -5200000,
        "costAndExpenses": -5200000,
        "interestIncome": 0,
        "interestExpense": 0,
        "depreciationAndAmortization": 2200000,
        "ebitda": 19600000,
        "ebitdaratio": 1.606557377,
        "operatingIncome": 17400000,
        "operatingIncomeRatio": 1.4262295082,
        "totalOtherIncomeExpensesNet": 0,
        "incomeBeforeTax": 0,
        "incomeBeforeTaxRatio": 0,
        "incomeTaxExpense": 14400000,
        "netIncome": 3000000,
        "netIncomeRatio": 0.2459016393,
        "eps": 0.26,
        "epsdiluted": 0.26,
        "weightedAverageShsOut": 11538462,
        "weightedAverageShsOutDil": 11538462,
        "link": "https://www.sec.gov/Archives/edgar/data/910606/000091060696000022/0000910606-96-000022-index.html",
        "finalLink": "https://www.sec.gov/Archives/edgar/data/910606/"
    },
    {
        "date": "1996-06-30",
        "symbol": "REG",
        "reportedCurrency": "USD",
        "cik": "0000910606",
        "fillingDate": "1996-08-14",
        "acceptedDate": "1996-08-14 00:00:00",
        "calendarYear": "1996",
        "period": "Q2",
        "revenue": 11200000,
        "costOfRevenue": 0,
        "grossProfit": 11200000,
        "grossProfitRatio": 1,
        "researchAndDevelopmentExpenses": 0,
        "generalAndAdministrativeExpenses": 1300000,
        "sellingAndMarketingExpenses": 0,
        "sellingGeneralAndAdministrativeExpenses": 1300000,
        "otherExpenses": 0,
        "operatingExpenses": -4800000,
        "costAndExpenses": -4800000,
        "interestIncome": 0,
        "interestExpense": 0,
        "depreciationAndAmortization": 2000000,
        "ebitda": 18000000,
        "ebitdaratio": 1.6071428571,
        "operatingIncome": 16000000,
        "operatingIncomeRatio": 1.4285714286,
        "totalOtherIncomeExpensesNet": 0,
        "incomeBeforeTax": 0,
        "incomeBeforeTaxRatio": 0,
        "incomeTaxExpense": 13400000,
        "netIncome": 2600000,
        "netIncomeRatio": 0.2321428571,
        "eps": 0.24,
        "epsdiluted": 0.24,
        "weightedAverageShsOut": 10833333,
        "weightedAverageShsOutDil": 10833333,
        "link": "https://www.sec.gov/Archives/edgar/data/910606/000091060696000016/0000910606-96-000016-index.html",
        "finalLink": "https://www.sec.gov/Archives/edgar/data/910606/"
    },
    {
        "date": "1996-03-31",
        "symbol": "REG",
        "reportedCurrency": "USD",
        "cik": "0000910606",
        "fillingDate": "1996-05-08",
        "acceptedDate": "1996-05-08 00:00:00",
        "calendarYear": "1996",
        "period": "Q1",
        "revenue": 10600000,
        "costOfRevenue": 0,
        "grossProfit": 10600000,
        "grossProfitRatio": 1,
        "researchAndDevelopmentExpenses": 0,
        "generalAndAdministrativeExpenses": 1300000,
        "sellingAndMarketingExpenses": 0,
        "sellingGeneralAndAdministrativeExpenses": 1300000,
        "otherExpenses": 0,
        "operatingExpenses": -4500000,
        "costAndExpenses": -4500000,
        "interestIncome": 0,
        "interestExpense": 0,
        "depreciationAndAmortization": 1900000,
        "ebitda": 17000000,
        "ebitdaratio": 1.6037735849,
        "operatingIncome": 15100000,
        "operatingIncomeRatio": 1.4245283019,
        "totalOtherIncomeExpensesNet": 0,
        "incomeBeforeTax": 0,
        "incomeBeforeTaxRatio": 0,
        "incomeTaxExpense": 12500000,
        "netIncome": 2600000,
        "netIncomeRatio": 0.2452830189,
        "eps": 0.26,
        "epsdiluted": 0.26,
        "weightedAverageShsOut": 6940000,
        "weightedAverageShsOutDil": 6940000,
        "link": "https://www.sec.gov/Archives/edgar/data/910606/000091060696000009/0000910606-96-000009-index.html",
        "finalLink": "https://www.sec.gov/Archives/edgar/data/910606/"
    },
    {
        "date": "1995-12-31",
        "symbol": "REG",
        "reportedCurrency": "USD",
        "cik": "0000910606",
        "fillingDate": "1995-12-31",
        "acceptedDate": "1995-12-30 19:00:00",
        "calendarYear": "1995",
        "period": "Q4",
        "revenue": 9700000,
        "costOfRevenue": 0,
        "grossProfit": 9700000,
        "grossProfitRatio": 1,
        "researchAndDevelopmentExpenses": 0,
        "generalAndAdministrativeExpenses": 1500000,
        "sellingAndMarketingExpenses": 0,
        "sellingGeneralAndAdministrativeExpenses": 1500000,
        "otherExpenses": 0,
        "operatingExpenses": -4300000,
        "costAndExpenses": -4300000,
        "interestIncome": 0,
        "interestExpense": 0,
        "depreciationAndAmortization": 1700000,
        "ebitda": 15700000,
        "ebitdaratio": 1.618556701,
        "operatingIncome": 14000000,
        "operatingIncomeRatio": 1.4432989691,
        "totalOtherIncomeExpensesNet": 0,
        "incomeBeforeTax": 0,
        "incomeBeforeTaxRatio": 0,
        "incomeTaxExpense": 12600000,
        "netIncome": 1400000,
        "netIncomeRatio": 0.1443298969,
        "eps": 0.2,
        "epsdiluted": 0.2,
        "weightedAverageShsOut": 6836158,
        "weightedAverageShsOutDil": 6940000,
        "link": "",
        "finalLink": ""
    },
    {
        "date": "1995-09-30",
        "symbol": "REG",
        "reportedCurrency": "USD",
        "cik": "0000910606",
        "fillingDate": "1995-09-30",
        "acceptedDate": "1995-09-29 20:00:00",
        "calendarYear": "1995",
        "period": "Q3",
        "revenue": 8700000,
        "costOfRevenue": 0,
        "grossProfit": 8700000,
        "grossProfitRatio": 1,
        "researchAndDevelopmentExpenses": 0,
        "generalAndAdministrativeExpenses": 1300000,
        "sellingAndMarketingExpenses": 0,
        "sellingGeneralAndAdministrativeExpenses": 1300000,
        "otherExpenses": 0,
        "operatingExpenses": -3800000,
        "costAndExpenses": -3800000,
        "interestIncome": 0,
        "interestExpense": 0,
        "depreciationAndAmortization": 1600000,
        "ebitda": 14100000,
        "ebitdaratio": 1.6206896552,
        "operatingIncome": 12500000,
        "operatingIncomeRatio": 1.4367816092,
        "totalOtherIncomeExpensesNet": 0,
        "incomeBeforeTax": 0,
        "incomeBeforeTaxRatio": 0,
        "incomeTaxExpense": 11200000,
        "netIncome": 1300000,
        "netIncomeRatio": 0.1494252874,
        "eps": 0.18,
        "epsdiluted": 0.18,
        "weightedAverageShsOut": 6666667,
        "weightedAverageShsOutDil": 6666667,
        "link": "",
        "finalLink": ""
    },
    {
        "date": "1995-06-30",
        "symbol": "REG",
        "reportedCurrency": "USD",
        "cik": "0000910606",
        "fillingDate": "1995-06-30",
        "acceptedDate": "1995-06-29 20:00:00",
        "calendarYear": "1995",
        "period": "Q2",
        "revenue": 8200000,
        "costOfRevenue": 0,
        "grossProfit": 8200000,
        "grossProfitRatio": 1,
        "researchAndDevelopmentExpenses": 0,
        "generalAndAdministrativeExpenses": 1000000,
        "sellingAndMarketingExpenses": 0,
        "sellingGeneralAndAdministrativeExpenses": 1000000,
        "otherExpenses": 0,
        "operatingExpenses": -3600000,
        "costAndExpenses": -3600000,
        "interestIncome": 0,
        "interestExpense": 0,
        "depreciationAndAmortization": 1600000,
        "ebitda": 13400000,
        "ebitdaratio": 1.6341463415,
        "operatingIncome": 11800000,
        "operatingIncomeRatio": 1.4390243902,
        "totalOtherIncomeExpensesNet": 0,
        "incomeBeforeTax": 0,
        "incomeBeforeTaxRatio": 0,
        "incomeTaxExpense": 10400000,
        "netIncome": 1400000,
        "netIncomeRatio": 0.1707317073,
        "eps": 0.2,
        "epsdiluted": 0.2,
        "weightedAverageShsOut": 6500000,
        "weightedAverageShsOutDil": 6500000,
        "link": "",
        "finalLink": ""
    },
    {
        "date": "1995-03-31",
        "symbol": "REG",
        "reportedCurrency": "USD",
        "cik": "0000910606",
        "fillingDate": "1995-03-31",
        "acceptedDate": "1995-03-30 19:00:00",
        "calendarYear": "1995",
        "period": "Q1",
        "revenue": 8000000,
        "costOfRevenue": 0,
        "grossProfit": 8000000,
        "grossProfitRatio": 1,
        "researchAndDevelopmentExpenses": 0,
        "generalAndAdministrativeExpenses": 1000000,
        "sellingAndMarketingExpenses": 0,
        "sellingGeneralAndAdministrativeExpenses": 1000000,
        "otherExpenses": 0,
        "operatingExpenses": -3500000,
        "costAndExpenses": -3500000,
        "interestIncome": 0,
        "interestExpense": 0,
        "depreciationAndAmortization": 1500000,
        "ebitda": 13000000,
        "ebitdaratio": 1.625,
        "operatingIncome": 11500000,
        "operatingIncomeRatio": 1.4375,
        "totalOtherIncomeExpensesNet": 0,
        "incomeBeforeTax": 0,
        "incomeBeforeTaxRatio": 0,
        "incomeTaxExpense": 10000000,
        "netIncome": 1500000,
        "netIncomeRatio": 0.1875,
        "eps": 0.21,
        "epsdiluted": 0.21,
        "weightedAverageShsOut": 6666667,
        "weightedAverageShsOutDil": 6666667,
        "link": "",
        "finalLink": ""
    },
    {
        "date": "1994-12-31",
        "symbol": "REG",
        "reportedCurrency": "USD",
        "cik": "0000910606",
        "fillingDate": "1994-12-31",
        "acceptedDate": "1994-12-30 19:00:00",
        "calendarYear": "1994",
        "period": "Q4",
        "revenue": 7900000,
        "costOfRevenue": 0,
        "grossProfit": 7900000,
        "grossProfitRatio": 1,
        "researchAndDevelopmentExpenses": 0,
        "generalAndAdministrativeExpenses": 800000,
        "sellingAndMarketingExpenses": 0,
        "sellingGeneralAndAdministrativeExpenses": 800000,
        "otherExpenses": 0,
        "operatingExpenses": -4000000,
        "costAndExpenses": -4000000,
        "interestIncome": 0,
        "interestExpense": 0,
        "depreciationAndAmortization": 1500000,
        "ebitda": 13400000,
        "ebitdaratio": 1.6962025316,
        "operatingIncome": 11900000,
        "operatingIncomeRatio": 1.5063291139,
        "totalOtherIncomeExpensesNet": 0,
        "incomeBeforeTax": 0,
        "incomeBeforeTaxRatio": 0,
        "incomeTaxExpense": 10600000,
        "netIncome": 1300000,
        "netIncomeRatio": 0.164556962,
        "eps": 0.19,
        "epsdiluted": 0.19,
        "weightedAverageShsOut": 6666667,
        "weightedAverageShsOutDil": 6666667,
        "link": "",
        "finalLink": ""
    },
    {
        "date": "1994-09-30",
        "symbol": "REG",
        "reportedCurrency": "USD",
        "cik": "0000910606",
        "fillingDate": "1994-09-30",
        "acceptedDate": "1994-09-29 20:00:00",
        "calendarYear": "1994",
        "period": "Q3",
        "revenue": 7600000,
        "costOfRevenue": 0,
        "grossProfit": 7600000,
        "grossProfitRatio": 1,
        "researchAndDevelopmentExpenses": 0,
        "generalAndAdministrativeExpenses": 1300000,
        "sellingAndMarketingExpenses": 0,
        "sellingGeneralAndAdministrativeExpenses": 1300000,
        "otherExpenses": 0,
        "operatingExpenses": -3100000,
        "costAndExpenses": -3100000,
        "interestIncome": 0,
        "interestExpense": 0,
        "depreciationAndAmortization": 1400000,
        "ebitda": 12100000,
        "ebitdaratio": 1.5921052632,
        "operatingIncome": 10700000,
        "operatingIncomeRatio": 1.4078947368,
        "totalOtherIncomeExpensesNet": 0,
        "incomeBeforeTax": 0,
        "incomeBeforeTaxRatio": 0,
        "incomeTaxExpense": 9500000,
        "netIncome": 1200000,
        "netIncomeRatio": 0.1578947368,
        "eps": 0.2,
        "epsdiluted": 0.2,
        "weightedAverageShsOut": 5000000,
        "weightedAverageShsOutDil": 5000000,
        "link": "",
        "finalLink": ""
    },
    {
        "date": "1994-06-30",
        "symbol": "REG",
        "reportedCurrency": "USD",
        "cik": "0000910606",
        "fillingDate": "1994-06-30",
        "acceptedDate": "1994-06-29 20:00:00",
        "calendarYear": "1994",
        "period": "Q2",
        "revenue": 7100000,
        "costOfRevenue": 0,
        "grossProfit": 7100000,
        "grossProfitRatio": 1,
        "researchAndDevelopmentExpenses": 0,
        "generalAndAdministrativeExpenses": 1300000,
        "sellingAndMarketingExpenses": 0,
        "sellingGeneralAndAdministrativeExpenses": 1300000,
        "otherExpenses": 0,
        "operatingExpenses": -2800000,
        "costAndExpenses": -2800000,
        "interestIncome": 0,
        "interestExpense": 0,
        "depreciationAndAmortization": 1300000,
        "ebitda": 11200000,
        "ebitdaratio": 1.5774647887,
        "operatingIncome": 9900000,
        "operatingIncomeRatio": 1.3943661972,
        "totalOtherIncomeExpensesNet": 0,
        "incomeBeforeTax": 0,
        "incomeBeforeTaxRatio": 0,
        "incomeTaxExpense": 8500000,
        "netIncome": 1400000,
        "netIncomeRatio": 0.1971830986,
        "eps": 0.22,
        "epsdiluted": 0.22,
        "weightedAverageShsOut": 6363636,
        "weightedAverageShsOutDil": 6363636,
        "link": "",
        "finalLink": ""
    },
    {
        "date": "1994-03-31",
        "symbol": "REG",
        "reportedCurrency": "USD",
        "cik": "0000910606",
        "fillingDate": "1994-03-31",
        "acceptedDate": "1994-03-30 19:00:00",
        "calendarYear": "1994",
        "period": "Q1",
        "revenue": 6000000,
        "costOfRevenue": 0,
        "grossProfit": 6000000,
        "grossProfitRatio": 1,
        "researchAndDevelopmentExpenses": 0,
        "generalAndAdministrativeExpenses": 1200000,
        "sellingAndMarketingExpenses": 0,
        "sellingGeneralAndAdministrativeExpenses": 1200000,
        "otherExpenses": 0,
        "operatingExpenses": -2500000,
        "costAndExpenses": -2500000,
        "interestIncome": 0,
        "interestExpense": 0,
        "depreciationAndAmortization": 1100000,
        "ebitda": 9600000,
        "ebitdaratio": 1.6,
        "operatingIncome": 8500000,
        "operatingIncomeRatio": 1.4166666667,
        "totalOtherIncomeExpensesNet": 0,
        "incomeBeforeTax": 0,
        "incomeBeforeTaxRatio": 0,
        "incomeTaxExpense": 7100000,
        "netIncome": 1400000,
        "netIncomeRatio": 0.2333333333,
        "eps": 0.22,
        "epsdiluted": 0.22,
        "weightedAverageShsOut": 6363636,
        "weightedAverageShsOutDil": 6363636,
        "link": "",
        "finalLink": ""
    }
]