[
    {
        "date": "2019-05-31",
        "symbol": "RHT",
        "reportedCurrency": "USD",
        "cik": "0001087423",
        "fillingDate": "2019-06-28",
        "acceptedDate": "2019-06-28 16:28:38",
        "calendarYear": "2019",
        "period": "Q2",
        "revenue": 934111000,
        "costOfRevenue": 144283000,
        "grossProfit": 789828000,
        "grossProfitRatio": 0.8455397699,
        "researchAndDevelopmentExpenses": 182961000,
        "generalAndAdministrativeExpenses": -313653000,
        "sellingAndMarketingExpenses": 394201000,
        "sellingGeneralAndAdministrativeExpenses": 80548000,
        "otherExpenses": 394201000,
        "operatingExpenses": 657710000,
        "costAndExpenses": 801993000,
        "interestIncome": 0,
        "interestExpense": 1959000,
        "depreciationAndAmortization": 38639000,
        "ebitda": 179245000,
        "ebitdaratio": 0.1918883302,
        "operatingIncome": 132118000,
        "operatingIncomeRatio": 0.1414371525,
        "totalOtherIncomeExpensesNet": 6529000,
        "incomeBeforeTax": 138647000,
        "incomeBeforeTaxRatio": 0.1484266859,
        "incomeTaxExpense": -2473000,
        "netIncome": 141120000,
        "netIncomeRatio": 0.1510741229,
        "eps": 0.8,
        "epsdiluted": 0.76,
        "weightedAverageShsOut": 177400000,
        "weightedAverageShsOutDil": 186635000,
        "link": "https://www.sec.gov/Archives/edgar/data/1087423/000108742319000017/0001087423-19-000017-index.html",
        "finalLink": "https://www.sec.gov/Archives/edgar/data/1087423/000108742319000017/rht-10qq1fy20.htm"
    },
    {
        "date": "2019-02-28",
        "symbol": "RHT",
        "reportedCurrency": "USD",
        "cik": "0001087423",
        "fillingDate": "2019-04-24",
        "acceptedDate": "2019-04-24 17:01:14",
        "calendarYear": "2019",
        "period": "Q1",
        "revenue": 878997000,
        "costOfRevenue": 132505000,
        "grossProfit": 746492000,
        "grossProfitRatio": 0.8492543205,
        "researchAndDevelopmentExpenses": 171461000,
        "generalAndAdministrativeExpenses": -264513000,
        "sellingAndMarketingExpenses": 341491000,
        "sellingGeneralAndAdministrativeExpenses": 76978000,
        "otherExpenses": 341491000,
        "operatingExpenses": 589930000,
        "costAndExpenses": 722435000,
        "interestIncome": 0,
        "interestExpense": 4412000,
        "depreciationAndAmortization": 32846000,
        "ebitda": 197161000,
        "ebitdaratio": 0.2243022445,
        "operatingIncome": 156562000,
        "operatingIncomeRatio": 0.1781143735,
        "totalOtherIncomeExpensesNet": 3341000,
        "incomeBeforeTax": 159903000,
        "incomeBeforeTaxRatio": 0.1819152966,
        "incomeTaxExpense": 20409000,
        "netIncome": 139494000,
        "netIncomeRatio": 0.1586967874,
        "eps": 0.79,
        "epsdiluted": 0.75,
        "weightedAverageShsOut": 176773000,
        "weightedAverageShsOutDil": 186321000,
        "link": "https://www.sec.gov/Archives/edgar/data/1087423/000108742319000012/0001087423-19-000012-index.html",
        "finalLink": "https://www.sec.gov/Archives/edgar/data/1087423/000108742319000012/rht-10kq4fy19.htm"
    },
    {
        "date": "2018-11-30",
        "symbol": "RHT",
        "reportedCurrency": "USD",
        "cik": "0001087423",
        "fillingDate": "2019-01-04",
        "acceptedDate": "2019-01-04 16:52:26",
        "calendarYear": "2018",
        "period": "Q4",
        "revenue": 846795000,
        "costOfRevenue": 124117000,
        "grossProfit": 722678000,
        "grossProfitRatio": 0.8534273348,
        "researchAndDevelopmentExpenses": 164267000,
        "generalAndAdministrativeExpenses": -257731000,
        "sellingAndMarketingExpenses": 353592000,
        "sellingGeneralAndAdministrativeExpenses": 95861000,
        "otherExpenses": 353592000,
        "operatingExpenses": 613720000,
        "costAndExpenses": 737837000,
        "interestIncome": 0,
        "interestExpense": 4299000,
        "depreciationAndAmortization": 30837000,
        "ebitda": 146665000,
        "ebitdaratio": 0.1732001252,
        "operatingIncome": 108958000,
        "operatingIncomeRatio": 0.1286710479,
        "totalOtherIncomeExpensesNet": 2571000,
        "incomeBeforeTax": 111529000,
        "incomeBeforeTaxRatio": 0.1317072019,
        "incomeTaxExpense": 17079000,
        "netIncome": 94450000,
        "netIncomeRatio": 0.1115382117,
        "eps": 0.53,
        "epsdiluted": 0.5,
        "weightedAverageShsOut": 176762000,
        "weightedAverageShsOutDil": 187501000,
        "link": "https://www.sec.gov/Archives/edgar/data/1087423/000108742319000006/0001087423-19-000006-index.html",
        "finalLink": "https://www.sec.gov/Archives/edgar/data/1087423/000108742319000006/rht-10qq3fy19.htm"
    },
    {
        "date": "2018-08-31",
        "symbol": "RHT",
        "reportedCurrency": "USD",
        "cik": "0001087423",
        "fillingDate": "2018-10-09",
        "acceptedDate": "2018-10-09 16:25:04",
        "calendarYear": "2018",
        "period": "Q3",
        "revenue": 822747000,
        "costOfRevenue": 118930000,
        "grossProfit": 703817000,
        "grossProfitRatio": 0.855447665,
        "researchAndDevelopmentExpenses": 166308000,
        "generalAndAdministrativeExpenses": -265807000,
        "sellingAndMarketingExpenses": 334380000,
        "sellingGeneralAndAdministrativeExpenses": 68573000,
        "otherExpenses": 334380000,
        "operatingExpenses": 569261000,
        "costAndExpenses": 688191000,
        "interestIncome": 0,
        "interestExpense": 4808000,
        "depreciationAndAmortization": 31236000,
        "ebitda": 171190000,
        "ebitdaratio": 0.208071254,
        "operatingIncome": 134556000,
        "operatingIncomeRatio": 0.1635448078,
        "totalOtherIncomeExpensesNet": 590000,
        "incomeBeforeTax": 135146000,
        "incomeBeforeTaxRatio": 0.1642619177,
        "incomeTaxExpense": 48292000,
        "netIncome": 86854000,
        "netIncomeRatio": 0.1055658665,
        "eps": 0.49,
        "epsdiluted": 0.46,
        "weightedAverageShsOut": 177024000,
        "weightedAverageShsOutDil": 188061000,
        "link": "https://www.sec.gov/Archives/edgar/data/1087423/000108742318000020/0001087423-18-000020-index.html",
        "finalLink": "https://www.sec.gov/Archives/edgar/data/1087423/000108742318000020/rht-10qq2fy19.htm"
    },
    {
        "date": "2018-05-31",
        "symbol": "RHT",
        "reportedCurrency": "USD",
        "cik": "0001087423",
        "fillingDate": "2018-07-09",
        "acceptedDate": "2018-07-09 16:23:39",
        "calendarYear": "2018",
        "period": "Q2",
        "revenue": 813530000,
        "costOfRevenue": 122699000,
        "grossProfit": 690831000,
        "grossProfitRatio": 0.8491770433,
        "researchAndDevelopmentExpenses": 166506000,
        "generalAndAdministrativeExpenses": -285461000,
        "sellingAndMarketingExpenses": 348815000,
        "sellingGeneralAndAdministrativeExpenses": 63354000,
        "otherExpenses": 348815000,
        "operatingExpenses": 578675000,
        "costAndExpenses": 701374000,
        "interestIncome": 0,
        "interestExpense": 6319000,
        "depreciationAndAmortization": 32892000,
        "ebitda": 150688000,
        "ebitdaratio": 0.1852273426,
        "operatingIncome": 112156000,
        "operatingIncomeRatio": 0.1378633855,
        "totalOtherIncomeExpensesNet": -679000,
        "incomeBeforeTax": 111477000,
        "incomeBeforeTaxRatio": 0.1370287512,
        "incomeTaxExpense": -1713000,
        "netIncome": 113190000,
        "netIncomeRatio": 0.1391343896,
        "eps": 0.64,
        "epsdiluted": 0.59,
        "weightedAverageShsOut": 177302000,
        "weightedAverageShsOutDil": 190739000,
        "link": "https://www.sec.gov/Archives/edgar/data/1087423/000108742318000014/0001087423-18-000014-index.html",
        "finalLink": "https://www.sec.gov/Archives/edgar/data/1087423/000108742318000014/rht-10qq1fy19.htm"
    },
    {
        "date": "2018-02-28",
        "symbol": "RHT",
        "reportedCurrency": "USD",
        "cik": "0001087423",
        "fillingDate": "2018-04-26",
        "acceptedDate": "2018-04-26 16:19:11",
        "calendarYear": "2018",
        "period": "Q1",
        "revenue": 772332000,
        "costOfRevenue": 112625000,
        "grossProfit": 659707000,
        "grossProfitRatio": 0.8541754064,
        "researchAndDevelopmentExpenses": 153778000,
        "generalAndAdministrativeExpenses": -256295000,
        "sellingAndMarketingExpenses": 315181000,
        "sellingGeneralAndAdministrativeExpenses": 58886000,
        "otherExpenses": 315181000,
        "operatingExpenses": 527845000,
        "costAndExpenses": 640470000,
        "interestIncome": 0,
        "interestExpense": 6223000,
        "depreciationAndAmortization": 29841000,
        "ebitda": 178095000,
        "ebitdaratio": 0.2305938379,
        "operatingIncome": 131862000,
        "operatingIncomeRatio": 0.1707322758,
        "totalOtherIncomeExpensesNet": 10169000,
        "incomeBeforeTax": 142031000,
        "incomeBeforeTaxRatio": 0.1838988932,
        "incomeTaxExpense": 154583000,
        "netIncome": -12552000,
        "netIncomeRatio": -0.0162520781,
        "eps": -0.0709,
        "epsdiluted": -0.068,
        "weightedAverageShsOut": 177150000,
        "weightedAverageShsOutDil": 184602000,
        "link": "https://www.sec.gov/Archives/edgar/data/1087423/000108742318000010/0001087423-18-000010-index.html",
        "finalLink": "https://www.sec.gov/Archives/edgar/data/1087423/000108742318000010/rht-10kq4fy18.htm"
    },
    {
        "date": "2017-11-30",
        "symbol": "RHT",
        "reportedCurrency": "USD",
        "cik": "0001087423",
        "fillingDate": "2018-01-08",
        "acceptedDate": "2018-01-08 16:18:16",
        "calendarYear": "2017",
        "period": "Q4",
        "revenue": 747978000,
        "costOfRevenue": 111759000,
        "grossProfit": 636219000,
        "grossProfitRatio": 0.8505851776,
        "researchAndDevelopmentExpenses": 145580000,
        "generalAndAdministrativeExpenses": -244550000,
        "sellingAndMarketingExpenses": 308388000,
        "sellingGeneralAndAdministrativeExpenses": 63838000,
        "otherExpenses": 308388000,
        "operatingExpenses": 517806000,
        "costAndExpenses": 629565000,
        "interestIncome": 0,
        "interestExpense": 6180000,
        "depreciationAndAmortization": 24230000,
        "ebitda": 146320000,
        "ebitdaratio": 0.1956207268,
        "operatingIncome": 118413000,
        "operatingIncomeRatio": 0.1583108059,
        "totalOtherIncomeExpensesNet": -2503000,
        "incomeBeforeTax": 115910000,
        "incomeBeforeTaxRatio": 0.1549644508,
        "incomeTaxExpense": 14604000,
        "netIncome": 101306000,
        "netIncomeRatio": 0.1354398124,
        "eps": 0.57,
        "epsdiluted": 0.55,
        "weightedAverageShsOut": 177188000,
        "weightedAverageShsOutDil": 183397000,
        "link": "https://www.sec.gov/Archives/edgar/data/1087423/000108742318000003/0001087423-18-000003-index.html",
        "finalLink": "https://www.sec.gov/Archives/edgar/data/1087423/000108742318000003/rht-10qq3fy18.htm"
    },
    {
        "date": "2017-08-31",
        "symbol": "RHT",
        "reportedCurrency": "USD",
        "cik": "0001087423",
        "fillingDate": "2017-10-05",
        "acceptedDate": "2017-10-05 16:37:02",
        "calendarYear": "2017",
        "period": "Q3",
        "revenue": 723355000,
        "costOfRevenue": 106717000,
        "grossProfit": 616638000,
        "grossProfitRatio": 0.8524693961,
        "researchAndDevelopmentExpenses": 141809000,
        "generalAndAdministrativeExpenses": -216826000,
        "sellingAndMarketingExpenses": 278548000,
        "sellingGeneralAndAdministrativeExpenses": 61722000,
        "otherExpenses": 278548000,
        "operatingExpenses": 482079000,
        "costAndExpenses": 588796000,
        "interestIncome": 0,
        "interestExpense": 6081000,
        "depreciationAndAmortization": 29706000,
        "ebitda": 167617000,
        "ebitdaratio": 0.2317216305,
        "operatingIncome": 134559000,
        "operatingIncomeRatio": 0.1860206952,
        "totalOtherIncomeExpensesNet": -2729000,
        "incomeBeforeTax": 131830000,
        "incomeBeforeTaxRatio": 0.1822479972,
        "incomeTaxExpense": 34971000,
        "netIncome": 96859000,
        "netIncomeRatio": 0.1339024407,
        "eps": 0.55,
        "epsdiluted": 0.53,
        "weightedAverageShsOut": 177250000,
        "weightedAverageShsOutDil": 182460000,
        "link": "https://www.sec.gov/Archives/edgar/data/1087423/000119312517304679/0001193125-17-304679-index.html",
        "finalLink": "https://www.sec.gov/Archives/edgar/data/1087423/000119312517304679/d431402d10q.htm"
    },
    {
        "date": "2017-05-31",
        "symbol": "RHT",
        "reportedCurrency": "USD",
        "cik": "0001087423",
        "fillingDate": "2017-07-06",
        "acceptedDate": "2017-07-06 16:21:33",
        "calendarYear": "2017",
        "period": "Q2",
        "revenue": 676796000,
        "costOfRevenue": 100696000,
        "grossProfit": 576100000,
        "grossProfitRatio": 0.8512166148,
        "researchAndDevelopmentExpenses": 137163000,
        "generalAndAdministrativeExpenses": -241589000,
        "sellingAndMarketingExpenses": 296459000,
        "sellingGeneralAndAdministrativeExpenses": 54870000,
        "otherExpenses": 296459000,
        "operatingExpenses": 488492000,
        "costAndExpenses": 589188000,
        "interestIncome": 0,
        "interestExpense": 6085000,
        "depreciationAndAmortization": 27357000,
        "ebitda": 118372000,
        "ebitdaratio": 0.1749005609,
        "operatingIncome": 87608000,
        "operatingIncomeRatio": 0.1294452095,
        "totalOtherIncomeExpensesNet": -2678000,
        "incomeBeforeTax": 84930000,
        "incomeBeforeTaxRatio": 0.1254883303,
        "incomeTaxExpense": 11740000,
        "netIncome": 73190000,
        "netIncomeRatio": 0.1081418921,
        "eps": 0.41,
        "epsdiluted": 0.4,
        "weightedAverageShsOut": 177243000,
        "weightedAverageShsOutDil": 181810000,
        "link": "https://www.sec.gov/Archives/edgar/data/1087423/000119312517223014/0001193125-17-223014-index.html",
        "finalLink": "https://www.sec.gov/Archives/edgar/data/1087423/000119312517223014/d386508d10q.htm"
    },
    {
        "date": "2017-02-28",
        "symbol": "RHT",
        "reportedCurrency": "USD",
        "cik": "0001087423",
        "fillingDate": "2017-04-26",
        "acceptedDate": "2017-04-26 16:28:32",
        "calendarYear": "2017",
        "period": "Q1",
        "revenue": 628840000,
        "costOfRevenue": 92207000,
        "grossProfit": 536633000,
        "grossProfitRatio": 0.8533696966,
        "researchAndDevelopmentExpenses": 121918000,
        "generalAndAdministrativeExpenses": -224386000,
        "sellingAndMarketingExpenses": 272438000,
        "sellingGeneralAndAdministrativeExpenses": 48052000,
        "otherExpenses": 272438000,
        "operatingExpenses": 442408000,
        "costAndExpenses": 534615000,
        "interestIncome": 0,
        "interestExpense": 6002000,
        "depreciationAndAmortization": 27057000,
        "ebitda": 124732000,
        "ebitdaratio": 0.1983525221,
        "operatingIncome": 94225000,
        "operatingIncomeRatio": 0.1498393868,
        "totalOtherIncomeExpensesNet": -2552000,
        "incomeBeforeTax": 91673000,
        "incomeBeforeTaxRatio": 0.1457811208,
        "incomeTaxExpense": 25870000,
        "netIncome": 65803000,
        "netIncomeRatio": 0.1046418803,
        "eps": 0.37,
        "epsdiluted": 0.36,
        "weightedAverageShsOut": 179642000,
        "weightedAverageShsOutDil": 182961000,
        "link": "https://www.sec.gov/Archives/edgar/data/1087423/000119312517139562/0001193125-17-139562-index.html",
        "finalLink": "https://www.sec.gov/Archives/edgar/data/1087423/000119312517139562/d293614d10k.htm"
    },
    {
        "date": "2016-11-30",
        "symbol": "RHT",
        "reportedCurrency": "USD",
        "cik": "0001087423",
        "fillingDate": "2017-01-05",
        "acceptedDate": "2017-01-05 16:19:10",
        "calendarYear": "2016",
        "period": "Q4",
        "revenue": 615260000,
        "costOfRevenue": 90453000,
        "grossProfit": 524807000,
        "grossProfitRatio": 0.8529841043,
        "researchAndDevelopmentExpenses": 122469000,
        "generalAndAdministrativeExpenses": -212595000,
        "sellingAndMarketingExpenses": 267080000,
        "sellingGeneralAndAdministrativeExpenses": 54485000,
        "otherExpenses": 267080000,
        "operatingExpenses": 444034000,
        "costAndExpenses": 534487000,
        "interestIncome": 0,
        "interestExpense": 6009000,
        "depreciationAndAmortization": 27323000,
        "ebitda": 110050000,
        "ebitdaratio": 0.1788674707,
        "operatingIncome": 80773000,
        "operatingIncomeRatio": 0.1312827097,
        "totalOtherIncomeExpensesNet": -4055000,
        "incomeBeforeTax": 76718000,
        "incomeBeforeTaxRatio": 0.1246920001,
        "incomeTaxExpense": 8775000,
        "netIncome": 67943000,
        "netIncomeRatio": 0.110429737,
        "eps": 0.38,
        "epsdiluted": 0.37,
        "weightedAverageShsOut": 180245000,
        "weightedAverageShsOutDil": 183453000,
        "link": "https://www.sec.gov/Archives/edgar/data/1087423/000119312517002962/0001193125-17-002962-index.html",
        "finalLink": "https://www.sec.gov/Archives/edgar/data/1087423/000119312517002962/d306150d10q.htm"
    },
    {
        "date": "2016-08-31",
        "symbol": "RHT",
        "reportedCurrency": "USD",
        "cik": "0001087423",
        "fillingDate": "2016-10-06",
        "acceptedDate": "2016-10-06 16:31:10",
        "calendarYear": "2016",
        "period": "Q3",
        "revenue": 599804000,
        "costOfRevenue": 87670000,
        "grossProfit": 512134000,
        "grossProfitRatio": 0.8538355863,
        "researchAndDevelopmentExpenses": 121265000,
        "generalAndAdministrativeExpenses": -197525000,
        "sellingAndMarketingExpenses": 253255000,
        "sellingGeneralAndAdministrativeExpenses": 55730000,
        "otherExpenses": 253255000,
        "operatingExpenses": 430250000,
        "costAndExpenses": 517920000,
        "interestIncome": 0,
        "interestExpense": 5924000,
        "depreciationAndAmortization": 26553000,
        "ebitda": 111913000,
        "ebitdaratio": 0.186582617,
        "operatingIncome": 81884000,
        "operatingIncomeRatio": 0.1365179292,
        "totalOtherIncomeExpensesNet": -2448000,
        "incomeBeforeTax": 79436000,
        "incomeBeforeTaxRatio": 0.132436596,
        "incomeTaxExpense": 20663000,
        "netIncome": 58773000,
        "netIncomeRatio": 0.0979870091,
        "eps": 0.33,
        "epsdiluted": 0.32,
        "weightedAverageShsOut": 180745000,
        "weightedAverageShsOutDil": 183750000,
        "link": "https://www.sec.gov/Archives/edgar/data/1087423/000119312516732752/0001193125-16-732752-index.html",
        "finalLink": "https://www.sec.gov/Archives/edgar/data/1087423/000119312516732752/d200691d10q.htm"
    },
    {
        "date": "2016-05-31",
        "symbol": "RHT",
        "reportedCurrency": "USD",
        "cik": "0001087423",
        "fillingDate": "2016-07-07",
        "acceptedDate": "2016-07-07 16:17:58",
        "calendarYear": "2016",
        "period": "Q2",
        "revenue": 567899000,
        "costOfRevenue": 84048000,
        "grossProfit": 483851000,
        "grossProfitRatio": 0.8520018524,
        "researchAndDevelopmentExpenses": 115016000,
        "generalAndAdministrativeExpenses": -193024000,
        "sellingAndMarketingExpenses": 243248000,
        "sellingGeneralAndAdministrativeExpenses": 50224000,
        "otherExpenses": 243248000,
        "operatingExpenses": 408488000,
        "costAndExpenses": 492536000,
        "interestIncome": 0,
        "interestExpense": 5887000,
        "depreciationAndAmortization": 26067000,
        "ebitda": 104307000,
        "ebitdaratio": 0.1836717444,
        "operatingIncome": 75363000,
        "operatingIncomeRatio": 0.1327049352,
        "totalOtherIncomeExpensesNet": -3010000,
        "incomeBeforeTax": 72353000,
        "incomeBeforeTaxRatio": 0.127404697,
        "incomeTaxExpense": 11169000,
        "netIncome": 61184000,
        "netIncomeRatio": 0.1077374674,
        "eps": 0.34,
        "epsdiluted": 0.33,
        "weightedAverageShsOut": 181168000,
        "weightedAverageShsOutDil": 184187000,
        "link": "https://www.sec.gov/Archives/edgar/data/1087423/000119312516643441/0001193125-16-643441-index.html",
        "finalLink": "https://www.sec.gov/Archives/edgar/data/1087423/000119312516643441/d200047d10q.htm"
    },
    {
        "date": "2016-02-29",
        "symbol": "RHT",
        "reportedCurrency": "USD",
        "cik": "0001087423",
        "fillingDate": "2016-04-26",
        "acceptedDate": "2016-04-26 16:28:47",
        "calendarYear": "2016",
        "period": "Q1",
        "revenue": 543502000,
        "costOfRevenue": 81220000,
        "grossProfit": 462282000,
        "grossProfitRatio": 0.8505617275,
        "researchAndDevelopmentExpenses": 108498000,
        "generalAndAdministrativeExpenses": -176374000,
        "sellingAndMarketingExpenses": 229193000,
        "sellingGeneralAndAdministrativeExpenses": 52819000,
        "otherExpenses": 229193000,
        "operatingExpenses": 390510000,
        "costAndExpenses": 471730000,
        "interestIncome": 0,
        "interestExpense": 5856000,
        "depreciationAndAmortization": 24450000,
        "ebitda": 99074000,
        "ebitdaratio": 0.1822881977,
        "operatingIncome": 71772000,
        "operatingIncomeRatio": 0.1320547119,
        "totalOtherIncomeExpensesNet": -3004000,
        "incomeBeforeTax": 68768000,
        "incomeBeforeTaxRatio": 0.1265275933,
        "incomeTaxExpense": 15732000,
        "netIncome": 53036000,
        "netIncomeRatio": 0.0975819776,
        "eps": 0.29,
        "epsdiluted": 0.28,
        "weightedAverageShsOut": 182817000,
        "weightedAverageShsOutDil": 186119000,
        "link": "https://www.sec.gov/Archives/edgar/data/1087423/000119312516556503/0001193125-16-556503-index.html",
        "finalLink": "https://www.sec.gov/Archives/edgar/data/1087423/000119312516556503/d131236d10k.htm"
    },
    {
        "date": "2015-11-30",
        "symbol": "RHT",
        "reportedCurrency": "USD",
        "cik": "0001087423",
        "fillingDate": "2016-01-08",
        "acceptedDate": "2016-01-08 16:22:43",
        "calendarYear": "2015",
        "period": "Q4",
        "revenue": 523579000,
        "costOfRevenue": 81047000,
        "grossProfit": 442532000,
        "grossProfitRatio": 0.8452057856,
        "researchAndDevelopmentExpenses": 104905000,
        "generalAndAdministrativeExpenses": -162818000,
        "sellingAndMarketingExpenses": 215784000,
        "sellingGeneralAndAdministrativeExpenses": 52966000,
        "otherExpenses": 215784000,
        "operatingExpenses": 373655000,
        "costAndExpenses": 454702000,
        "interestIncome": 0,
        "interestExpense": 5817000,
        "depreciationAndAmortization": 25139000,
        "ebitda": 96939000,
        "ebitdaratio": 0.1851468451,
        "operatingIncome": 68877000,
        "operatingIncomeRatio": 0.1315503487,
        "totalOtherIncomeExpensesNet": -2894000,
        "incomeBeforeTax": 65983000,
        "incomeBeforeTaxRatio": 0.126023007,
        "incomeTaxExpense": 19135000,
        "netIncome": 46848000,
        "netIncomeRatio": 0.0894764687,
        "eps": 0.26,
        "epsdiluted": 0.25,
        "weightedAverageShsOut": 183054000,
        "weightedAverageShsOutDil": 186414000,
        "link": "https://www.sec.gov/Archives/edgar/data/1087423/000119312516424883/0001193125-16-424883-index.html",
        "finalLink": "https://www.sec.gov/Archives/edgar/data/1087423/000119312516424883/d23109d10q.htm"
    },
    {
        "date": "2015-08-31",
        "symbol": "RHT",
        "reportedCurrency": "USD",
        "cik": "0001087423",
        "fillingDate": "2015-10-07",
        "acceptedDate": "2015-10-07 16:32:24",
        "calendarYear": "2015",
        "period": "Q3",
        "revenue": 504148000,
        "costOfRevenue": 75965000,
        "grossProfit": 428183000,
        "grossProfitRatio": 0.8493200409,
        "researchAndDevelopmentExpenses": 102488000,
        "generalAndAdministrativeExpenses": -160976000,
        "sellingAndMarketingExpenses": 205101000,
        "sellingGeneralAndAdministrativeExpenses": 44125000,
        "otherExpenses": 205101000,
        "operatingExpenses": 351714000,
        "costAndExpenses": 427679000,
        "interestIncome": 0,
        "interestExpense": 5733000,
        "depreciationAndAmortization": 23760000,
        "ebitda": 101880000,
        "ebitdaratio": 0.2020835152,
        "operatingIncome": 76469000,
        "operatingIncomeRatio": 0.1516796655,
        "totalOtherIncomeExpensesNet": -4082000,
        "incomeBeforeTax": 72387000,
        "incomeBeforeTaxRatio": 0.1435828368,
        "incomeTaxExpense": 20992000,
        "netIncome": 51395000,
        "netIncomeRatio": 0.1019442703,
        "eps": 0.28,
        "epsdiluted": 0.28,
        "weightedAverageShsOut": 183155000,
        "weightedAverageShsOutDil": 186493000,
        "link": "https://www.sec.gov/Archives/edgar/data/1087423/000119312515339417/0001193125-15-339417-index.html",
        "finalLink": "https://www.sec.gov/Archives/edgar/data/1087423/000119312515339417/d65147d10q.htm"
    },
    {
        "date": "2015-05-31",
        "symbol": "RHT",
        "reportedCurrency": "USD",
        "cik": "0001087423",
        "fillingDate": "2015-07-09",
        "acceptedDate": "2015-07-09 16:10:09",
        "calendarYear": "2015",
        "period": "Q2",
        "revenue": 481001000,
        "costOfRevenue": 71397000,
        "grossProfit": 409604000,
        "grossProfitRatio": 0.8515657972,
        "researchAndDevelopmentExpenses": 97431000,
        "generalAndAdministrativeExpenses": -156501000,
        "sellingAndMarketingExpenses": 198872000,
        "sellingGeneralAndAdministrativeExpenses": 42371000,
        "otherExpenses": 198872000,
        "operatingExpenses": 338674000,
        "costAndExpenses": 410071000,
        "interestIncome": 0,
        "interestExpense": 5715000,
        "depreciationAndAmortization": 23742000,
        "ebitda": 97184000,
        "ebitdaratio": 0.202045318,
        "operatingIncome": 70930000,
        "operatingIncomeRatio": 0.1474633109,
        "totalOtherIncomeExpensesNet": -3203000,
        "incomeBeforeTax": 67727000,
        "incomeBeforeTaxRatio": 0.1408042811,
        "incomeTaxExpense": 19641000,
        "netIncome": 48086000,
        "netIncomeRatio": 0.0999706861,
        "eps": 0.26,
        "epsdiluted": 0.26,
        "weightedAverageShsOut": 183130000,
        "weightedAverageShsOutDil": 186175000,
        "link": "https://www.sec.gov/Archives/edgar/data/1087423/000119312515249094/0001193125-15-249094-index.html",
        "finalLink": "https://www.sec.gov/Archives/edgar/data/1087423/000119312515249094/d922374d10q.htm"
    },
    {
        "date": "2015-02-28",
        "symbol": "RHT",
        "reportedCurrency": "USD",
        "cik": "0001087423",
        "fillingDate": "2015-04-28",
        "acceptedDate": "2015-04-28 16:33:28",
        "calendarYear": "2015",
        "period": "Q1",
        "revenue": 463941000,
        "costOfRevenue": 70217000,
        "grossProfit": 393724000,
        "grossProfitRatio": 0.8486510138,
        "researchAndDevelopmentExpenses": 92039000,
        "generalAndAdministrativeExpenses": -145544000,
        "sellingAndMarketingExpenses": 189811000,
        "sellingGeneralAndAdministrativeExpenses": 44267000,
        "otherExpenses": 189811000,
        "operatingExpenses": 326117000,
        "costAndExpenses": 396334000,
        "interestIncome": 0,
        "interestExpense": 5803000,
        "depreciationAndAmortization": 24291000,
        "ebitda": 98971000,
        "ebitdaratio": 0.2133266946,
        "operatingIncome": 67607000,
        "operatingIncomeRatio": 0.1457232708,
        "totalOtherIncomeExpensesNet": 1270000,
        "incomeBeforeTax": 68877000,
        "incomeBeforeTaxRatio": 0.1484606879,
        "incomeTaxExpense": 21177000,
        "netIncome": 47700000,
        "netIncomeRatio": 0.1028147976,
        "eps": 0.26,
        "epsdiluted": 0.25,
        "weightedAverageShsOut": 186529000,
        "weightedAverageShsOutDil": 189246000,
        "link": "https://www.sec.gov/Archives/edgar/data/1087423/000119312515153023/0001193125-15-153023-index.html",
        "finalLink": "https://www.sec.gov/Archives/edgar/data/1087423/000119312515153023/d836093d10k.htm"
    },
    {
        "date": "2014-11-30",
        "symbol": "RHT",
        "reportedCurrency": "USD",
        "cik": "0001087423",
        "fillingDate": "2015-01-08",
        "acceptedDate": "2015-01-08 16:13:07",
        "calendarYear": "2014",
        "period": "Q4",
        "revenue": 455895000,
        "costOfRevenue": 71365000,
        "grossProfit": 384530000,
        "grossProfitRatio": 0.843461762,
        "researchAndDevelopmentExpenses": 90613000,
        "generalAndAdministrativeExpenses": -147716000,
        "sellingAndMarketingExpenses": 187218000,
        "sellingGeneralAndAdministrativeExpenses": 39502000,
        "otherExpenses": 187218000,
        "operatingExpenses": 317333000,
        "costAndExpenses": 388698000,
        "interestIncome": 0,
        "interestExpense": 3591000,
        "depreciationAndAmortization": 17178000,
        "ebitda": 88280000,
        "ebitdaratio": 0.1936410796,
        "operatingIncome": 67197000,
        "operatingIncomeRatio": 0.1473957819,
        "totalOtherIncomeExpensesNet": 314000,
        "incomeBeforeTax": 67511000,
        "incomeBeforeTaxRatio": 0.148084537,
        "incomeTaxExpense": 19578000,
        "netIncome": 47933000,
        "netIncomeRatio": 0.105140438,
        "eps": 0.26,
        "epsdiluted": 0.25,
        "weightedAverageShsOut": 187533000,
        "weightedAverageShsOutDil": 190081000,
        "link": "https://www.sec.gov/Archives/edgar/data/1087423/000119312515005072/0001193125-15-005072-index.htm",
        "finalLink": "https://www.sec.gov/Archives/edgar/data/1087423/000119312515005072/d815062d10q.htm"
    },
    {
        "date": "2014-08-31",
        "symbol": "RHT",
        "reportedCurrency": "USD",
        "cik": "0001087423",
        "fillingDate": "2014-09-29",
        "acceptedDate": "2014-09-29 16:14:11",
        "calendarYear": "2014",
        "period": "Q3",
        "revenue": 445899000,
        "costOfRevenue": 67174000,
        "grossProfit": 378725000,
        "grossProfitRatio": 0.8493515348,
        "researchAndDevelopmentExpenses": 95265000,
        "generalAndAdministrativeExpenses": -129807000,
        "sellingAndMarketingExpenses": 174520000,
        "sellingGeneralAndAdministrativeExpenses": 44713000,
        "otherExpenses": 174520000,
        "operatingExpenses": 314498000,
        "costAndExpenses": 381672000,
        "interestIncome": 0,
        "interestExpense": 0,
        "depreciationAndAmortization": 22064000,
        "ebitda": 88012000,
        "ebitdaratio": 0.1973810213,
        "operatingIncome": 64227000,
        "operatingIncomeRatio": 0.1440393452,
        "totalOtherIncomeExpensesNet": 1721000,
        "incomeBeforeTax": 65948000,
        "incomeBeforeTaxRatio": 0.1478989637,
        "incomeTaxExpense": 19125000,
        "netIncome": 46823000,
        "netIncomeRatio": 0.1050080848,
        "eps": 0.25,
        "epsdiluted": 0.24,
        "weightedAverageShsOut": 188767000,
        "weightedAverageShsOutDil": 191135000,
        "link": "https://www.sec.gov/Archives/edgar/data/1087423/000119312514357141/0001193125-14-357141-index.html",
        "finalLink": "https://www.sec.gov/Archives/edgar/data/1087423/000119312514357141/d766498d10q.htm"
    },
    {
        "date": "2014-05-31",
        "symbol": "RHT",
        "reportedCurrency": "USD",
        "cik": "0001087423",
        "fillingDate": "2014-07-09",
        "acceptedDate": "2014-07-09 16:13:11",
        "calendarYear": "2014",
        "period": "Q2",
        "revenue": 423754000,
        "costOfRevenue": 64443000,
        "grossProfit": 359311000,
        "grossProfitRatio": 0.8479235594,
        "researchAndDevelopmentExpenses": 89939000,
        "generalAndAdministrativeExpenses": -135267000,
        "sellingAndMarketingExpenses": 176838000,
        "sellingGeneralAndAdministrativeExpenses": 41571000,
        "otherExpenses": 176838000,
        "operatingExpenses": 308348000,
        "costAndExpenses": 372791000,
        "interestIncome": 0,
        "interestExpense": 0,
        "depreciationAndAmortization": 20957000,
        "ebitda": 74119000,
        "ebitdaratio": 0.1749104433,
        "operatingIncome": 50963000,
        "operatingIncomeRatio": 0.1202655314,
        "totalOtherIncomeExpensesNet": 2199000,
        "incomeBeforeTax": 53162000,
        "incomeBeforeTaxRatio": 0.125454863,
        "incomeTaxExpense": 15417000,
        "netIncome": 37745000,
        "netIncomeRatio": 0.0890729055,
        "eps": 0.2,
        "epsdiluted": 0.2,
        "weightedAverageShsOut": 189372000,
        "weightedAverageShsOutDil": 191457000,
        "link": "https://www.sec.gov/Archives/edgar/data/1087423/000119312514264192/0001193125-14-264192-index.html",
        "finalLink": "https://www.sec.gov/Archives/edgar/data/1087423/000119312514264192/d721843d10q.htm"
    },
    {
        "date": "2014-02-28",
        "symbol": "RHT",
        "reportedCurrency": "USD",
        "cik": "0001087423",
        "fillingDate": "2014-04-24",
        "acceptedDate": "2014-04-24 16:19:23",
        "calendarYear": "2014",
        "period": "Q1",
        "revenue": 400397000,
        "costOfRevenue": 60536000,
        "grossProfit": 339861000,
        "grossProfitRatio": 0.848810056,
        "researchAndDevelopmentExpenses": 82644000,
        "generalAndAdministrativeExpenses": -116717000,
        "sellingAndMarketingExpenses": 157317000,
        "sellingGeneralAndAdministrativeExpenses": 40600000,
        "otherExpenses": 157317000,
        "operatingExpenses": 280561000,
        "costAndExpenses": 341097000,
        "interestIncome": 0,
        "interestExpense": 0,
        "depreciationAndAmortization": 21139000,
        "ebitda": 82758000,
        "ebitdaratio": 0.2066898603,
        "operatingIncome": 59300000,
        "operatingIncomeRatio": 0.1481030078,
        "totalOtherIncomeExpensesNet": 2319000,
        "incomeBeforeTax": 61619000,
        "incomeBeforeTaxRatio": 0.1538947595,
        "incomeTaxExpense": 16551000,
        "netIncome": 45068000,
        "netIncomeRatio": 0.1125582859,
        "eps": 0.24,
        "epsdiluted": 0.23,
        "weightedAverageShsOut": 189920000,
        "weightedAverageShsOutDil": 192036000,
        "link": "https://www.sec.gov/Archives/edgar/data/1087423/000119312514157171/0001193125-14-157171-index.html",
        "finalLink": "https://www.sec.gov/Archives/edgar/data/1087423/000119312514157171/d671918d10k.htm"
    },
    {
        "date": "2013-11-30",
        "symbol": "RHT",
        "reportedCurrency": "USD",
        "cik": "0001087423",
        "fillingDate": "2014-01-09",
        "acceptedDate": "2014-01-09 14:15:02",
        "calendarYear": "2013",
        "period": "Q4",
        "revenue": 1134218000,
        "costOfRevenue": 172064000,
        "grossProfit": 962154000,
        "grossProfitRatio": 0.8482972409,
        "researchAndDevelopmentExpenses": 234619000,
        "generalAndAdministrativeExpenses": -328761000,
        "sellingAndMarketingExpenses": 440568000,
        "sellingGeneralAndAdministrativeExpenses": 111807000,
        "otherExpenses": 442739000,
        "operatingExpenses": 789165000,
        "costAndExpenses": 961229000,
        "interestIncome": 0,
        "interestExpense": 0,
        "depreciationAndAmortization": 61963000,
        "ebitda": 239892000,
        "ebitdaratio": 0.211504314,
        "operatingIncome": 172989000,
        "operatingIncomeRatio": 0.152518299,
        "totalOtherIncomeExpensesNet": 4940000,
        "incomeBeforeTax": 177929000,
        "incomeBeforeTaxRatio": 0.1568737227,
        "incomeTaxExpense": 44705000,
        "netIncome": 133224000,
        "netIncomeRatio": 0.1174589012,
        "eps": 0.7,
        "epsdiluted": 0.69,
        "weightedAverageShsOut": 190024000,
        "weightedAverageShsOutDil": 192049000,
        "link": "https://www.sec.gov/Archives/edgar/data/1087423/000119312514006446/0001193125-14-006446-index.htm",
        "finalLink": "https://www.sec.gov/Archives/edgar/data/1087423/000119312514006446/d620474d10q.htm"
    },
    {
        "date": "2013-07-29",
        "symbol": "RHT",
        "reportedCurrency": "USD",
        "cik": "0001087423",
        "fillingDate": "2013-10-04",
        "acceptedDate": "2013-10-04 16:10:01",
        "calendarYear": "2013",
        "period": "Q2",
        "revenue": 374423000,
        "costOfRevenue": 56057000,
        "grossProfit": 318366000,
        "grossProfitRatio": 0.8502843041,
        "researchAndDevelopmentExpenses": 78298000,
        "generalAndAdministrativeExpenses": -106392000,
        "sellingAndMarketingExpenses": 144596000,
        "sellingGeneralAndAdministrativeExpenses": 38204000,
        "otherExpenses": 146767000,
        "operatingExpenses": 263269000,
        "costAndExpenses": 374429000,
        "interestIncome": 0,
        "interestExpense": 0,
        "depreciationAndAmortization": -19983000,
        "ebitda": 38314000,
        "ebitdaratio": 0.1023281155,
        "operatingIncome": 55574000,
        "operatingIncomeRatio": 0.148425711,
        "totalOtherIncomeExpensesNet": 2723000,
        "incomeBeforeTax": 58297000,
        "incomeBeforeTaxRatio": 0.1556982343,
        "incomeTaxExpense": 17489000,
        "netIncome": 40808000,
        "netIncomeRatio": 0.1089890311,
        "eps": 0.21,
        "epsdiluted": 0.21,
        "weightedAverageShsOut": 191114000,
        "weightedAverageShsOutDil": 192969000,
        "link": "https://www.sec.gov/Archives/edgar/data/1087423/000119312513391600/0001193125-13-391600-index.html",
        "finalLink": "https://www.sec.gov/Archives/edgar/data/1087423/000119312513391600/d574178d10q.htm"
    },
    {
        "date": "2013-02-28",
        "symbol": "RHT",
        "reportedCurrency": "USD",
        "cik": "0001087423",
        "fillingDate": "2013-04-25",
        "acceptedDate": "2013-04-25 16:12:21",
        "calendarYear": "2013",
        "period": "Q1",
        "revenue": 347885000,
        "costOfRevenue": 53605000,
        "grossProfit": 294280000,
        "grossProfitRatio": 0.8459117237,
        "researchAndDevelopmentExpenses": 71249000,
        "generalAndAdministrativeExpenses": -99828000,
        "sellingAndMarketingExpenses": 136314000,
        "sellingGeneralAndAdministrativeExpenses": 36486000,
        "otherExpenses": 136314000,
        "operatingExpenses": 244049000,
        "costAndExpenses": 297654000,
        "interestIncome": 0,
        "interestExpense": 0,
        "depreciationAndAmortization": 24457000,
        "ebitda": 76516000,
        "ebitdaratio": 0.2199462466,
        "operatingIncome": 50231000,
        "operatingIncomeRatio": 0.144389669,
        "totalOtherIncomeExpensesNet": 1828000,
        "incomeBeforeTax": 52059000,
        "incomeBeforeTaxRatio": 0.149644279,
        "incomeTaxExpense": 9086000,
        "netIncome": 42973000,
        "netIncomeRatio": 0.1235264527,
        "eps": 0.22,
        "epsdiluted": 0.22,
        "weightedAverageShsOut": 193147000,
        "weightedAverageShsOutDil": 195804000,
        "link": "https://www.sec.gov/Archives/edgar/data/1087423/000119312513173724/0001193125-13-173724-index.html",
        "finalLink": "https://www.sec.gov/Archives/edgar/data/1087423/000119312513173724/d484576d10k.htm"
    },
    {
        "date": "2012-11-30",
        "symbol": "RHT",
        "reportedCurrency": "USD",
        "cik": "0001087423",
        "fillingDate": "2013-01-08",
        "acceptedDate": "2013-01-08 16:37:03",
        "calendarYear": "2012",
        "period": "Q4",
        "revenue": 343605000,
        "costOfRevenue": 53117000,
        "grossProfit": 290488000,
        "grossProfitRatio": 0.8454126104,
        "researchAndDevelopmentExpenses": 68655000,
        "generalAndAdministrativeExpenses": -95668000,
        "sellingAndMarketingExpenses": 133791000,
        "sellingGeneralAndAdministrativeExpenses": 38123000,
        "otherExpenses": 133791000,
        "operatingExpenses": 240569000,
        "costAndExpenses": 293686000,
        "interestIncome": 0,
        "interestExpense": 0,
        "depreciationAndAmortization": 16126000,
        "ebitda": 67251000,
        "ebitdaratio": 0.1957218318,
        "operatingIncome": 49919000,
        "operatingIncomeRatio": 0.1452801909,
        "totalOtherIncomeExpensesNet": 1206000,
        "incomeBeforeTax": 51125000,
        "incomeBeforeTaxRatio": 0.1487900351,
        "incomeTaxExpense": 16360000,
        "netIncome": 34765000,
        "netIncomeRatio": 0.1011772238,
        "eps": 0.18,
        "epsdiluted": 0.18,
        "weightedAverageShsOut": 193127000,
        "weightedAverageShsOutDil": 195898000,
        "link": "https://www.sec.gov/Archives/edgar/data/1087423/000119312513006901/0001193125-13-006901-index.html",
        "finalLink": "https://www.sec.gov/Archives/edgar/data/1087423/000119312513006901/d443384d10q.htm"
    },
    {
        "date": "2012-08-31",
        "symbol": "RHT",
        "reportedCurrency": "USD",
        "cik": "0001087423",
        "fillingDate": "2012-10-05",
        "acceptedDate": "2012-10-05 16:10:02",
        "calendarYear": "2012",
        "period": "Q3",
        "revenue": 322596000,
        "costOfRevenue": 47859000,
        "grossProfit": 274737000,
        "grossProfitRatio": 0.8516441617,
        "researchAndDevelopmentExpenses": 63366000,
        "generalAndAdministrativeExpenses": -85767000,
        "sellingAndMarketingExpenses": 123579000,
        "sellingGeneralAndAdministrativeExpenses": 37812000,
        "otherExpenses": 123579000,
        "operatingExpenses": 224757000,
        "costAndExpenses": 272616000,
        "interestIncome": 0,
        "interestExpense": 0,
        "depreciationAndAmortization": 14568000,
        "ebitda": 66047000,
        "ebitdaratio": 0.2047359546,
        "operatingIncome": 49980000,
        "operatingIncomeRatio": 0.1549306253,
        "totalOtherIncomeExpensesNet": 1499000,
        "incomeBeforeTax": 51479000,
        "incomeBeforeTaxRatio": 0.1595773041,
        "incomeTaxExpense": 16474000,
        "netIncome": 35005000,
        "netIncomeRatio": 0.1085103349,
        "eps": 0.18,
        "epsdiluted": 0.18,
        "weightedAverageShsOut": 193005000,
        "weightedAverageShsOutDil": 195929000,
        "link": "https://www.sec.gov/Archives/edgar/data/1087423/000119312512416774/0001193125-12-416774-index.html",
        "finalLink": "https://www.sec.gov/Archives/edgar/data/1087423/000119312512416774/d397724d10q.htm"
    },
    {
        "date": "2012-05-31",
        "symbol": "RHT",
        "reportedCurrency": "USD",
        "cik": "0001087423",
        "fillingDate": "2012-07-06",
        "acceptedDate": "2012-07-06 16:07:11",
        "calendarYear": "2012",
        "period": "Q2",
        "revenue": 314731000,
        "costOfRevenue": 46019000,
        "grossProfit": 268712000,
        "grossProfitRatio": 0.8537830719,
        "researchAndDevelopmentExpenses": 59880000,
        "generalAndAdministrativeExpenses": -86958000,
        "sellingAndMarketingExpenses": 120870000,
        "sellingGeneralAndAdministrativeExpenses": 33912000,
        "otherExpenses": 124012000,
        "operatingExpenses": 217804000,
        "costAndExpenses": 263823000,
        "interestIncome": 0,
        "interestExpense": 0,
        "depreciationAndAmortization": 14079000,
        "ebitda": 69168000,
        "ebitdaratio": 0.2197686278,
        "operatingIncome": 50908000,
        "operatingIncomeRatio": 0.1617508285,
        "totalOtherIncomeExpensesNet": 4181000,
        "incomeBeforeTax": 55089000,
        "incomeBeforeTaxRatio": 0.1750351888,
        "incomeTaxExpense": 17628000,
        "netIncome": 37461000,
        "netIncomeRatio": 0.1190254535,
        "eps": 0.19,
        "epsdiluted": 0.19,
        "weightedAverageShsOut": 192947000,
        "weightedAverageShsOutDil": 195937000,
        "link": "https://www.sec.gov/Archives/edgar/data/1087423/000119312512296255/0001193125-12-296255-index.html",
        "finalLink": "https://www.sec.gov/Archives/edgar/data/1087423/000119312512296255/d356986d10q.htm"
    },
    {
        "date": "2012-02-29",
        "symbol": "RHT",
        "reportedCurrency": "USD",
        "cik": "0001087423",
        "fillingDate": "2012-04-25",
        "acceptedDate": "2012-04-24 20:00:00",
        "calendarYear": "2012",
        "period": "Q1",
        "revenue": 297011000,
        "costOfRevenue": 44273000,
        "grossProfit": 252738000,
        "grossProfitRatio": 0.8509381807,
        "researchAndDevelopmentExpenses": 55147000,
        "generalAndAdministrativeExpenses": -80950000,
        "sellingAndMarketingExpenses": 115018000,
        "sellingGeneralAndAdministrativeExpenses": 34068000,
        "otherExpenses": 115018000,
        "operatingExpenses": 204233000,
        "costAndExpenses": 248506000,
        "interestIncome": 0,
        "interestExpense": 0,
        "depreciationAndAmortization": 13094000,
        "ebitda": 63724000,
        "ebitdaratio": 0.2145509762,
        "operatingIncome": 48505000,
        "operatingIncomeRatio": 0.1633104498,
        "totalOtherIncomeExpensesNet": 2125000,
        "incomeBeforeTax": 50630000,
        "incomeBeforeTaxRatio": 0.170465067,
        "incomeTaxExpense": 14661000,
        "netIncome": 35969000,
        "netIncomeRatio": 0.1211032588,
        "eps": 0.19,
        "epsdiluted": 0.18,
        "weightedAverageShsOut": 193151000,
        "weightedAverageShsOutDil": 196451000,
        "link": "https://www.sec.gov/Archives/edgar/data/1087423/000119312512182074/0001193125-12-182074-index.htm",
        "finalLink": "https://www.sec.gov/Archives/edgar/data/1087423/000119312512182074/d301497d10k.htm"
    },
    {
        "date": "2011-11-30",
        "symbol": "RHT",
        "reportedCurrency": "USD",
        "cik": "0001087423",
        "fillingDate": "2012-01-09",
        "acceptedDate": "2012-01-09 16:11:57",
        "calendarYear": "2011",
        "period": "Q4",
        "revenue": 290026000,
        "costOfRevenue": 45189000,
        "grossProfit": 244837000,
        "grossProfitRatio": 0.8441898313,
        "researchAndDevelopmentExpenses": 53739000,
        "generalAndAdministrativeExpenses": -77595000,
        "sellingAndMarketingExpenses": 107561000,
        "sellingGeneralAndAdministrativeExpenses": 29966000,
        "otherExpenses": 107561000,
        "operatingExpenses": 191266000,
        "costAndExpenses": 236455000,
        "interestIncome": 0,
        "interestExpense": 0,
        "depreciationAndAmortization": 12392000,
        "ebitda": 67812000,
        "ebitdaratio": 0.2338135202,
        "operatingIncome": 53571000,
        "operatingIncomeRatio": 0.1847110259,
        "totalOtherIncomeExpensesNet": 1849000,
        "incomeBeforeTax": 55420000,
        "incomeBeforeTaxRatio": 0.1910863164,
        "incomeTaxExpense": 17180000,
        "netIncome": 38240000,
        "netIncomeRatio": 0.1318502479,
        "eps": 0.2,
        "epsdiluted": 0.19,
        "weightedAverageShsOut": 193162000,
        "weightedAverageShsOutDil": 196493000,
        "link": "https://www.sec.gov/Archives/edgar/data/1087423/000119312512006574/0001193125-12-006574-index.html",
        "finalLink": "https://www.sec.gov/Archives/edgar/data/1087423/000119312512006574/d249779d10q.htm"
    },
    {
        "date": "2011-08-31",
        "symbol": "RHT",
        "reportedCurrency": "USD",
        "cik": "0001087423",
        "fillingDate": "2011-10-06",
        "acceptedDate": "2011-10-06 11:24:11",
        "calendarYear": "2011",
        "period": "Q3",
        "revenue": 281320000,
        "costOfRevenue": 46639000,
        "grossProfit": 234681000,
        "grossProfitRatio": 0.8342137068,
        "researchAndDevelopmentExpenses": 51488000,
        "generalAndAdministrativeExpenses": -68747000,
        "sellingAndMarketingExpenses": 99731000,
        "sellingGeneralAndAdministrativeExpenses": 30984000,
        "otherExpenses": 99731000,
        "operatingExpenses": 182203000,
        "costAndExpenses": 228842000,
        "interestIncome": 0,
        "interestExpense": 0,
        "depreciationAndAmortization": 13147000,
        "ebitda": 68077000,
        "ebitdaratio": 0.2419913266,
        "operatingIncome": 52478000,
        "operatingIncomeRatio": 0.1865420162,
        "totalOtherIncomeExpensesNet": 2452000,
        "incomeBeforeTax": 54930000,
        "incomeBeforeTaxRatio": 0.1952580691,
        "incomeTaxExpense": 14963000,
        "netIncome": 39967000,
        "netIncomeRatio": 0.1420695294,
        "eps": 0.21,
        "epsdiluted": 0.2,
        "weightedAverageShsOut": 193046000,
        "weightedAverageShsOutDil": 196428000,
        "link": "https://www.sec.gov/Archives/edgar/data/1087423/000119312511265418/0001193125-11-265418-index.html",
        "finalLink": "https://www.sec.gov/Archives/edgar/data/1087423/000119312511265418/d218638d10q.htm"
    },
    {
        "date": "2011-05-31",
        "symbol": "RHT",
        "reportedCurrency": "USD",
        "cik": "0001087423",
        "fillingDate": "2011-07-07",
        "acceptedDate": "2011-07-07 16:33:08",
        "calendarYear": "2011",
        "period": "Q2",
        "revenue": 264746000,
        "costOfRevenue": 42447000,
        "grossProfit": 222299000,
        "grossProfitRatio": 0.8396689657,
        "researchAndDevelopmentExpenses": 48288000,
        "generalAndAdministrativeExpenses": -65998000,
        "sellingAndMarketingExpenses": 97325000,
        "sellingGeneralAndAdministrativeExpenses": 31327000,
        "otherExpenses": 97325000,
        "operatingExpenses": 176940000,
        "costAndExpenses": 219387000,
        "interestIncome": 0,
        "interestExpense": 0,
        "depreciationAndAmortization": 12739000,
        "ebitda": 59768000,
        "ebitdaratio": 0.2257560076,
        "operatingIncome": 45359000,
        "operatingIncomeRatio": 0.1713302562,
        "totalOtherIncomeExpensesNet": 1670000,
        "incomeBeforeTax": 47029000,
        "incomeBeforeTaxRatio": 0.1776381891,
        "incomeTaxExpense": 14579000,
        "netIncome": 32450000,
        "netIncomeRatio": 0.1225703127,
        "eps": 0.17,
        "epsdiluted": 0.17,
        "weightedAverageShsOut": 193155000,
        "weightedAverageShsOutDil": 196287000,
        "link": "https://www.sec.gov/Archives/edgar/data/1087423/000119312511184026/0001193125-11-184026-index.html",
        "finalLink": "https://www.sec.gov/Archives/edgar/data/1087423/000119312511184026/d10q.htm"
    },
    {
        "date": "2011-02-28",
        "symbol": "RHT",
        "reportedCurrency": "USD",
        "cik": "0001087423",
        "fillingDate": "2011-04-29",
        "acceptedDate": "2011-04-29 11:05:31",
        "calendarYear": "2011",
        "period": "Q1",
        "revenue": 244796000,
        "costOfRevenue": 41604000,
        "grossProfit": 203192000,
        "grossProfitRatio": 0.8300462426,
        "researchAndDevelopmentExpenses": 45151000,
        "generalAndAdministrativeExpenses": -57913000,
        "sellingAndMarketingExpenses": 88272000,
        "sellingGeneralAndAdministrativeExpenses": 30359000,
        "otherExpenses": 88272000,
        "operatingExpenses": 163782000,
        "costAndExpenses": 205386000,
        "interestIncome": 0,
        "interestExpense": 0,
        "depreciationAndAmortization": 12757000,
        "ebitda": 52999000,
        "ebitdaratio": 0.2165027206,
        "operatingIncome": 39410000,
        "operatingIncomeRatio": 0.1609911927,
        "totalOtherIncomeExpensesNet": 832000,
        "incomeBeforeTax": 40242000,
        "incomeBeforeTaxRatio": 0.164389941,
        "incomeTaxExpense": 6708000,
        "netIncome": 33534000,
        "netIncomeRatio": 0.1369875325,
        "eps": 0.18,
        "epsdiluted": 0.17,
        "weightedAverageShsOut": 190294000,
        "weightedAverageShsOutDil": 196353000,
        "link": "https://www.sec.gov/Archives/edgar/data/1087423/000119312511117416/0001193125-11-117416-index.html",
        "finalLink": "https://www.sec.gov/Archives/edgar/data/1087423/000119312511117416/d10k.htm"
    },
    {
        "date": "2010-11-30",
        "symbol": "RHT",
        "reportedCurrency": "USD",
        "cik": "0001087423",
        "fillingDate": "2011-01-10",
        "acceptedDate": "2011-01-09 19:00:00",
        "calendarYear": "2010",
        "period": "Q4",
        "revenue": 235576000,
        "costOfRevenue": 39744000,
        "grossProfit": 195832000,
        "grossProfitRatio": 0.8312901144,
        "researchAndDevelopmentExpenses": 43083000,
        "generalAndAdministrativeExpenses": -55482000,
        "sellingAndMarketingExpenses": 85138000,
        "sellingGeneralAndAdministrativeExpenses": 29656000,
        "otherExpenses": 85138000,
        "operatingExpenses": 157877000,
        "costAndExpenses": 197621000,
        "interestIncome": 0,
        "interestExpense": 0,
        "depreciationAndAmortization": 11829000,
        "ebitda": 51855000,
        "ebitdaratio": 0.2201200462,
        "operatingIncome": 37955000,
        "operatingIncomeRatio": 0.1611157334,
        "totalOtherIncomeExpensesNet": 2071000,
        "incomeBeforeTax": 40026000,
        "incomeBeforeTaxRatio": 0.1699069515,
        "incomeTaxExpense": 14009000,
        "netIncome": 26017000,
        "netIncomeRatio": 0.1104399429,
        "eps": 0.14,
        "epsdiluted": 0.13,
        "weightedAverageShsOut": 189410000,
        "weightedAverageShsOutDil": 195723000,
        "link": "https://www.sec.gov/Archives/edgar/data/1087423/000119312511004618/0001193125-11-004618-index.htm",
        "finalLink": "https://www.sec.gov/Archives/edgar/data/1087423/000119312511004618/d10q.htm"
    },
    {
        "date": "2010-08-31",
        "symbol": "RHT",
        "reportedCurrency": "USD",
        "cik": "0001087423",
        "fillingDate": "2010-10-08",
        "acceptedDate": "2010-10-08 13:54:05",
        "calendarYear": "2010",
        "period": "Q3",
        "revenue": 219761000,
        "costOfRevenue": 888236000,
        "grossProfit": -668475000,
        "grossProfitRatio": -3.0418272578,
        "researchAndDevelopmentExpenses": 83019000,
        "generalAndAdministrativeExpenses": -135642000,
        "sellingAndMarketingExpenses": 153998000,
        "sellingGeneralAndAdministrativeExpenses": 18356000,
        "otherExpenses": 27389000,
        "operatingExpenses": 128764000,
        "costAndExpenses": 221390000,
        "interestIncome": 0,
        "interestExpense": -131620000,
        "depreciationAndAmortization": -198136000,
        "ebitda": -298876000,
        "ebitdaratio": -1.3600047324,
        "operatingIncome": 34072000,
        "operatingIncomeRatio": 0.1550411583,
        "totalOtherIncomeExpensesNet": 2322000,
        "incomeBeforeTax": 36394000,
        "incomeBeforeTaxRatio": 0.1656071823,
        "incomeTaxExpense": 7224000,
        "netIncome": 23656000,
        "netIncomeRatio": 0.1076442135,
        "eps": 0.13,
        "epsdiluted": 0.12,
        "weightedAverageShsOut": 188477000,
        "weightedAverageShsOutDil": 193457000,
        "link": "https://www.sec.gov/Archives/edgar/data/1087423/000119312510226741/0001193125-10-226741-index.html",
        "finalLink": "https://www.sec.gov/Archives/edgar/data/1087423/000119312510226741/d10q.htm"
    },
    {
        "date": "2010-05-31",
        "symbol": "RHT",
        "reportedCurrency": "USD",
        "cik": "0001087423",
        "fillingDate": "2010-07-09",
        "acceptedDate": "2010-07-09 16:03:57",
        "calendarYear": "2010",
        "period": "Q2",
        "revenue": 209144000,
        "costOfRevenue": 66476000,
        "grossProfit": 142668000,
        "grossProfitRatio": 0.6821520101,
        "researchAndDevelopmentExpenses": 40658000,
        "generalAndAdministrativeExpenses": -48119000,
        "sellingAndMarketingExpenses": 74564000,
        "sellingGeneralAndAdministrativeExpenses": 26445000,
        "otherExpenses": 74564000,
        "operatingExpenses": 141667000,
        "costAndExpenses": 208143000,
        "interestIncome": 0,
        "interestExpense": 0,
        "depreciationAndAmortization": 11722000,
        "ebitda": 48754000,
        "ebitdaratio": 0.2331121141,
        "operatingIncome": 34239000,
        "operatingIncomeRatio": 0.163710171,
        "totalOtherIncomeExpensesNet": 2793000,
        "incomeBeforeTax": 37032000,
        "incomeBeforeTaxRatio": 0.1770646062,
        "incomeTaxExpense": 12961000,
        "netIncome": 24071000,
        "netIncomeRatio": 0.1150929503,
        "eps": 0.13,
        "epsdiluted": 0.13,
        "weightedAverageShsOut": 188477000,
        "weightedAverageShsOutDil": 188477000,
        "link": "https://www.sec.gov/Archives/edgar/data/1087423/000119312510156579/0001193125-10-156579-index.html",
        "finalLink": "https://www.sec.gov/Archives/edgar/data/1087423/000119312510156579/d10q.htm"
    },
    {
        "date": "2010-02-28",
        "symbol": "RHT",
        "reportedCurrency": "USD",
        "cik": "0001087423",
        "fillingDate": "2010-04-29",
        "acceptedDate": "2010-04-29 16:05:35",
        "calendarYear": "2010",
        "period": "Q1",
        "revenue": 195868000,
        "costOfRevenue": 58676000,
        "grossProfit": 137192000,
        "grossProfitRatio": 0.7004309024,
        "researchAndDevelopmentExpenses": 38292000,
        "generalAndAdministrativeExpenses": -242889000,
        "sellingAndMarketingExpenses": 272705000,
        "sellingGeneralAndAdministrativeExpenses": 29816000,
        "otherExpenses": 70463000,
        "operatingExpenses": 138571000,
        "costAndExpenses": 197247000,
        "interestIncome": 0,
        "interestExpense": 26000,
        "depreciationAndAmortization": 12014000,
        "ebitda": 46549000,
        "ebitdaratio": 0.2376549513,
        "operatingIncome": 27959000,
        "operatingIncomeRatio": 0.142744093,
        "totalOtherIncomeExpensesNet": 6550000,
        "incomeBeforeTax": 34509000,
        "incomeBeforeTaxRatio": 0.1761849817,
        "incomeTaxExpense": 11121000,
        "netIncome": 23388000,
        "netIncomeRatio": 0.1194069475,
        "eps": 0.12,
        "epsdiluted": 0.12,
        "weightedAverageShsOut": 187823000,
        "weightedAverageShsOutDil": 193366000,
        "link": "https://www.sec.gov/Archives/edgar/data/1087423/000119312510099295/0001193125-10-099295-index.html",
        "finalLink": "https://www.sec.gov/Archives/edgar/data/1087423/000119312510099295/d10k.htm"
    },
    {
        "date": "2009-11-30",
        "symbol": "RHT",
        "reportedCurrency": "USD",
        "cik": "0001087423",
        "fillingDate": "2010-01-11",
        "acceptedDate": "2010-01-11 16:12:39",
        "calendarYear": "2009",
        "period": "Q4",
        "revenue": 194347000,
        "costOfRevenue": 59196000,
        "grossProfit": 135151000,
        "grossProfitRatio": 0.6954107859,
        "researchAndDevelopmentExpenses": 38606000,
        "generalAndAdministrativeExpenses": 156848000,
        "sellingAndMarketingExpenses": -130745000,
        "sellingGeneralAndAdministrativeExpenses": 26103000,
        "otherExpenses": 80247000,
        "operatingExpenses": 144956000,
        "costAndExpenses": 204152000,
        "interestIncome": 0,
        "interestExpense": 42000,
        "depreciationAndAmortization": 11595000,
        "ebitda": 36889000,
        "ebitdaratio": 0.1898099791,
        "operatingIncome": 19793000,
        "operatingIncomeRatio": 0.1018436096,
        "totalOtherIncomeExpensesNet": 5459000,
        "incomeBeforeTax": 25252000,
        "incomeBeforeTaxRatio": 0.1299325433,
        "incomeTaxExpense": 8838000,
        "netIncome": 16414000,
        "netIncomeRatio": 0.0844571823,
        "eps": 0.0874,
        "epsdiluted": 0.0849,
        "weightedAverageShsOut": 187823000,
        "weightedAverageShsOutDil": 193366000,
        "link": "https://www.sec.gov/Archives/edgar/data/1087423/000119312510004360/0001193125-10-004360-index.html",
        "finalLink": "https://www.sec.gov/Archives/edgar/data/1087423/000119312510004360/d10q.htm"
    },
    {
        "date": "2009-08-31",
        "symbol": "RHT",
        "reportedCurrency": "USD",
        "cik": "0001087423",
        "fillingDate": "2009-10-05",
        "acceptedDate": "2009-10-05 16:05:45",
        "calendarYear": "2009",
        "period": "Q3",
        "revenue": 183633000,
        "costOfRevenue": 56882000,
        "grossProfit": 126751000,
        "grossProfitRatio": 0.6902408608,
        "researchAndDevelopmentExpenses": 36360000,
        "generalAndAdministrativeExpenses": -42245000,
        "sellingAndMarketingExpenses": 66768000,
        "sellingGeneralAndAdministrativeExpenses": 24523000,
        "otherExpenses": 66768000,
        "operatingExpenses": 127651000,
        "costAndExpenses": 184533000,
        "interestIncome": 0,
        "interestExpense": 43000,
        "depreciationAndAmortization": 11442000,
        "ebitda": 44743000,
        "ebitdaratio": 0.243654463,
        "operatingIncome": 27541000,
        "operatingIncomeRatio": 0.1499784897,
        "totalOtherIncomeExpensesNet": 5717000,
        "incomeBeforeTax": 33258000,
        "incomeBeforeTaxRatio": 0.1811112382,
        "incomeTaxExpense": 4321000,
        "netIncome": 28937000,
        "netIncomeRatio": 0.1575806091,
        "eps": 0.15,
        "epsdiluted": 0.15,
        "weightedAverageShsOut": 187823000,
        "weightedAverageShsOutDil": 187823000,
        "link": "https://www.sec.gov/Archives/edgar/data/1087423/000119312509203491/0001193125-09-203491-index.html",
        "finalLink": "https://www.sec.gov/Archives/edgar/data/1087423/000119312509203491/d10q.htm"
    },
    {
        "date": "2009-05-31",
        "symbol": "RHT",
        "reportedCurrency": "USD",
        "cik": "0001087423",
        "fillingDate": "2009-07-10",
        "acceptedDate": "2009-07-10 16:08:36",
        "calendarYear": "2009",
        "period": "Q2",
        "revenue": 174388000,
        "costOfRevenue": 52936000,
        "grossProfit": 121452000,
        "grossProfitRatio": 0.6964470032,
        "researchAndDevelopmentExpenses": 35102000,
        "generalAndAdministrativeExpenses": -40192000,
        "sellingAndMarketingExpenses": 63977000,
        "sellingGeneralAndAdministrativeExpenses": 23785000,
        "otherExpenses": 63977000,
        "operatingExpenses": 122864000,
        "costAndExpenses": 175800000,
        "interestIncome": 0,
        "interestExpense": 53000,
        "depreciationAndAmortization": 10810000,
        "ebitda": 39346000,
        "ebitdaratio": 0.2256233227,
        "operatingIncome": 25056000,
        "operatingIncomeRatio": 0.143679611,
        "totalOtherIncomeExpensesNet": 3427000,
        "incomeBeforeTax": 28483000,
        "incomeBeforeTaxRatio": 0.1633311925,
        "incomeTaxExpense": 9969000,
        "netIncome": 18514000,
        "netIncomeRatio": 0.1061655619,
        "eps": 0.0986,
        "epsdiluted": 0.0986,
        "weightedAverageShsOut": 187823000,
        "weightedAverageShsOutDil": 187823000,
        "link": "https://www.sec.gov/Archives/edgar/data/1087423/000119312509147421/0001193125-09-147421-index.html",
        "finalLink": "https://www.sec.gov/Archives/edgar/data/1087423/000119312509147421/d10q.htm"
    },
    {
        "date": "2009-02-28",
        "symbol": "RHT",
        "reportedCurrency": "USD",
        "cik": "0001087423",
        "fillingDate": "2009-04-29",
        "acceptedDate": "2009-04-29 16:13:33",
        "calendarYear": "2009",
        "period": "Q1",
        "revenue": 166221000,
        "costOfRevenue": 51306000,
        "grossProfit": 114915000,
        "grossProfitRatio": 0.6913386395,
        "researchAndDevelopmentExpenses": 34993000,
        "generalAndAdministrativeExpenses": -37066000,
        "sellingAndMarketingExpenses": 61202000,
        "sellingGeneralAndAdministrativeExpenses": 24136000,
        "otherExpenses": 61202000,
        "operatingExpenses": 120331000,
        "costAndExpenses": 171637000,
        "interestIncome": 0,
        "interestExpense": 433000,
        "depreciationAndAmortization": 10823000,
        "ebitda": 36276000,
        "ebitdaratio": 0.2182395726,
        "operatingIncome": 20237000,
        "operatingIncomeRatio": 0.121747553,
        "totalOtherIncomeExpensesNet": 4783000,
        "incomeBeforeTax": 25020000,
        "incomeBeforeTaxRatio": 0.1505224972,
        "incomeTaxExpense": 9032000,
        "netIncome": 15988000,
        "netIncomeRatio": 0.0961851992,
        "eps": 0.0851,
        "epsdiluted": 0.0851,
        "weightedAverageShsOut": 187823000,
        "weightedAverageShsOutDil": 187823000,
        "link": "https://www.sec.gov/Archives/edgar/data/1087423/000119312509091983/0001193125-09-091983-index.html",
        "finalLink": "https://www.sec.gov/Archives/edgar/data/1087423/000119312509091983/d10k.htm"
    },
    {
        "date": "2008-11-30",
        "symbol": "RHT",
        "reportedCurrency": "USD",
        "cik": "0001087423",
        "fillingDate": "2009-01-09",
        "acceptedDate": "2009-01-09 12:24:51",
        "calendarYear": "2008",
        "period": "Q4",
        "revenue": 165333000,
        "costOfRevenue": 53072000,
        "grossProfit": 112261000,
        "grossProfitRatio": 0.6789993528,
        "researchAndDevelopmentExpenses": 34545000,
        "generalAndAdministrativeExpenses": -33744000,
        "sellingAndMarketingExpenses": 58513000,
        "sellingGeneralAndAdministrativeExpenses": 24769000,
        "otherExpenses": 58513000,
        "operatingExpenses": 117827000,
        "costAndExpenses": 170899000,
        "interestIncome": 0,
        "interestExpense": 1249000,
        "depreciationAndAmortization": 10561000,
        "ebitda": 45326000,
        "ebitdaratio": 0.2741497463,
        "operatingIncome": 20970000,
        "operatingIncomeRatio": 0.1268349331,
        "totalOtherIncomeExpensesNet": 12546000,
        "incomeBeforeTax": 33516000,
        "incomeBeforeTaxRatio": 0.2027181506,
        "incomeTaxExpense": 9211000,
        "netIncome": 24305000,
        "netIncomeRatio": 0.1470063448,
        "eps": 0.13,
        "epsdiluted": 0.13,
        "weightedAverageShsOut": 187823000,
        "weightedAverageShsOutDil": 187823000,
        "link": "https://www.sec.gov/Archives/edgar/data/1087423/000119312509003855/0001193125-09-003855-index.html",
        "finalLink": "https://www.sec.gov/Archives/edgar/data/1087423/000119312509003855/d10q.htm"
    },
    {
        "date": "2008-08-31",
        "symbol": "RHT",
        "reportedCurrency": "USD",
        "cik": "0001087423",
        "fillingDate": "2008-10-10",
        "acceptedDate": "2008-10-10 16:26:11",
        "calendarYear": "2008",
        "period": "Q3",
        "revenue": 164383000,
        "costOfRevenue": 55016000,
        "grossProfit": 109367000,
        "grossProfitRatio": 0.6653181898,
        "researchAndDevelopmentExpenses": 31728000,
        "generalAndAdministrativeExpenses": -35389000,
        "sellingAndMarketingExpenses": 59566000,
        "sellingGeneralAndAdministrativeExpenses": 24177000,
        "otherExpenses": 59566000,
        "operatingExpenses": 115471000,
        "costAndExpenses": 170487000,
        "interestIncome": 0,
        "interestExpense": 1530000,
        "depreciationAndAmortization": 9828000,
        "ebitda": 46010000,
        "ebitdaratio": 0.279895123,
        "operatingIncome": 21404000,
        "operatingIncomeRatio": 0.1302081115,
        "totalOtherIncomeExpensesNet": 13248000,
        "incomeBeforeTax": 34652000,
        "incomeBeforeTaxRatio": 0.2108003869,
        "incomeTaxExpense": 13514000,
        "netIncome": 21138000,
        "netIncomeRatio": 0.1285899393,
        "eps": 0.11,
        "epsdiluted": 0.11,
        "weightedAverageShsOut": 187823000,
        "weightedAverageShsOutDil": 187823000,
        "link": "https://www.sec.gov/Archives/edgar/data/1087423/000119312508209130/0001193125-08-209130-index.html",
        "finalLink": "https://www.sec.gov/Archives/edgar/data/1087423/000119312508209130/d10q.htm"
    },
    {
        "date": "2008-05-31",
        "symbol": "RHT",
        "reportedCurrency": "USD",
        "cik": "0001087423",
        "fillingDate": "2008-07-10",
        "acceptedDate": "2008-07-10 14:05:14",
        "calendarYear": "2008",
        "period": "Q2",
        "revenue": 156635000,
        "costOfRevenue": 52858000,
        "grossProfit": 103777000,
        "grossProfitRatio": 0.6625403007,
        "researchAndDevelopmentExpenses": 28911000,
        "generalAndAdministrativeExpenses": -37157000,
        "sellingAndMarketingExpenses": 59271000,
        "sellingGeneralAndAdministrativeExpenses": 22114000,
        "otherExpenses": 59271000,
        "operatingExpenses": 110296000,
        "costAndExpenses": 163154000,
        "interestIncome": 0,
        "interestExpense": 1586000,
        "depreciationAndAmortization": 9097000,
        "ebitda": 39027000,
        "ebitdaratio": 0.2491588725,
        "operatingIncome": 19910000,
        "operatingIncomeRatio": 0.127110799,
        "totalOtherIncomeExpensesNet": 8434000,
        "incomeBeforeTax": 28344000,
        "incomeBeforeTaxRatio": 0.1809557251,
        "incomeTaxExpense": 11054000,
        "netIncome": 17290000,
        "netIncomeRatio": 0.1103840138,
        "eps": 0.0921,
        "epsdiluted": 0.0921,
        "weightedAverageShsOut": 187823000,
        "weightedAverageShsOutDil": 187823000,
        "link": "https://www.sec.gov/Archives/edgar/data/1087423/000119312508149201/0001193125-08-149201-index.html",
        "finalLink": "https://www.sec.gov/Archives/edgar/data/1087423/000119312508149201/d10q.htm"
    },
    {
        "date": "2008-02-29",
        "symbol": "RHT",
        "reportedCurrency": "USD",
        "cik": "0001087423",
        "fillingDate": "2008-04-29",
        "acceptedDate": "2008-04-29 16:29:20",
        "calendarYear": "2008",
        "period": "Q1",
        "revenue": 141492000,
        "costOfRevenue": 42798000,
        "grossProfit": 98694000,
        "grossProfitRatio": 0.6975235349,
        "researchAndDevelopmentExpenses": 26316000,
        "generalAndAdministrativeExpenses": -28582000,
        "sellingAndMarketingExpenses": 52094000,
        "sellingGeneralAndAdministrativeExpenses": 23512000,
        "otherExpenses": 52094000,
        "operatingExpenses": 101922000,
        "costAndExpenses": 144720000,
        "interestIncome": 0,
        "interestExpense": 1611000,
        "depreciationAndAmortization": 9105000,
        "ebitda": 45648000,
        "ebitdaratio": 0.3226189467,
        "operatingIncome": 18171000,
        "operatingIncomeRatio": 0.1284242219,
        "totalOtherIncomeExpensesNet": 16761000,
        "incomeBeforeTax": 34932000,
        "incomeBeforeTaxRatio": 0.246883216,
        "incomeTaxExpense": 12926000,
        "netIncome": 22006000,
        "netIncomeRatio": 0.1555282277,
        "eps": 0.11,
        "epsdiluted": 0.0988,
        "weightedAverageShsOut": 194741000,
        "weightedAverageShsOutDil": 222740000,
        "link": "https://www.sec.gov/Archives/edgar/data/1087423/000119312508095150/0001193125-08-095150-index.html",
        "finalLink": "https://www.sec.gov/Archives/edgar/data/1087423/000119312508095150/d10k.htm"
    },
    {
        "date": "2007-11-30",
        "symbol": "RHT",
        "reportedCurrency": "USD",
        "cik": "0001087423",
        "fillingDate": "2008-01-09",
        "acceptedDate": "2008-01-09 15:30:35",
        "calendarYear": "2007",
        "period": "Q4",
        "revenue": 135381000,
        "costOfRevenue": 41852000,
        "grossProfit": 93529000,
        "grossProfitRatio": 0.6908576536,
        "researchAndDevelopmentExpenses": 25930000,
        "generalAndAdministrativeExpenses": -26234000,
        "sellingAndMarketingExpenses": 47653000,
        "sellingGeneralAndAdministrativeExpenses": 21419000,
        "otherExpenses": 47653000,
        "operatingExpenses": 95002000,
        "costAndExpenses": 136854000,
        "interestIncome": 0,
        "interestExpense": 1581000,
        "depreciationAndAmortization": 8444000,
        "ebitda": 42337000,
        "ebitdaratio": 0.3127248284,
        "operatingIncome": 19453000,
        "operatingIncomeRatio": 0.143690769,
        "totalOtherIncomeExpensesNet": 12859000,
        "incomeBeforeTax": 32312000,
        "incomeBeforeTaxRatio": 0.2386745555,
        "incomeTaxExpense": 12029000,
        "netIncome": 20283000,
        "netIncomeRatio": 0.1498216146,
        "eps": 0.1,
        "epsdiluted": 0.0911,
        "weightedAverageShsOut": 194741000,
        "weightedAverageShsOutDil": 222740000,
        "link": "https://www.sec.gov/Archives/edgar/data/1087423/000119312508003827/0001193125-08-003827-index.htm",
        "finalLink": "https://www.sec.gov/Archives/edgar/data/1087423/000119312508003827/d10q.htm"
    },
    {
        "date": "2007-08-31",
        "symbol": "RHT",
        "reportedCurrency": "USD",
        "cik": "0001087423",
        "fillingDate": "2007-10-10",
        "acceptedDate": "2007-10-10 15:50:26",
        "calendarYear": "2007",
        "period": "Q3",
        "revenue": 127270000,
        "costOfRevenue": 40128000,
        "grossProfit": 87142000,
        "grossProfitRatio": 0.684701815,
        "researchAndDevelopmentExpenses": 23384000,
        "generalAndAdministrativeExpenses": -26160000,
        "sellingAndMarketingExpenses": 46093000,
        "sellingGeneralAndAdministrativeExpenses": 19933000,
        "otherExpenses": 46093000,
        "operatingExpenses": 89410000,
        "costAndExpenses": 129538000,
        "interestIncome": 0,
        "interestExpense": 1565000,
        "depreciationAndAmortization": 8219000,
        "ebitda": 40045000,
        "ebitdaratio": 0.3146460281,
        "operatingIncome": 17796000,
        "operatingIncomeRatio": 0.1398287106,
        "totalOtherIncomeExpensesNet": 12465000,
        "incomeBeforeTax": 30261000,
        "incomeBeforeTaxRatio": 0.2377700951,
        "incomeTaxExpense": 12104000,
        "netIncome": 18157000,
        "netIncomeRatio": 0.1426652,
        "eps": 0.0939,
        "epsdiluted": 0.082,
        "weightedAverageShsOut": 193358000,
        "weightedAverageShsOutDil": 221559000,
        "link": "https://www.sec.gov/Archives/edgar/data/1087423/000119312507216185/0001193125-07-216185-index.html",
        "finalLink": "https://www.sec.gov/Archives/edgar/data/1087423/000119312507216185/d10q.htm"
    },
    {
        "date": "2007-05-31",
        "symbol": "RHT",
        "reportedCurrency": "USD",
        "cik": "0001087423",
        "fillingDate": "2007-07-10",
        "acceptedDate": "2007-07-10 16:48:11",
        "calendarYear": "2007",
        "period": "Q2",
        "revenue": 118873000,
        "costOfRevenue": 36528000,
        "grossProfit": 82345000,
        "grossProfitRatio": 0.692714073,
        "researchAndDevelopmentExpenses": 21787000,
        "generalAndAdministrativeExpenses": -28548000,
        "sellingAndMarketingExpenses": 46209000,
        "sellingGeneralAndAdministrativeExpenses": 17661000,
        "otherExpenses": 46209000,
        "operatingExpenses": 85657000,
        "costAndExpenses": 122185000,
        "interestIncome": 0,
        "interestExpense": 1495000,
        "depreciationAndAmortization": 7234000,
        "ebitda": 35764000,
        "ebitdaratio": 0.3008588998,
        "operatingIncome": 14952000,
        "operatingIncomeRatio": 0.125781296,
        "totalOtherIncomeExpensesNet": 12083000,
        "incomeBeforeTax": 27035000,
        "incomeBeforeTaxRatio": 0.2274275908,
        "incomeTaxExpense": 10814000,
        "netIncome": 16221000,
        "netIncomeRatio": 0.1364565545,
        "eps": 0.084,
        "epsdiluted": 0.0733,
        "weightedAverageShsOut": 193082000,
        "weightedAverageShsOutDil": 221407000,
        "link": "https://www.sec.gov/Archives/edgar/data/1087423/000119312507152700/0001193125-07-152700-index.html",
        "finalLink": "https://www.sec.gov/Archives/edgar/data/1087423/000119312507152700/d10q.htm"
    },
    {
        "date": "2007-02-28",
        "symbol": "RHT",
        "reportedCurrency": "USD",
        "cik": "0001087423",
        "fillingDate": "2007-04-30",
        "acceptedDate": "2007-04-30 15:04:14",
        "calendarYear": "2007",
        "period": "Q1",
        "revenue": 111122000,
        "costOfRevenue": 54983000,
        "grossProfit": 56139000,
        "grossProfitRatio": 0.5052014903,
        "researchAndDevelopmentExpenses": 19954000,
        "generalAndAdministrativeExpenses": -22259000,
        "sellingAndMarketingExpenses": 39679000,
        "sellingGeneralAndAdministrativeExpenses": 17420000,
        "otherExpenses": 39679000,
        "operatingExpenses": 77053000,
        "costAndExpenses": 132036000,
        "interestIncome": 0,
        "interestExpense": 1549000,
        "depreciationAndAmortization": 6162000,
        "ebitda": 34703000,
        "ebitdaratio": 0.312296395,
        "operatingIncome": 16639000,
        "operatingIncomeRatio": 0.1497363258,
        "totalOtherIncomeExpensesNet": 10353000,
        "incomeBeforeTax": 26992000,
        "incomeBeforeTaxRatio": 0.2429041954,
        "incomeTaxExpense": 6505000,
        "netIncome": 20487000,
        "netIncomeRatio": 0.1843649322,
        "eps": 0.11,
        "epsdiluted": 0.0937,
        "weightedAverageShsOut": 188379000,
        "weightedAverageShsOutDil": 218591000,
        "link": "https://www.sec.gov/Archives/edgar/data/1087423/000119312507095673/0001193125-07-095673-index.html",
        "finalLink": "https://www.sec.gov/Archives/edgar/data/1087423/000119312507095673/d10k.htm"
    },
    {
        "date": "2006-11-30",
        "symbol": "RHT",
        "reportedCurrency": "USD",
        "cik": "0001087423",
        "fillingDate": "2007-01-09",
        "acceptedDate": "2007-01-09 16:06:20",
        "calendarYear": "2006",
        "period": "Q4",
        "revenue": 75960000,
        "costOfRevenue": 14757000,
        "grossProfit": 61203000,
        "grossProfitRatio": 0.8057266983,
        "researchAndDevelopmentExpenses": 19201000,
        "generalAndAdministrativeExpenses": -19551000,
        "sellingAndMarketingExpenses": 37575000,
        "sellingGeneralAndAdministrativeExpenses": 18024000,
        "otherExpenses": 37575000,
        "operatingExpenses": 74800000,
        "costAndExpenses": 89557000,
        "interestIncome": 0,
        "interestExpense": 1493000,
        "depreciationAndAmortization": 6593000,
        "ebitda": 31292000,
        "ebitdaratio": 0.4119536598,
        "operatingIncome": 13586000,
        "operatingIncomeRatio": 0.1788572933,
        "totalOtherIncomeExpensesNet": 9620000,
        "incomeBeforeTax": 23206000,
        "incomeBeforeTaxRatio": 0.3055028963,
        "incomeTaxExpense": 8586000,
        "netIncome": 14620000,
        "netIncomeRatio": 0.1924697209,
        "eps": 0.0776,
        "epsdiluted": 0.0669,
        "weightedAverageShsOut": 188379000,
        "weightedAverageShsOutDil": 218591000,
        "link": "https://www.sec.gov/Archives/edgar/data/1087423/000119312507003751/0001193125-07-003751-index.htm",
        "finalLink": "https://www.sec.gov/Archives/edgar/data/1087423/000119312507003751/d10q.htm"
    },
    {
        "date": "2006-08-31",
        "symbol": "RHT",
        "reportedCurrency": "USD",
        "cik": "0001087423",
        "fillingDate": "2006-10-10",
        "acceptedDate": "2006-10-10 16:14:47",
        "calendarYear": "2006",
        "period": "Q3",
        "revenue": 129540000,
        "costOfRevenue": 32842000,
        "grossProfit": 96698000,
        "grossProfitRatio": 0.7464721322,
        "researchAndDevelopmentExpenses": 18068000,
        "generalAndAdministrativeExpenses": -19881000,
        "sellingAndMarketingExpenses": 37807000,
        "sellingGeneralAndAdministrativeExpenses": 17926000,
        "otherExpenses": 37807000,
        "operatingExpenses": 73801000,
        "costAndExpenses": 106643000,
        "interestIncome": 0,
        "interestExpense": 1490000,
        "depreciationAndAmortization": 6754000,
        "ebitda": 25779000,
        "ebitdaratio": 0.1990041686,
        "operatingIncome": 9452000,
        "operatingIncomeRatio": 0.0729658793,
        "totalOtherIncomeExpensesNet": 8083000,
        "incomeBeforeTax": 17535000,
        "incomeBeforeTaxRatio": 0.1353635943,
        "incomeTaxExpense": 6488000,
        "netIncome": 11047000,
        "netIncomeRatio": 0.0852786784,
        "eps": 0.0591,
        "epsdiluted": 0.0508,
        "weightedAverageShsOut": 186936000,
        "weightedAverageShsOutDil": 217348000,
        "link": "https://www.sec.gov/Archives/edgar/data/1087423/000119312506205536/0001193125-06-205536-index.htm",
        "finalLink": "https://www.sec.gov/Archives/edgar/data/1087423/000119312506205536/d10q.htm"
    },
    {
        "date": "2006-05-31",
        "symbol": "RHT",
        "reportedCurrency": "USD",
        "cik": "0001087423",
        "fillingDate": "2006-07-10",
        "acceptedDate": "2006-07-10 13:26:45",
        "calendarYear": "2006",
        "period": "Q2",
        "revenue": 84002000,
        "costOfRevenue": 26890000,
        "grossProfit": 57112000,
        "grossProfitRatio": 0.6798885741,
        "researchAndDevelopmentExpenses": 13815000,
        "generalAndAdministrativeExpenses": -16872000,
        "sellingAndMarketingExpenses": 30501000,
        "sellingGeneralAndAdministrativeExpenses": 13629000,
        "otherExpenses": 30501000,
        "operatingExpenses": 57945000,
        "costAndExpenses": 84835000,
        "interestIncome": 0,
        "interestExpense": 1484000,
        "depreciationAndAmortization": 4344000,
        "ebitda": 27658000,
        "ebitdaratio": 0.3292540654,
        "operatingIncome": 12612000,
        "operatingIncomeRatio": 0.1501392824,
        "totalOtherIncomeExpensesNet": 9218000,
        "incomeBeforeTax": 21830000,
        "incomeBeforeTaxRatio": 0.2598747649,
        "incomeTaxExpense": 8077000,
        "netIncome": 13753000,
        "netIncomeRatio": 0.1637222923,
        "eps": 0.0749,
        "epsdiluted": 0.0642,
        "weightedAverageShsOut": 183579000,
        "weightedAverageShsOutDil": 214325000,
        "link": "https://www.sec.gov/Archives/edgar/data/1087423/000119312506143864/0001193125-06-143864-index.htm",
        "finalLink": "https://www.sec.gov/Archives/edgar/data/1087423/000119312506143864/d10q.htm"
    },
    {
        "date": "2006-02-28",
        "symbol": "RHT",
        "reportedCurrency": "USD",
        "cik": "0001087423",
        "fillingDate": "2006-05-12",
        "acceptedDate": "2006-05-12 17:08:12",
        "calendarYear": "2006",
        "period": "Q1",
        "revenue": 78720000,
        "costOfRevenue": 24856000,
        "grossProfit": 53864000,
        "grossProfitRatio": 0.6842479675,
        "researchAndDevelopmentExpenses": 11037000,
        "generalAndAdministrativeExpenses": -11359000,
        "sellingAndMarketingExpenses": 23427000,
        "sellingGeneralAndAdministrativeExpenses": 12068000,
        "otherExpenses": 23427000,
        "operatingExpenses": 46532000,
        "costAndExpenses": 71388000,
        "interestIncome": 0,
        "interestExpense": 1507000,
        "depreciationAndAmortization": 3991000,
        "ebitda": 31203000,
        "ebitdaratio": 0.3963795732,
        "operatingIncome": 19760000,
        "operatingIncomeRatio": 0.2510162602,
        "totalOtherIncomeExpensesNet": 5945000,
        "incomeBeforeTax": 25705000,
        "incomeBeforeTaxRatio": 0.3265370935,
        "incomeTaxExpense": -1611000,
        "netIncome": 27316000,
        "netIncomeRatio": 0.3470020325,
        "eps": 0.15,
        "epsdiluted": 0.13,
        "weightedAverageShsOut": 177200000,
        "weightedAverageShsOutDil": 208964000,
        "link": "https://www.sec.gov/Archives/edgar/data/1087423/000119312506110945/0001193125-06-110945-index.htm",
        "finalLink": "https://www.sec.gov/Archives/edgar/data/1087423/000119312506110945/d10k.htm"
    },
    {
        "date": "2005-11-30",
        "symbol": "RHT",
        "reportedCurrency": "USD",
        "cik": "0001087423",
        "fillingDate": "2006-01-09",
        "acceptedDate": "2006-01-09 15:45:45",
        "calendarYear": "2005",
        "period": "Q4",
        "revenue": 73112000,
        "costOfRevenue": 23718000,
        "grossProfit": 49394000,
        "grossProfitRatio": 0.6755936098,
        "researchAndDevelopmentExpenses": 9548000,
        "generalAndAdministrativeExpenses": -8050000,
        "sellingAndMarketingExpenses": 20503000,
        "sellingGeneralAndAdministrativeExpenses": 12453000,
        "otherExpenses": 20503000,
        "operatingExpenses": 42504000,
        "costAndExpenses": 66222000,
        "interestIncome": 0,
        "interestExpense": 1490000,
        "depreciationAndAmortization": 4145000,
        "ebitda": 29539000,
        "ebitdaratio": 0.4040239632,
        "operatingIncome": 18749000,
        "operatingIncomeRatio": 0.2564421709,
        "totalOtherIncomeExpensesNet": 5155000,
        "incomeBeforeTax": 23904000,
        "incomeBeforeTaxRatio": 0.3269504322,
        "incomeTaxExpense": 701000,
        "netIncome": 23203000,
        "netIncomeRatio": 0.3173624029,
        "eps": 0.13,
        "epsdiluted": 0.11,
        "weightedAverageShsOut": 177200000,
        "weightedAverageShsOutDil": 208964000,
        "link": "https://www.sec.gov/Archives/edgar/data/1087423/000119312506003422/0001193125-06-003422-index.htm",
        "finalLink": "https://www.sec.gov/Archives/edgar/data/1087423/000119312506003422/d10q.htm"
    },
    {
        "date": "2005-08-31",
        "symbol": "RHT",
        "reportedCurrency": "USD",
        "cik": "0001087423",
        "fillingDate": "2005-10-11",
        "acceptedDate": "2005-10-11 15:02:05",
        "calendarYear": "2005",
        "period": "Q3",
        "revenue": 65718000,
        "costOfRevenue": 24504000,
        "grossProfit": 41214000,
        "grossProfitRatio": 0.6271341185,
        "researchAndDevelopmentExpenses": 10503000,
        "generalAndAdministrativeExpenses": -28390000,
        "sellingAndMarketingExpenses": 40782000,
        "sellingGeneralAndAdministrativeExpenses": 12392000,
        "otherExpenses": 18645000,
        "operatingExpenses": 41540000,
        "costAndExpenses": 66044000,
        "interestIncome": 0,
        "interestExpense": 1556000,
        "depreciationAndAmortization": 3751000,
        "ebitda": 23898000,
        "ebitdaratio": 0.3636446636,
        "operatingIncome": 11926000,
        "operatingIncomeRatio": 0.1814723516,
        "totalOtherIncomeExpensesNet": 6665000,
        "incomeBeforeTax": 18591000,
        "incomeBeforeTaxRatio": 0.2828905323,
        "incomeTaxExpense": 1860000,
        "netIncome": 16731000,
        "netIncomeRatio": 0.2545877842,
        "eps": 0.0945,
        "epsdiluted": 0.0805,
        "weightedAverageShsOut": 176995000,
        "weightedAverageShsOutDil": 207894000,
        "link": "https://www.sec.gov/Archives/edgar/data/1087423/000119312505199462/0001193125-05-199462-index.htm",
        "finalLink": "https://www.sec.gov/Archives/edgar/data/1087423/000119312505199462/d10q.htm"
    },
    {
        "date": "2005-05-31",
        "symbol": "RHT",
        "reportedCurrency": "USD",
        "cik": "0001087423",
        "fillingDate": "2005-07-11",
        "acceptedDate": "2005-07-11 13:27:12",
        "calendarYear": "2005",
        "period": "Q2",
        "revenue": 60780000,
        "costOfRevenue": 23936000,
        "grossProfit": 36844000,
        "grossProfitRatio": 0.6061862455,
        "researchAndDevelopmentExpenses": 9795000,
        "generalAndAdministrativeExpenses": 9211000,
        "sellingAndMarketingExpenses": 11000,
        "sellingGeneralAndAdministrativeExpenses": 9222000,
        "otherExpenses": 22148000,
        "operatingExpenses": 41165000,
        "costAndExpenses": 65101000,
        "interestIncome": 0,
        "interestExpense": 1566000,
        "depreciationAndAmortization": 3547000,
        "ebitda": 18929000,
        "ebitdaratio": 0.3114346825,
        "operatingIncome": 7647000,
        "operatingIncomeRatio": 0.1258144126,
        "totalOtherIncomeExpensesNet": 6169000,
        "incomeBeforeTax": 13816000,
        "incomeBeforeTaxRatio": 0.2273116157,
        "incomeTaxExpense": 1381000,
        "netIncome": 12435000,
        "netIncomeRatio": 0.2045903258,
        "eps": 0.0703,
        "epsdiluted": 0.0601,
        "weightedAverageShsOut": 176781000,
        "weightedAverageShsOutDil": 206907000,
        "link": "https://www.sec.gov/Archives/edgar/data/1087423/000119312505140132/0001193125-05-140132-index.htm",
        "finalLink": "https://www.sec.gov/Archives/edgar/data/1087423/000119312505140132/d10q.htm"
    },
    {
        "date": "2005-02-28",
        "symbol": "RHT",
        "reportedCurrency": "USD",
        "cik": "0001087423",
        "fillingDate": "2005-05-16",
        "acceptedDate": "2005-05-16 16:27:03",
        "calendarYear": "2005",
        "period": "Q1",
        "revenue": 57453000,
        "costOfRevenue": 21186000,
        "grossProfit": 36267000,
        "grossProfitRatio": 0.6312464101,
        "researchAndDevelopmentExpenses": 8779000,
        "generalAndAdministrativeExpenses": -8102000,
        "sellingAndMarketingExpenses": 18222000,
        "sellingGeneralAndAdministrativeExpenses": 10120000,
        "otherExpenses": 20494000,
        "operatingExpenses": 39393000,
        "costAndExpenses": 60579000,
        "interestIncome": 0,
        "interestExpense": 1634000,
        "depreciationAndAmortization": 3639000,
        "ebitda": 16822000,
        "ebitdaratio": 0.2927958505,
        "operatingIncome": 7467000,
        "operatingIncomeRatio": 0.1299671035,
        "totalOtherIncomeExpensesNet": 4082000,
        "incomeBeforeTax": 11549000,
        "incomeBeforeTaxRatio": 0.201016483,
        "incomeTaxExpense": -291000,
        "netIncome": 11840000,
        "netIncomeRatio": 0.2060814927,
        "eps": 0.0652,
        "epsdiluted": 0.0548,
        "weightedAverageShsOut": 181636000,
        "weightedAverageShsOutDil": 215882000,
        "link": "https://www.sec.gov/Archives/edgar/data/1087423/000119312505108884/0001193125-05-108884-index.htm",
        "finalLink": "https://www.sec.gov/Archives/edgar/data/1087423/000119312505108884/d10k.htm"
    },
    {
        "date": "2004-11-30",
        "symbol": "RHT",
        "reportedCurrency": "USD",
        "cik": "0001087423",
        "fillingDate": "2005-01-10",
        "acceptedDate": "2005-01-10 14:58:30",
        "calendarYear": "2004",
        "period": "Q4",
        "revenue": 50925000,
        "costOfRevenue": 20178000,
        "grossProfit": 30747000,
        "grossProfitRatio": 0.6037702504,
        "researchAndDevelopmentExpenses": 7883000,
        "generalAndAdministrativeExpenses": -7292000,
        "sellingAndMarketingExpenses": 15652000,
        "sellingGeneralAndAdministrativeExpenses": 8360000,
        "otherExpenses": 17002000,
        "operatingExpenses": 33245000,
        "costAndExpenses": 53423000,
        "interestIncome": 0,
        "interestExpense": 4802000,
        "depreciationAndAmortization": 2557000,
        "ebitda": 18650000,
        "ebitdaratio": 0.3662248405,
        "operatingIncome": 7591000,
        "operatingIncomeRatio": 0.1490623466,
        "totalOtherIncomeExpensesNet": 3700000,
        "incomeBeforeTax": 11291000,
        "incomeBeforeTaxRatio": 0.2217182131,
        "incomeTaxExpense": 447000,
        "netIncome": 10844000,
        "netIncomeRatio": 0.2129405989,
        "eps": 0.0593,
        "epsdiluted": 0.0558,
        "weightedAverageShsOut": 182750000,
        "weightedAverageShsOutDil": 194283000,
        "link": "https://www.sec.gov/Archives/edgar/data/1087423/000119312505003795/0001193125-05-003795-index.html",
        "finalLink": "https://www.sec.gov/Archives/edgar/data/1087423/000119312505003795/d10q.htm"
    },
    {
        "date": "2004-08-31",
        "symbol": "RHT",
        "reportedCurrency": "USD",
        "cik": "0001087423",
        "fillingDate": "2004-10-12",
        "acceptedDate": "2004-10-12 16:53:19",
        "calendarYear": "2004",
        "period": "Q3",
        "revenue": 46324000,
        "costOfRevenue": 17692000,
        "grossProfit": 28632000,
        "grossProfitRatio": 0.6180813401,
        "researchAndDevelopmentExpenses": 8387000,
        "generalAndAdministrativeExpenses": -8834000,
        "sellingAndMarketingExpenses": 14856000,
        "sellingGeneralAndAdministrativeExpenses": 6022000,
        "otherExpenses": 16325000,
        "operatingExpenses": 30734000,
        "costAndExpenses": 48426000,
        "interestIncome": 0,
        "interestExpense": 0,
        "depreciationAndAmortization": 2409000,
        "ebitda": 13593000,
        "ebitdaratio": 0.2934332096,
        "operatingIncome": 6744000,
        "operatingIncomeRatio": 0.145583283,
        "totalOtherIncomeExpensesNet": 4440000,
        "incomeBeforeTax": 11184000,
        "incomeBeforeTaxRatio": 0.2414299283,
        "incomeTaxExpense": -641000,
        "netIncome": 11825000,
        "netIncomeRatio": 0.2552672481,
        "eps": 0.0646,
        "epsdiluted": 0.0605,
        "weightedAverageShsOut": 182952000,
        "weightedAverageShsOutDil": 195429000,
        "link": "https://www.sec.gov/Archives/edgar/data/1087423/000119312504170216/0001193125-04-170216-index.html",
        "finalLink": "https://www.sec.gov/Archives/edgar/data/1087423/000119312504170216/d10q.htm"
    },
    {
        "date": "2004-05-31",
        "symbol": "RHT",
        "reportedCurrency": "USD",
        "cik": "0001087423",
        "fillingDate": "2004-07-19",
        "acceptedDate": "2004-07-19 14:27:58",
        "calendarYear": "2004",
        "period": "Q2",
        "revenue": 41764000,
        "costOfRevenue": 16690000,
        "grossProfit": 25074000,
        "grossProfitRatio": 0.6003735274,
        "researchAndDevelopmentExpenses": 7083000,
        "generalAndAdministrativeExpenses": -6490000,
        "sellingAndMarketingExpenses": 13114000,
        "sellingGeneralAndAdministrativeExpenses": 6624000,
        "otherExpenses": 14568000,
        "operatingExpenses": 28275000,
        "costAndExpenses": 44965000,
        "interestIncome": 0,
        "interestExpense": 0,
        "depreciationAndAmortization": 2306000,
        "ebitda": 13223000,
        "ebitdaratio": 0.3166123934,
        "operatingIncome": 5144000,
        "operatingIncomeRatio": 0.1231682789,
        "totalOtherIncomeExpensesNet": 5773000,
        "incomeBeforeTax": 10917000,
        "incomeBeforeTaxRatio": 0.2613973757,
        "incomeTaxExpense": 0,
        "netIncome": 10917000,
        "netIncomeRatio": 0.2613973757,
        "eps": 0.0598,
        "epsdiluted": 0.0558,
        "weightedAverageShsOut": 182482000,
        "weightedAverageShsOutDil": 195633000,
        "link": "https://www.sec.gov/Archives/edgar/data/1087423/000119312504120184/0001193125-04-120184-index.html",
        "finalLink": "https://www.sec.gov/Archives/edgar/data/1087423/000119312504120184/d10q.htm"
    },
    {
        "date": "2004-02-29",
        "symbol": "RHT",
        "reportedCurrency": "USD",
        "cik": "0001087423",
        "fillingDate": "2004-05-14",
        "acceptedDate": "2004-05-14 14:06:33",
        "calendarYear": "2004",
        "period": "Q1",
        "revenue": 36965000,
        "costOfRevenue": 18048000,
        "grossProfit": 18917000,
        "grossProfitRatio": 0.5117543622,
        "researchAndDevelopmentExpenses": 6677000,
        "generalAndAdministrativeExpenses": -6263000,
        "sellingAndMarketingExpenses": 11477000,
        "sellingGeneralAndAdministrativeExpenses": 5214000,
        "otherExpenses": 13516000,
        "operatingExpenses": 25407000,
        "costAndExpenses": 43455000,
        "interestIncome": 0,
        "interestExpense": 0,
        "depreciationAndAmortization": 2298000,
        "ebitda": 7295000,
        "ebitdaratio": 0.1973488435,
        "operatingIncome": -5789000,
        "operatingIncomeRatio": -0.1566076018,
        "totalOtherIncomeExpensesNet": 10786000,
        "incomeBeforeTax": 4997000,
        "incomeBeforeTaxRatio": 0.1351819289,
        "incomeTaxExpense": 0,
        "netIncome": 4997000,
        "netIncomeRatio": 0.1351819289,
        "eps": 0.0287,
        "epsdiluted": 0.0273,
        "weightedAverageShsOut": 174003000,
        "weightedAverageShsOutDil": 182913000,
        "link": "https://www.sec.gov/Archives/edgar/data/1087423/000119312504088585/0001193125-04-088585-index.html",
        "finalLink": "https://www.sec.gov/Archives/edgar/data/1087423/000119312504088585/d10k.htm"
    },
    {
        "date": "2003-11-30",
        "symbol": "RHT",
        "reportedCurrency": "USD",
        "cik": "0001087423",
        "fillingDate": "2004-01-06",
        "acceptedDate": "2004-01-05 21:37:40",
        "calendarYear": "2003",
        "period": "Q4",
        "revenue": 33088000,
        "costOfRevenue": 18224000,
        "grossProfit": 14864000,
        "grossProfitRatio": 0.4492263056,
        "researchAndDevelopmentExpenses": 7002000,
        "generalAndAdministrativeExpenses": -5191000,
        "sellingAndMarketingExpenses": 10064000,
        "sellingGeneralAndAdministrativeExpenses": 4873000,
        "otherExpenses": 10601000,
        "operatingExpenses": 22476000,
        "costAndExpenses": 40700000,
        "interestIncome": 0,
        "interestExpense": 0,
        "depreciationAndAmortization": 1653000,
        "ebitda": 5798000,
        "ebitdaratio": 0.1752296905,
        "operatingIncome": 4145000,
        "operatingIncomeRatio": 0.1252720019,
        "totalOtherIncomeExpensesNet": 0,
        "incomeBeforeTax": 4145000,
        "incomeBeforeTaxRatio": 0.1252720019,
        "incomeTaxExpense": 0,
        "netIncome": 4145000,
        "netIncomeRatio": 0.1252720019,
        "eps": 0.024,
        "epsdiluted": 0.0223,
        "weightedAverageShsOut": 172417000,
        "weightedAverageShsOutDil": 185641000,
        "link": "https://www.sec.gov/Archives/edgar/data/1087423/000119312504000751/0001193125-04-000751-index.html",
        "finalLink": "https://www.sec.gov/Archives/edgar/data/1087423/000119312504000751/d10q.htm"
    },
    {
        "date": "2003-08-31",
        "symbol": "RHT",
        "reportedCurrency": "USD",
        "cik": "0001087423",
        "fillingDate": "2003-10-15",
        "acceptedDate": "2003-10-15 12:22:37",
        "calendarYear": "2003",
        "period": "Q3",
        "revenue": 28849000,
        "costOfRevenue": 15962000,
        "grossProfit": 12887000,
        "grossProfitRatio": 0.4467052584,
        "researchAndDevelopmentExpenses": 6104000,
        "generalAndAdministrativeExpenses": -5227000,
        "sellingAndMarketingExpenses": 9570000,
        "sellingGeneralAndAdministrativeExpenses": 4343000,
        "otherExpenses": 10168000,
        "operatingExpenses": 20615000,
        "costAndExpenses": 36577000,
        "interestIncome": 0,
        "interestExpense": 0,
        "depreciationAndAmortization": 1546000,
        "ebitda": 4896000,
        "ebitdaratio": 0.1697112552,
        "operatingIncome": 5931000,
        "operatingIncomeRatio": 0.2055877153,
        "totalOtherIncomeExpensesNet": -2581000,
        "incomeBeforeTax": 3350000,
        "incomeBeforeTaxRatio": 0.116121876,
        "incomeTaxExpense": 0,
        "netIncome": 3350000,
        "netIncomeRatio": 0.116121876,
        "eps": 0.0195,
        "epsdiluted": 0.0185,
        "weightedAverageShsOut": 171636000,
        "weightedAverageShsOutDil": 181185000,
        "link": "https://www.sec.gov/Archives/edgar/data/1087423/000119312503062067/0001193125-03-062067-index.html",
        "finalLink": "https://www.sec.gov/Archives/edgar/data/1087423/000119312503062067/d10q.htm"
    },
    {
        "date": "2003-05-31",
        "symbol": "RHT",
        "reportedCurrency": "USD",
        "cik": "0001087423",
        "fillingDate": "2003-06-27",
        "acceptedDate": "2003-06-27 17:14:42",
        "calendarYear": "2003",
        "period": "Q2",
        "revenue": 27182000,
        "costOfRevenue": 17504000,
        "grossProfit": 9678000,
        "grossProfitRatio": 0.3560444412,
        "researchAndDevelopmentExpenses": 5779000,
        "generalAndAdministrativeExpenses": -4680000,
        "sellingAndMarketingExpenses": 8752000,
        "sellingGeneralAndAdministrativeExpenses": 4072000,
        "otherExpenses": 9654000,
        "operatingExpenses": 19505000,
        "costAndExpenses": 37009000,
        "interestIncome": 0,
        "interestExpense": 0,
        "depreciationAndAmortization": 1374000,
        "ebitda": 2880000,
        "ebitdaratio": 0.1059524685,
        "operatingIncome": -1075000,
        "operatingIncomeRatio": -0.0395482304,
        "totalOtherIncomeExpensesNet": 2581000,
        "incomeBeforeTax": 1506000,
        "incomeBeforeTaxRatio": 0.0554043117,
        "incomeTaxExpense": 0,
        "netIncome": 1506000,
        "netIncomeRatio": 0.0554043117,
        "eps": 0.0088,
        "epsdiluted": 0.0083,
        "weightedAverageShsOut": 171146000,
        "weightedAverageShsOutDil": 180671000,
        "link": "https://www.sec.gov/Archives/edgar/data/1087423/000093176303001994/0000931763-03-001994-index.html",
        "finalLink": "https://www.sec.gov/Archives/edgar/data/1087423/000093176303001994/d10q.htm"
    },
    {
        "date": "2003-02-28",
        "symbol": "RHT",
        "reportedCurrency": "USD",
        "cik": "0001087423",
        "fillingDate": "2003-05-29",
        "acceptedDate": "2003-05-29 12:31:39",
        "calendarYear": "2003",
        "period": "Q1",
        "revenue": 25892000,
        "costOfRevenue": 16772000,
        "grossProfit": 9120000,
        "grossProfitRatio": 0.3522323498,
        "researchAndDevelopmentExpenses": 6248000,
        "generalAndAdministrativeExpenses": -4246000,
        "sellingAndMarketingExpenses": 8435000,
        "sellingGeneralAndAdministrativeExpenses": 4189000,
        "otherExpenses": 9428000,
        "operatingExpenses": 19865000,
        "costAndExpenses": 36637000,
        "interestIncome": 0,
        "interestExpense": 0,
        "depreciationAndAmortization": 1544000,
        "ebitda": 1270000,
        "ebitdaratio": 0.0490498996,
        "operatingIncome": -2359000,
        "operatingIncomeRatio": -0.0911092229,
        "totalOtherIncomeExpensesNet": 2085000,
        "incomeBeforeTax": -274000,
        "incomeBeforeTaxRatio": -0.0105824193,
        "incomeTaxExpense": 0,
        "netIncome": -274000,
        "netIncomeRatio": -0.0105824193,
        "eps": -0.0016,
        "epsdiluted": -0.0016,
        "weightedAverageShsOut": 170158000,
        "weightedAverageShsOutDil": 170158000,
        "link": "https://www.sec.gov/Archives/edgar/data/1087423/000095016803001991/0000950168-03-001991-index.html",
        "finalLink": "https://www.sec.gov/Archives/edgar/data/1087423/000095016803001991/d10k.htm"
    },
    {
        "date": "2002-11-30",
        "symbol": "RHT",
        "reportedCurrency": "USD",
        "cik": "0001087423",
        "fillingDate": "2003-01-10",
        "acceptedDate": "2003-01-10 14:28:43",
        "calendarYear": "2002",
        "period": "Q4",
        "revenue": 24278000,
        "costOfRevenue": 16376000,
        "grossProfit": 7902000,
        "grossProfitRatio": 0.3254798583,
        "researchAndDevelopmentExpenses": 5422000,
        "generalAndAdministrativeExpenses": -4152000,
        "sellingAndMarketingExpenses": 8147000,
        "sellingGeneralAndAdministrativeExpenses": 3995000,
        "otherExpenses": 9567000,
        "operatingExpenses": 18984000,
        "costAndExpenses": 35360000,
        "interestIncome": 0,
        "interestExpense": 0,
        "depreciationAndAmortization": 1547000,
        "ebitda": 1761000,
        "ebitdaratio": 0.0725348052,
        "operatingIncome": -2894000,
        "operatingIncomeRatio": -0.1192025702,
        "totalOtherIncomeExpensesNet": 3108000,
        "incomeBeforeTax": 214000,
        "incomeBeforeTaxRatio": 0.0088145646,
        "incomeTaxExpense": 0,
        "netIncome": 214000,
        "netIncomeRatio": 0.0088145646,
        "eps": 0.0013,
        "epsdiluted": 0.0013,
        "weightedAverageShsOut": 169995000,
        "weightedAverageShsOutDil": 169995000,
        "link": "https://www.sec.gov/Archives/edgar/data/1087423/000102140803000222/0001021408-03-000222-index.html",
        "finalLink": "https://www.sec.gov/Archives/edgar/data/1087423/000102140803000222/d10q.htm"
    },
    {
        "date": "2002-08-31",
        "symbol": "RHT",
        "reportedCurrency": "USD",
        "cik": "0001087423",
        "fillingDate": "2002-10-15",
        "acceptedDate": "2002-10-15 14:44:34",
        "calendarYear": "2002",
        "period": "Q3",
        "revenue": 21234000,
        "costOfRevenue": 15238000,
        "grossProfit": 5996000,
        "grossProfitRatio": 0.2823773194,
        "researchAndDevelopmentExpenses": 4817000,
        "generalAndAdministrativeExpenses": -4901000,
        "sellingAndMarketingExpenses": 8581000,
        "sellingGeneralAndAdministrativeExpenses": 3680000,
        "otherExpenses": 9816000,
        "operatingExpenses": 18313000,
        "costAndExpenses": 33551000,
        "interestIncome": 0,
        "interestExpense": 0,
        "depreciationAndAmortization": 1632000,
        "ebitda": -319000,
        "ebitdaratio": -0.0150230762,
        "operatingIncome": -4698000,
        "operatingIncomeRatio": -0.2212489404,
        "totalOtherIncomeExpensesNet": 2747000,
        "incomeBeforeTax": -1951000,
        "incomeBeforeTaxRatio": -0.0918809457,
        "incomeTaxExpense": 0,
        "netIncome": -1951000,
        "netIncomeRatio": -0.0918809457,
        "eps": -0.0115,
        "epsdiluted": -0.0115,
        "weightedAverageShsOut": 169902000,
        "weightedAverageShsOutDil": 169902000,
        "link": "https://www.sec.gov/Archives/edgar/data/1087423/000095016802002954/0000950168-02-002954-index.html",
        "finalLink": "https://www.sec.gov/Archives/edgar/data/1087423/000095016802002954/d10q.htm"
    },
    {
        "date": "2002-05-31",
        "symbol": "RHT",
        "reportedCurrency": "USD",
        "cik": "0001087423",
        "fillingDate": "2002-07-12",
        "acceptedDate": "2002-07-12 16:44:24",
        "calendarYear": "2002",
        "period": "Q2",
        "revenue": 19522000,
        "costOfRevenue": 14538000,
        "grossProfit": 4984000,
        "grossProfitRatio": 0.2553017109,
        "researchAndDevelopmentExpenses": 4787000,
        "generalAndAdministrativeExpenses": -4431000,
        "sellingAndMarketingExpenses": 7806000,
        "sellingGeneralAndAdministrativeExpenses": 3375000,
        "otherExpenses": 11304000,
        "operatingExpenses": 19466000,
        "costAndExpenses": 34004000,
        "interestIncome": 0,
        "interestExpense": 0,
        "depreciationAndAmortization": 1796000,
        "ebitda": -2792000,
        "ebitdaratio": -0.1430181334,
        "operatingIncome": -7213000,
        "operatingIncomeRatio": -0.369480586,
        "totalOtherIncomeExpensesNet": 2625000,
        "incomeBeforeTax": -4588000,
        "incomeBeforeTaxRatio": -0.235016904,
        "incomeTaxExpense": 0,
        "netIncome": -4588000,
        "netIncomeRatio": -0.235016904,
        "eps": -0.027,
        "epsdiluted": -0.027,
        "weightedAverageShsOut": 169826000,
        "weightedAverageShsOutDil": 169826000,
        "link": "https://www.sec.gov/Archives/edgar/data/1087423/000095016802001883/0000950168-02-001883-index.html",
        "finalLink": "https://www.sec.gov/Archives/edgar/data/1087423/000095016802001883/d10q.htm"
    },
    {
        "date": "2002-02-28",
        "symbol": "RHT",
        "reportedCurrency": "USD",
        "cik": "0001087423",
        "fillingDate": "2002-05-29",
        "acceptedDate": "2002-05-29 15:33:07",
        "calendarYear": "2002",
        "period": "Q1",
        "revenue": 10706000,
        "costOfRevenue": 1752000,
        "grossProfit": 8954000,
        "grossProfitRatio": 0.8363534467,
        "researchAndDevelopmentExpenses": 4202000,
        "generalAndAdministrativeExpenses": -2364000,
        "sellingAndMarketingExpenses": 5410000,
        "sellingGeneralAndAdministrativeExpenses": 3046000,
        "otherExpenses": 27687000,
        "operatingExpenses": 34935000,
        "costAndExpenses": 36687000,
        "interestIncome": 0,
        "interestExpense": 0,
        "depreciationAndAmortization": 11549000,
        "ebitda": -30702000,
        "ebitdaratio": -2.8677377172,
        "operatingIncome": -25105000,
        "operatingIncomeRatio": -2.3449467588,
        "totalOtherIncomeExpensesNet": -17146000,
        "incomeBeforeTax": -42251000,
        "incomeBeforeTaxRatio": -3.9464786101,
        "incomeTaxExpense": 0,
        "netIncome": -42251000,
        "netIncomeRatio": -3.9464786101,
        "eps": -0.25,
        "epsdiluted": -0.25,
        "weightedAverageShsOut": 169451000,
        "weightedAverageShsOutDil": 169451000,
        "link": "https://www.sec.gov/Archives/edgar/data/1087423/000095016802001569/0000950168-02-001569-index.html",
        "finalLink": "https://www.sec.gov/Archives/edgar/data/1087423/000095016802001569/d10k.htm"
    }
]