[
    {
        "date": "2025-09-30",
        "symbol": "RIG",
        "reportedCurrency": "USD",
        "cik": "0001451505",
        "fillingDate": "2025-10-30",
        "acceptedDate": "2025-10-30 16:56:38",
        "calendarYear": "2025",
        "period": "Q3",
        "revenue": -1894000000,
        "costOfRevenue": 584000000,
        "grossProfit": -584000000,
        "grossProfitRatio": 0.3083421331,
        "researchAndDevelopmentExpenses": 0,
        "generalAndAdministrativeExpenses": 46000000,
        "sellingAndMarketingExpenses": 0,
        "sellingGeneralAndAdministrativeExpenses": 46000000,
        "otherExpenses": 0,
        "operatingExpenses": 46000000,
        "costAndExpenses": 630000000,
        "interestIncome": 12000000,
        "interestExpense": 610000000,
        "depreciationAndAmortization": 161000000,
        "ebitda": -1890000000,
        "ebitdaratio": 0.9978880676,
        "operatingIncome": -630000000,
        "operatingIncomeRatio": 0.3326293559,
        "totalOtherIncomeExpensesNet": -1267000000,
        "incomeBeforeTax": -1897000000,
        "incomeBeforeTaxRatio": 1.0015839493,
        "incomeTaxExpense": 26000000,
        "netIncome": -1923000000,
        "netIncomeRatio": 1.01531151,
        "eps": -2.08,
        "epsdiluted": -2.06,
        "weightedAverageShsOut": 911000000,
        "weightedAverageShsOutDil": 911000000,
        "link": "https://www.sec.gov/Archives/edgar/data/1451505/000145150525000123/0001451505-25-000123-index.htm",
        "finalLink": "https://www.sec.gov/Archives/edgar/data/1451505/000145150525000123/rig-20250930x10q.htm"
    },
    {
        "date": "2025-06-30",
        "symbol": "RIG",
        "reportedCurrency": "USD",
        "cik": "0001451505",
        "fillingDate": "2025-08-05",
        "acceptedDate": "2025-08-05 16:20:56",
        "calendarYear": "2025",
        "period": "Q2",
        "revenue": 988000000,
        "costOfRevenue": 599000000,
        "grossProfit": 389000000,
        "grossProfitRatio": 0.3937246964,
        "researchAndDevelopmentExpenses": 0,
        "generalAndAdministrativeExpenses": 49000000,
        "sellingAndMarketingExpenses": 0,
        "sellingGeneralAndAdministrativeExpenses": 49000000,
        "otherExpenses": 1304000000,
        "operatingExpenses": 1353000000,
        "costAndExpenses": 1952000000,
        "interestIncome": 10000000,
        "interestExpense": 112000000,
        "depreciationAndAmortization": 175000000,
        "ebitda": 340000000,
        "ebitdaratio": 0.3441295547,
        "operatingIncome": -964000000,
        "operatingIncomeRatio": -0.975708502,
        "totalOtherIncomeExpensesNet": -129000000,
        "incomeBeforeTax": -1093000000,
        "incomeBeforeTaxRatio": -1.1062753036,
        "incomeTaxExpense": -155000000,
        "netIncome": -938000000,
        "netIncomeRatio": -0.9493927126,
        "eps": -1.06,
        "epsdiluted": -1.06,
        "weightedAverageShsOut": 888000000,
        "weightedAverageShsOutDil": 888000000,
        "link": "https://www.sec.gov/Archives/edgar/data/1451505/000145150525000079/0001451505-25-000079-index.htm",
        "finalLink": "https://www.sec.gov/Archives/edgar/data/1451505/000145150525000079/rig-20250630x10q.htm"
    },
    {
        "date": "2025-03-31",
        "symbol": "RIG",
        "reportedCurrency": "USD",
        "cik": "0001451505",
        "fillingDate": "2025-04-29",
        "acceptedDate": "2025-04-29 16:23:10",
        "calendarYear": "2025",
        "period": "Q1",
        "revenue": 906000000,
        "costOfRevenue": 618000000,
        "grossProfit": 288000000,
        "grossProfitRatio": 0.3178807947,
        "researchAndDevelopmentExpenses": 0,
        "generalAndAdministrativeExpenses": 50000000,
        "sellingAndMarketingExpenses": 0,
        "sellingGeneralAndAdministrativeExpenses": 50000000,
        "otherExpenses": 174000000,
        "operatingExpenses": 224000000,
        "costAndExpenses": 842000000,
        "interestIncome": 8000000,
        "interestExpense": 116000000,
        "depreciationAndAmortization": 176000000,
        "ebitda": 238000000,
        "ebitdaratio": 0.2626931567,
        "operatingIncome": 64000000,
        "operatingIncomeRatio": 0.0706401766,
        "totalOtherIncomeExpensesNet": -104000000,
        "incomeBeforeTax": -40000000,
        "incomeBeforeTaxRatio": -0.0441501104,
        "incomeTaxExpense": 39000000,
        "netIncome": -79000000,
        "netIncomeRatio": -0.087196468,
        "eps": -0.0895,
        "epsdiluted": -0.11,
        "weightedAverageShsOut": 883000000,
        "weightedAverageShsOutDil": 958000000,
        "link": "https://www.sec.gov/Archives/edgar/data/1451505/000145150525000049/0001451505-25-000049-index.htm",
        "finalLink": "https://www.sec.gov/Archives/edgar/data/1451505/000145150525000049/rig-20250331x10q.htm"
    },
    {
        "date": "2024-12-31",
        "symbol": "RIG",
        "reportedCurrency": "USD",
        "cik": "0001451505",
        "fillingDate": "2025-02-18",
        "acceptedDate": "2025-02-18 17:11:33",
        "calendarYear": "2024",
        "period": "Q4",
        "revenue": 952000000,
        "costOfRevenue": 554000000,
        "grossProfit": 398000000,
        "grossProfitRatio": 0.4180672269,
        "researchAndDevelopmentExpenses": 0,
        "generalAndAdministrativeExpenses": 56000000,
        "sellingAndMarketingExpenses": 2000000,
        "sellingGeneralAndAdministrativeExpenses": 58000000,
        "otherExpenses": 210000000,
        "operatingExpenses": 268000000,
        "costAndExpenses": 822000000,
        "interestIncome": 10000000,
        "interestExpense": 91000000,
        "depreciationAndAmortization": 180000000,
        "ebitda": 340000000,
        "ebitdaratio": 0.3571428571,
        "operatingIncome": 130000000,
        "operatingIncomeRatio": 0.1365546218,
        "totalOtherIncomeExpensesNet": -68000000,
        "incomeBeforeTax": 62000000,
        "incomeBeforeTaxRatio": 0.0651260504,
        "incomeTaxExpense": 55000000,
        "netIncome": 7000000,
        "netIncomeRatio": 0.0073529412,
        "eps": 0.008,
        "epsdiluted": -0.11,
        "weightedAverageShsOut": 864500000,
        "weightedAverageShsOutDil": 939500000,
        "link": "https://www.sec.gov/Archives/edgar/data/1451505/000145150525000018/0001451505-25-000018-index.htm",
        "finalLink": "https://www.sec.gov/Archives/edgar/data/1451505/000145150525000018/rig-20241231x10k.htm"
    },
    {
        "date": "2024-09-30",
        "symbol": "RIG",
        "reportedCurrency": "USD",
        "cik": "0001451505",
        "fillingDate": "2024-10-31",
        "acceptedDate": "2024-10-31 16:21:16",
        "calendarYear": "2024",
        "period": "Q3",
        "revenue": 948000000,
        "costOfRevenue": 563000000,
        "grossProfit": 385000000,
        "grossProfitRatio": 0.4061181435,
        "researchAndDevelopmentExpenses": 0,
        "generalAndAdministrativeExpenses": 47000000,
        "sellingAndMarketingExpenses": 0,
        "sellingGeneralAndAdministrativeExpenses": 47000000,
        "otherExpenses": 823000000,
        "operatingExpenses": 870000000,
        "costAndExpenses": 1433000000,
        "interestIncome": 11000000,
        "interestExpense": 80000000,
        "depreciationAndAmortization": 190000000,
        "ebitda": 338000000,
        "ebitdaratio": 0.3565400844,
        "operatingIncome": -485000000,
        "operatingIncomeRatio": -0.5116033755,
        "totalOtherIncomeExpensesNet": -40000000,
        "incomeBeforeTax": -525000000,
        "incomeBeforeTaxRatio": -0.5537974684,
        "incomeTaxExpense": -31000000,
        "netIncome": -494000000,
        "netIncomeRatio": -0.5210970464,
        "eps": -0.56,
        "epsdiluted": -0.58,
        "weightedAverageShsOut": 879000000,
        "weightedAverageShsOutDil": 954000000,
        "link": "https://www.sec.gov/Archives/edgar/data/1451505/000145150524000142/0001451505-24-000142-index.htm",
        "finalLink": "https://www.sec.gov/Archives/edgar/data/1451505/000145150524000142/rig-20240930x10q.htm"
    },
    {
        "date": "2024-06-30",
        "symbol": "RIG",
        "reportedCurrency": "USD",
        "cik": "0001451505",
        "fillingDate": "2024-08-01",
        "acceptedDate": "2024-08-01 16:21:50",
        "calendarYear": "2024",
        "period": "Q2",
        "revenue": 861000000,
        "costOfRevenue": 534000000,
        "grossProfit": 327000000,
        "grossProfitRatio": 0.3797909408,
        "researchAndDevelopmentExpenses": 0,
        "generalAndAdministrativeExpenses": 59000000,
        "sellingAndMarketingExpenses": 0,
        "sellingGeneralAndAdministrativeExpenses": 59000000,
        "otherExpenses": 327000000,
        "operatingExpenses": 386000000,
        "costAndExpenses": 920000000,
        "interestIncome": 14000000,
        "interestExpense": 74000000,
        "depreciationAndAmortization": 184000000,
        "ebitda": 268000000,
        "ebitdaratio": 0.3112659698,
        "operatingIncome": -59000000,
        "operatingIncomeRatio": -0.068524971,
        "totalOtherIncomeExpensesNet": 92000000,
        "incomeBeforeTax": 33000000,
        "incomeBeforeTaxRatio": 0.0383275261,
        "incomeTaxExpense": 156000000,
        "netIncome": -123000000,
        "netIncomeRatio": -0.1428571429,
        "eps": -0.15,
        "epsdiluted": -0.15,
        "weightedAverageShsOut": 824000000,
        "weightedAverageShsOutDil": 824000000,
        "link": "https://www.sec.gov/Archives/edgar/data/1451505/000145150524000114/0001451505-24-000114-index.htm",
        "finalLink": "https://www.sec.gov/Archives/edgar/data/1451505/000145150524000114/rig-20240630x10q.htm"
    },
    {
        "date": "2024-03-31",
        "symbol": "RIG",
        "reportedCurrency": "USD",
        "cik": "0001451505",
        "fillingDate": "2024-04-30",
        "acceptedDate": "2024-04-30 16:41:31",
        "calendarYear": "2024",
        "period": "Q1",
        "revenue": 763000000,
        "costOfRevenue": 523000000,
        "grossProfit": 240000000,
        "grossProfitRatio": 0.3145478375,
        "researchAndDevelopmentExpenses": 0,
        "generalAndAdministrativeExpenses": 52000000,
        "sellingAndMarketingExpenses": 0,
        "sellingGeneralAndAdministrativeExpenses": 52000000,
        "otherExpenses": 191000000,
        "operatingExpenses": 243000000,
        "costAndExpenses": 766000000,
        "interestIncome": 15000000,
        "interestExpense": 117000000,
        "depreciationAndAmortization": 189000000,
        "ebitda": 192000000,
        "ebitdaratio": 0.25163827,
        "operatingIncome": -3000000,
        "operatingIncomeRatio": -0.003931848,
        "totalOtherIncomeExpensesNet": -90000000,
        "incomeBeforeTax": -93000000,
        "incomeBeforeTaxRatio": -0.121887287,
        "incomeTaxExpense": -191000000,
        "netIncome": 98000000,
        "netIncomeRatio": 0.128440367,
        "eps": 0.12,
        "epsdiluted": 0.11,
        "weightedAverageShsOut": 819000000,
        "weightedAverageShsOutDil": 955000000,
        "link": "https://www.sec.gov/Archives/edgar/data/1451505/000145150524000056/0001451505-24-000056-index.htm",
        "finalLink": "https://www.sec.gov/Archives/edgar/data/1451505/000145150524000056/rig-20240331x10q.htm"
    },
    {
        "date": "2023-12-31",
        "symbol": "RIG",
        "reportedCurrency": "USD",
        "cik": "0001451505",
        "fillingDate": "2024-02-21",
        "acceptedDate": "2024-02-20 18:16:39",
        "calendarYear": "2023",
        "period": "Q4",
        "revenue": 741000000,
        "costOfRevenue": 543000000,
        "grossProfit": 198000000,
        "grossProfitRatio": 0.2672064777,
        "researchAndDevelopmentExpenses": 0,
        "generalAndAdministrativeExpenses": 50000000,
        "sellingAndMarketingExpenses": 5000000,
        "sellingGeneralAndAdministrativeExpenses": 55000000,
        "otherExpenses": 214000000,
        "operatingExpenses": 269000000,
        "costAndExpenses": 812000000,
        "interestIncome": 10000000,
        "interestExpense": -3000000,
        "depreciationAndAmortization": 191000000,
        "ebitda": 150000000,
        "ebitdaratio": 0.2024291498,
        "operatingIncome": -71000000,
        "operatingIncomeRatio": -0.0958164642,
        "totalOtherIncomeExpensesNet": -12000000,
        "incomeBeforeTax": -83000000,
        "incomeBeforeTaxRatio": -0.1120107962,
        "incomeTaxExpense": 21000000,
        "netIncome": -104000000,
        "netIncomeRatio": -0.1403508772,
        "eps": -0.13,
        "epsdiluted": -0.13,
        "weightedAverageShsOut": 809030846,
        "weightedAverageShsOutDil": 809030846,
        "link": "https://www.sec.gov/Archives/edgar/data/1451505/000145150524000015/0001451505-24-000015-index.htm",
        "finalLink": "https://www.sec.gov/Archives/edgar/data/1451505/000145150524000015/rig-20231231x10k.htm"
    },
    {
        "date": "2023-09-30",
        "symbol": "RIG",
        "reportedCurrency": "USD",
        "cik": "0001451505",
        "fillingDate": "2023-10-31",
        "acceptedDate": "2023-10-31 16:50:35",
        "calendarYear": "2023",
        "period": "Q3",
        "revenue": 713000000,
        "costOfRevenue": 524000000,
        "grossProfit": 189000000,
        "grossProfitRatio": 0.2650771388,
        "researchAndDevelopmentExpenses": 0,
        "generalAndAdministrativeExpenses": 44000000,
        "sellingAndMarketingExpenses": 0,
        "sellingGeneralAndAdministrativeExpenses": 44000000,
        "otherExpenses": 200000000,
        "operatingExpenses": 244000000,
        "costAndExpenses": 768000000,
        "interestIncome": 12000000,
        "interestExpense": 232000000,
        "depreciationAndAmortization": 200000000,
        "ebitda": 153000000,
        "ebitdaratio": 0.2145862553,
        "operatingIncome": -55000000,
        "operatingIncomeRatio": -0.0771388499,
        "totalOtherIncomeExpensesNet": -208000000,
        "incomeBeforeTax": -263000000,
        "incomeBeforeTaxRatio": -0.3688639551,
        "incomeTaxExpense": -43000000,
        "netIncome": -220000000,
        "netIncomeRatio": -0.3085553997,
        "eps": -0.28,
        "epsdiluted": -0.28,
        "weightedAverageShsOut": 774000000,
        "weightedAverageShsOutDil": 774000000,
        "link": "https://www.sec.gov/Archives/edgar/data/1451505/000145150523000127/0001451505-23-000127-index.htm",
        "finalLink": "https://www.sec.gov/Archives/edgar/data/1451505/000145150523000127/rig-20230930x10q.htm"
    },
    {
        "date": "2023-06-30",
        "symbol": "RIG",
        "reportedCurrency": "USD",
        "cik": "0001451505",
        "fillingDate": "2023-08-01",
        "acceptedDate": "2023-08-01 16:43:00",
        "calendarYear": "2023",
        "period": "Q2",
        "revenue": 729000000,
        "costOfRevenue": 484000000,
        "grossProfit": 245000000,
        "grossProfitRatio": 0.3360768176,
        "researchAndDevelopmentExpenses": 0,
        "generalAndAdministrativeExpenses": 48000000,
        "sellingAndMarketingExpenses": 0,
        "sellingGeneralAndAdministrativeExpenses": 48000000,
        "otherExpenses": 239000000,
        "operatingExpenses": 287000000,
        "costAndExpenses": 771000000,
        "interestIncome": 11000000,
        "interestExpense": 168000000,
        "depreciationAndAmortization": 205000000,
        "ebitda": 216000000,
        "ebitdaratio": 0.2962962963,
        "operatingIncome": -42000000,
        "operatingIncomeRatio": -0.0576131687,
        "totalOtherIncomeExpensesNet": -139000000,
        "incomeBeforeTax": -181000000,
        "incomeBeforeTaxRatio": -0.2482853224,
        "incomeTaxExpense": -16000000,
        "netIncome": -165000000,
        "netIncomeRatio": -0.2263374486,
        "eps": -0.22,
        "epsdiluted": -0.22,
        "weightedAverageShsOut": 761000000,
        "weightedAverageShsOutDil": 761000000,
        "link": "https://www.sec.gov/Archives/edgar/data/1451505/000145150523000098/0001451505-23-000098-index.htm",
        "finalLink": "https://www.sec.gov/Archives/edgar/data/1451505/000145150523000098/rig-20230630x10q.htm"
    },
    {
        "date": "2023-03-31",
        "symbol": "RIG",
        "reportedCurrency": "USD",
        "cik": "0001451505",
        "fillingDate": "2023-05-02",
        "acceptedDate": "2023-05-02 16:41:16",
        "calendarYear": "2023",
        "period": "Q1",
        "revenue": 649000000,
        "costOfRevenue": 409000000,
        "grossProfit": 240000000,
        "grossProfitRatio": 0.3697996918,
        "researchAndDevelopmentExpenses": 0,
        "generalAndAdministrativeExpenses": 45000000,
        "sellingAndMarketingExpenses": 0,
        "sellingGeneralAndAdministrativeExpenses": 45000000,
        "otherExpenses": 352000000,
        "operatingExpenses": 397000000,
        "costAndExpenses": 806000000,
        "interestIncome": 19000000,
        "interestExpense": 249000000,
        "depreciationAndAmortization": 200000000,
        "ebitda": 213000000,
        "ebitdaratio": 0.3281972265,
        "operatingIncome": -157000000,
        "operatingIncomeRatio": -0.2419106317,
        "totalOtherIncomeExpensesNet": -257000000,
        "incomeBeforeTax": -414000000,
        "incomeBeforeTaxRatio": -0.6379044684,
        "incomeTaxExpense": 51000000,
        "netIncome": -465000000,
        "netIncomeRatio": -0.7164869029,
        "eps": -0.64,
        "epsdiluted": -0.64,
        "weightedAverageShsOut": 728000000,
        "weightedAverageShsOutDil": 728000000,
        "link": "https://www.sec.gov/Archives/edgar/data/1451505/000145150523000060/0001451505-23-000060-index.htm",
        "finalLink": "https://www.sec.gov/Archives/edgar/data/1451505/000145150523000060/rig-20230331x10q.htm"
    },
    {
        "date": "2022-12-31",
        "symbol": "RIG",
        "reportedCurrency": "USD",
        "cik": "0001451505",
        "fillingDate": "2023-02-23",
        "acceptedDate": "2023-02-22 18:51:57",
        "calendarYear": "2022",
        "period": "Q4",
        "revenue": 606000000,
        "costOfRevenue": 412000000,
        "grossProfit": 194000000,
        "grossProfitRatio": 0.3201320132,
        "researchAndDevelopmentExpenses": 0,
        "generalAndAdministrativeExpenses": 55000000,
        "sellingAndMarketingExpenses": -2000000,
        "sellingGeneralAndAdministrativeExpenses": 53000000,
        "otherExpenses": 203000000,
        "operatingExpenses": 256000000,
        "costAndExpenses": 668000000,
        "interestIncome": 12000000,
        "interestExpense": 263000000,
        "depreciationAndAmortization": 205000000,
        "ebitda": 160000000,
        "ebitdaratio": 0.2640264026,
        "operatingIncome": -62000000,
        "operatingIncomeRatio": -0.102310231,
        "totalOtherIncomeExpensesNet": -253000000,
        "incomeBeforeTax": -315000000,
        "incomeBeforeTaxRatio": -0.5198019802,
        "incomeTaxExpense": 35000000,
        "netIncome": -350000000,
        "netIncomeRatio": -0.5775577558,
        "eps": -0.48,
        "epsdiluted": -0.48,
        "weightedAverageShsOut": 721888427,
        "weightedAverageShsOutDil": 721888427,
        "link": "https://www.sec.gov/Archives/edgar/data/1451505/000145150523000029/0001451505-23-000029-index.htm",
        "finalLink": "https://www.sec.gov/Archives/edgar/data/1451505/000145150523000029/rig-20221231x10k.htm"
    },
    {
        "date": "2022-09-30",
        "symbol": "RIG",
        "reportedCurrency": "USD",
        "cik": "0001451505",
        "fillingDate": "2022-11-04",
        "acceptedDate": "2022-11-04 16:47:40",
        "calendarYear": "2022",
        "period": "Q3",
        "revenue": 691000000,
        "costOfRevenue": 411000000,
        "grossProfit": 280000000,
        "grossProfitRatio": 0.4052098408,
        "researchAndDevelopmentExpenses": 0,
        "generalAndAdministrativeExpenses": 42000000,
        "sellingAndMarketingExpenses": 0,
        "sellingGeneralAndAdministrativeExpenses": 42000000,
        "otherExpenses": 185000000,
        "operatingExpenses": 227000000,
        "costAndExpenses": 638000000,
        "interestIncome": 9000000,
        "interestExpense": 96000000,
        "depreciationAndAmortization": 221000000,
        "ebitda": 277000000,
        "ebitdaratio": 0.4008683068,
        "operatingIncome": 53000000,
        "operatingIncomeRatio": 0.0767004342,
        "totalOtherIncomeExpensesNet": -86000000,
        "incomeBeforeTax": -33000000,
        "incomeBeforeTaxRatio": -0.0477568741,
        "incomeTaxExpense": -5000000,
        "netIncome": -28000000,
        "netIncomeRatio": -0.0405209841,
        "eps": -0.0392,
        "epsdiluted": -0.0392,
        "weightedAverageShsOut": 714000000,
        "weightedAverageShsOutDil": 714000000,
        "link": "https://www.sec.gov/Archives/edgar/data/1451505/000145150522000101/0001451505-22-000101-index.htm",
        "finalLink": "https://www.sec.gov/Archives/edgar/data/1451505/000145150522000101/rig-20220930x10q.htm"
    },
    {
        "date": "2022-06-30",
        "symbol": "RIG",
        "reportedCurrency": "USD",
        "cik": "0001451505",
        "fillingDate": "2022-08-03",
        "acceptedDate": "2022-08-02 17:35:21",
        "calendarYear": "2022",
        "period": "Q2",
        "revenue": 692000000,
        "costOfRevenue": 433000000,
        "grossProfit": 259000000,
        "grossProfitRatio": 0.3742774566,
        "researchAndDevelopmentExpenses": 0,
        "generalAndAdministrativeExpenses": 43000000,
        "sellingAndMarketingExpenses": 0,
        "sellingGeneralAndAdministrativeExpenses": 43000000,
        "otherExpenses": 188000000,
        "operatingExpenses": 231000000,
        "costAndExpenses": 664000000,
        "interestIncome": 4000000,
        "interestExpense": 100000000,
        "depreciationAndAmortization": 214000000,
        "ebitda": 246000000,
        "ebitdaratio": 0.3554913295,
        "operatingIncome": 28000000,
        "operatingIncomeRatio": 0.0404624277,
        "totalOtherIncomeExpensesNet": -93000000,
        "incomeBeforeTax": -65000000,
        "incomeBeforeTaxRatio": -0.0939306358,
        "incomeTaxExpense": 3000000,
        "netIncome": -68000000,
        "netIncomeRatio": -0.098265896,
        "eps": -0.0983,
        "epsdiluted": -0.0983,
        "weightedAverageShsOut": 692000000,
        "weightedAverageShsOutDil": 692000000,
        "link": "https://www.sec.gov/Archives/edgar/data/1451505/000145150522000068/0001451505-22-000068-index.htm",
        "finalLink": "https://www.sec.gov/Archives/edgar/data/1451505/000145150522000068/rig-20220630x10q.htm"
    },
    {
        "date": "2022-03-31",
        "symbol": "RIG",
        "reportedCurrency": "USD",
        "cik": "0001451505",
        "fillingDate": "2022-05-03",
        "acceptedDate": "2022-05-03 16:17:13",
        "calendarYear": "2022",
        "period": "Q1",
        "revenue": 586000000,
        "costOfRevenue": 412000000,
        "grossProfit": 174000000,
        "grossProfitRatio": 0.2969283276,
        "researchAndDevelopmentExpenses": 0,
        "generalAndAdministrativeExpenses": 42000000,
        "sellingAndMarketingExpenses": 0,
        "sellingGeneralAndAdministrativeExpenses": 42000000,
        "otherExpenses": 182000000,
        "operatingExpenses": 224000000,
        "costAndExpenses": 636000000,
        "interestIncome": 2000000,
        "interestExpense": 102000000,
        "depreciationAndAmortization": 212000000,
        "ebitda": 161000000,
        "ebitdaratio": 0.2747440273,
        "operatingIncome": -50000000,
        "operatingIncomeRatio": -0.0853242321,
        "totalOtherIncomeExpensesNet": -99000000,
        "incomeBeforeTax": -149000000,
        "incomeBeforeTaxRatio": -0.2542662116,
        "incomeTaxExpense": 26000000,
        "netIncome": -175000000,
        "netIncomeRatio": -0.2986348123,
        "eps": -0.26,
        "epsdiluted": -0.26,
        "weightedAverageShsOut": 664000000,
        "weightedAverageShsOutDil": 664000000,
        "link": "https://www.sec.gov/Archives/edgar/data/1451505/000145150522000044/0001451505-22-000044-index.htm",
        "finalLink": "https://www.sec.gov/Archives/edgar/data/1451505/000145150522000044/rig-20220331x10q.htm"
    },
    {
        "date": "2021-12-31",
        "symbol": "RIG",
        "reportedCurrency": "USD",
        "cik": "0001451505",
        "fillingDate": "2022-02-23",
        "acceptedDate": "2022-02-23 16:10:27",
        "calendarYear": "2021",
        "period": "Q4",
        "revenue": 621000000,
        "costOfRevenue": 418000000,
        "grossProfit": 203000000,
        "grossProfitRatio": 0.3268921095,
        "researchAndDevelopmentExpenses": 0,
        "generalAndAdministrativeExpenses": 49000000,
        "sellingAndMarketingExpenses": -6000000,
        "sellingGeneralAndAdministrativeExpenses": 43000000,
        "otherExpenses": 203000000,
        "operatingExpenses": 246000000,
        "costAndExpenses": 664000000,
        "interestIncome": 4000000,
        "interestExpense": 107000000,
        "depreciationAndAmortization": 234000000,
        "ebitda": 210000000,
        "ebitdaratio": 0.3381642512,
        "operatingIncome": -43000000,
        "operatingIncomeRatio": -0.0692431562,
        "totalOtherIncomeExpensesNet": -106000000,
        "incomeBeforeTax": -149000000,
        "incomeBeforeTaxRatio": -0.2399355878,
        "incomeTaxExpense": 111000000,
        "netIncome": -260000000,
        "netIncomeRatio": -0.4186795491,
        "eps": -0.4,
        "epsdiluted": -0.4,
        "weightedAverageShsOut": 653000000,
        "weightedAverageShsOutDil": 653000000,
        "link": "https://www.sec.gov/Archives/edgar/data/1451505/000145150522000017/0001451505-22-000017-index.htm",
        "finalLink": "https://www.sec.gov/Archives/edgar/data/1451505/000145150522000017/rig-20211231x10k.htm"
    },
    {
        "date": "2021-09-30",
        "symbol": "RIG",
        "reportedCurrency": "USD",
        "cik": "0001451505",
        "fillingDate": "2021-11-02",
        "acceptedDate": "2021-11-02 16:20:30",
        "calendarYear": "2021",
        "period": "Q3",
        "revenue": 626000000,
        "costOfRevenue": 398000000,
        "grossProfit": 228000000,
        "grossProfitRatio": 0.3642172524,
        "researchAndDevelopmentExpenses": 0,
        "generalAndAdministrativeExpenses": 40000000,
        "sellingAndMarketingExpenses": 0,
        "sellingGeneralAndAdministrativeExpenses": 40000000,
        "otherExpenses": 0,
        "operatingExpenses": 40000000,
        "costAndExpenses": 438000000,
        "interestIncome": 4000000,
        "interestExpense": 110000000,
        "depreciationAndAmortization": 242000000,
        "ebitda": 245000000,
        "ebitdaratio": 0.3913738019,
        "operatingIncome": 188000000,
        "operatingIncomeRatio": 0.3003194888,
        "totalOtherIncomeExpensesNet": -291000000,
        "incomeBeforeTax": -103000000,
        "incomeBeforeTaxRatio": -0.1645367412,
        "incomeTaxExpense": 27000000,
        "netIncome": -130000000,
        "netIncomeRatio": -0.2076677316,
        "eps": -0.2,
        "epsdiluted": -0.2,
        "weightedAverageShsOut": 653000000,
        "weightedAverageShsOutDil": 653000000,
        "link": "https://www.sec.gov/Archives/edgar/data/1451505/000145150521000086/0001451505-21-000086-index.htm",
        "finalLink": "https://www.sec.gov/Archives/edgar/data/1451505/000145150521000086/rig-20210930x10q.htm"
    },
    {
        "date": "2021-06-30",
        "symbol": "RIG",
        "reportedCurrency": "USD",
        "cik": "0001451505",
        "fillingDate": "2021-08-03",
        "acceptedDate": "2021-08-03 16:22:30",
        "calendarYear": "2021",
        "period": "Q2",
        "revenue": 656000000,
        "costOfRevenue": 434000000,
        "grossProfit": 222000000,
        "grossProfitRatio": 0.3384146341,
        "researchAndDevelopmentExpenses": 0,
        "generalAndAdministrativeExpenses": 39000000,
        "sellingAndMarketingExpenses": 0,
        "sellingGeneralAndAdministrativeExpenses": 39000000,
        "otherExpenses": 185000000,
        "operatingExpenses": 224000000,
        "costAndExpenses": 658000000,
        "interestIncome": 4000000,
        "interestExpense": 115000000,
        "depreciationAndAmortization": 243000000,
        "ebitda": 240000000,
        "ebitdaratio": 0.3658536585,
        "operatingIncome": -2000000,
        "operatingIncomeRatio": -0.0030487805,
        "totalOtherIncomeExpensesNet": -97000000,
        "incomeBeforeTax": -99000000,
        "incomeBeforeTaxRatio": -0.1509146341,
        "incomeTaxExpense": 4000000,
        "netIncome": -103000000,
        "netIncomeRatio": -0.1570121951,
        "eps": -0.17,
        "epsdiluted": -0.17,
        "weightedAverageShsOut": 621000000,
        "weightedAverageShsOutDil": 621000000,
        "link": "https://www.sec.gov/Archives/edgar/data/1451505/000145150521000071/0001451505-21-000071-index.htm",
        "finalLink": "https://www.sec.gov/Archives/edgar/data/1451505/000145150521000071/rig-20210630x10q.htm"
    },
    {
        "date": "2021-03-31",
        "symbol": "RIG",
        "reportedCurrency": "USD",
        "cik": "0001451505",
        "fillingDate": "2021-05-04",
        "acceptedDate": "2021-05-04 17:17:24",
        "calendarYear": "2021",
        "period": "Q1",
        "revenue": 653000000,
        "costOfRevenue": 435000000,
        "grossProfit": 218000000,
        "grossProfitRatio": 0.3338437979,
        "researchAndDevelopmentExpenses": 0,
        "generalAndAdministrativeExpenses": 39000000,
        "sellingAndMarketingExpenses": 0,
        "sellingGeneralAndAdministrativeExpenses": 39000000,
        "otherExpenses": 246000000,
        "operatingExpenses": 285000000,
        "costAndExpenses": 720000000,
        "interestIncome": 3000000,
        "interestExpense": 115000000,
        "depreciationAndAmortization": 243000000,
        "ebitda": 235000000,
        "ebitdaratio": 0.3598774885,
        "operatingIncome": -67000000,
        "operatingIncomeRatio": -0.1026033691,
        "totalOtherIncomeExpensesNet": -52000000,
        "incomeBeforeTax": -119000000,
        "incomeBeforeTaxRatio": -0.1822358346,
        "incomeTaxExpense": -21000000,
        "netIncome": -99000000,
        "netIncomeRatio": -0.1516079632,
        "eps": -0.16,
        "epsdiluted": -0.16,
        "weightedAverageShsOut": 617000000,
        "weightedAverageShsOutDil": 617000000,
        "link": "https://www.sec.gov/Archives/edgar/data/1451505/000145150521000046/0001451505-21-000046-index.htm",
        "finalLink": "https://www.sec.gov/Archives/edgar/data/1451505/000145150521000046/rig-20210331x10q.htm"
    },
    {
        "date": "2020-12-31",
        "symbol": "RIG",
        "reportedCurrency": "USD",
        "cik": "0001451505",
        "fillingDate": "2021-03-01",
        "acceptedDate": "2021-02-26 18:56:24",
        "calendarYear": "2020",
        "period": "Q4",
        "revenue": 690000000,
        "costOfRevenue": 443000000,
        "grossProfit": 247000000,
        "grossProfitRatio": 0.3579710145,
        "researchAndDevelopmentExpenses": 0,
        "generalAndAdministrativeExpenses": 50000000,
        "sellingAndMarketingExpenses": 26000000,
        "sellingGeneralAndAdministrativeExpenses": 76000000,
        "otherExpenses": 205000000,
        "operatingExpenses": 281000000,
        "costAndExpenses": 724000000,
        "interestIncome": 2000000,
        "interestExpense": 117000000,
        "depreciationAndAmortization": 246000000,
        "ebitda": 228000000,
        "ebitdaratio": 0.3304347826,
        "operatingIncome": -34000000,
        "operatingIncomeRatio": -0.0492753623,
        "totalOtherIncomeExpensesNet": 18000000,
        "incomeBeforeTax": -16000000,
        "incomeBeforeTaxRatio": -0.0231884058,
        "incomeTaxExpense": 23000000,
        "netIncome": -37000000,
        "netIncomeRatio": -0.0536231884,
        "eps": -0.0602,
        "epsdiluted": -0.0601,
        "weightedAverageShsOut": 615000000,
        "weightedAverageShsOutDil": 616000000,
        "link": "https://www.sec.gov/Archives/edgar/data/1451505/000145150521000020/0001451505-21-000020-index.htm",
        "finalLink": "https://www.sec.gov/Archives/edgar/data/1451505/000145150521000020/rig-20201231x10k.htm"
    },
    {
        "date": "2020-09-30",
        "symbol": "RIG",
        "reportedCurrency": "USD",
        "cik": "0001451505",
        "fillingDate": "2020-11-04",
        "acceptedDate": "2020-11-03 18:04:28",
        "calendarYear": "2020",
        "period": "Q3",
        "revenue": 773000000,
        "costOfRevenue": 470000000,
        "grossProfit": 303000000,
        "grossProfitRatio": 0.3919793014,
        "researchAndDevelopmentExpenses": 0,
        "generalAndAdministrativeExpenses": 45000000,
        "sellingAndMarketingExpenses": 0,
        "sellingGeneralAndAdministrativeExpenses": 45000000,
        "otherExpenses": 254000000,
        "operatingExpenses": 299000000,
        "costAndExpenses": 769000000,
        "interestIncome": 6000000,
        "interestExpense": 145000000,
        "depreciationAndAmortization": 247000000,
        "ebitda": 315000000,
        "ebitdaratio": 0.4075032342,
        "operatingIncome": 4000000,
        "operatingIncomeRatio": 0.0051746442,
        "totalOtherIncomeExpensesNet": 331000000,
        "incomeBeforeTax": 335000000,
        "incomeBeforeTaxRatio": 0.4333764554,
        "incomeTaxExpense": -24000000,
        "netIncome": 359000000,
        "netIncomeRatio": 0.4644243208,
        "eps": 0.58,
        "epsdiluted": 0.51,
        "weightedAverageShsOut": 616000000,
        "weightedAverageShsOutDil": 702000000,
        "link": "https://www.sec.gov/Archives/edgar/data/1451505/000145150520000106/0001451505-20-000106-index.htm",
        "finalLink": "https://www.sec.gov/Archives/edgar/data/1451505/000145150520000106/rig-20200930x10q.htm"
    },
    {
        "date": "2020-06-30",
        "symbol": "RIG",
        "reportedCurrency": "USD",
        "cik": "0001451505",
        "fillingDate": "2020-07-30",
        "acceptedDate": "2020-07-30 19:24:40",
        "calendarYear": "2020",
        "period": "Q2",
        "revenue": 930000000,
        "costOfRevenue": 525000000,
        "grossProfit": 405000000,
        "grossProfitRatio": 0.435483871,
        "researchAndDevelopmentExpenses": 0,
        "generalAndAdministrativeExpenses": 45000000,
        "sellingAndMarketingExpenses": 0,
        "sellingGeneralAndAdministrativeExpenses": 45000000,
        "otherExpenses": 624000000,
        "operatingExpenses": 669000000,
        "costAndExpenses": 1194000000,
        "interestIncome": 4000000,
        "interestExpense": 153000000,
        "depreciationAndAmortization": 249000000,
        "ebitda": 413000000,
        "ebitdaratio": 0.4440860215,
        "operatingIncome": -264000000,
        "operatingIncomeRatio": -0.2838709677,
        "totalOtherIncomeExpensesNet": -201000000,
        "incomeBeforeTax": -465000000,
        "incomeBeforeTaxRatio": -0.5,
        "incomeTaxExpense": 32000000,
        "netIncome": -497000000,
        "netIncomeRatio": -0.5344086022,
        "eps": -0.81,
        "epsdiluted": -0.81,
        "weightedAverageShsOut": 615000000,
        "weightedAverageShsOutDil": 615000000,
        "link": "https://www.sec.gov/Archives/edgar/data/1451505/000145150520000069/0001451505-20-000069-index.htm",
        "finalLink": "https://www.sec.gov/Archives/edgar/data/1451505/000145150520000069/rig-20200630x10q.htm"
    },
    {
        "date": "2020-03-31",
        "symbol": "RIG",
        "reportedCurrency": "USD",
        "cik": "0001451505",
        "fillingDate": "2020-04-30",
        "acceptedDate": "2020-04-30 17:07:53",
        "calendarYear": "2020",
        "period": "Q1",
        "revenue": 759000000,
        "costOfRevenue": 540000000,
        "grossProfit": 219000000,
        "grossProfitRatio": 0.2885375494,
        "researchAndDevelopmentExpenses": 0,
        "generalAndAdministrativeExpenses": 43000000,
        "sellingAndMarketingExpenses": 0,
        "sellingGeneralAndAdministrativeExpenses": 43000000,
        "otherExpenses": 375000000,
        "operatingExpenses": 418000000,
        "costAndExpenses": 958000000,
        "interestIncome": 9000000,
        "interestExpense": 160000000,
        "depreciationAndAmortization": 254000000,
        "ebitda": 224000000,
        "ebitdaratio": 0.2951251647,
        "operatingIncome": -199000000,
        "operatingIncomeRatio": -0.2621870883,
        "totalOtherIncomeExpensesNet": -196000000,
        "incomeBeforeTax": -395000000,
        "incomeBeforeTaxRatio": -0.5204216074,
        "incomeTaxExpense": -4000000,
        "netIncome": -392000000,
        "netIncomeRatio": -0.5164690382,
        "eps": -0.64,
        "epsdiluted": -0.64,
        "weightedAverageShsOut": 614000000,
        "weightedAverageShsOutDil": 614000000,
        "link": "https://www.sec.gov/Archives/edgar/data/1451505/000145150520000041/0001451505-20-000041-index.htm",
        "finalLink": "https://www.sec.gov/Archives/edgar/data/1451505/000145150520000041/rig-20200331x10q.htm"
    },
    {
        "date": "2019-12-31",
        "symbol": "RIG",
        "reportedCurrency": "USD",
        "cik": "0001451505",
        "fillingDate": "2020-02-18",
        "acceptedDate": "2020-02-18 17:02:01",
        "calendarYear": "2019",
        "period": "Q4",
        "revenue": 792000000,
        "costOfRevenue": 566000000,
        "grossProfit": 226000000,
        "grossProfitRatio": 0.2853535354,
        "researchAndDevelopmentExpenses": 0,
        "generalAndAdministrativeExpenses": 54000000,
        "sellingAndMarketingExpenses": -1000000,
        "sellingGeneralAndAdministrativeExpenses": 58000000,
        "otherExpenses": 242000000,
        "operatingExpenses": 300000000,
        "costAndExpenses": 866000000,
        "interestIncome": 10000000,
        "interestExpense": 160000000,
        "depreciationAndAmortization": 254000000,
        "ebitda": 215000000,
        "ebitdaratio": 0.2714646465,
        "operatingIncome": -74000000,
        "operatingIncomeRatio": -0.0934343434,
        "totalOtherIncomeExpensesNet": -5000000,
        "incomeBeforeTax": -79000000,
        "incomeBeforeTaxRatio": -0.0997474747,
        "incomeTaxExpense": -24000000,
        "netIncome": -51000000,
        "netIncomeRatio": -0.0643939394,
        "eps": -0.0833,
        "epsdiluted": -0.0831,
        "weightedAverageShsOut": 612000000,
        "weightedAverageShsOutDil": 614000000,
        "link": "https://www.sec.gov/Archives/edgar/data/1451505/000145150520000020/0001451505-20-000020-index.htm",
        "finalLink": "https://www.sec.gov/Archives/edgar/data/1451505/000145150520000020/rig-20191231x10k.htm"
    },
    {
        "date": "2019-09-30",
        "symbol": "RIG",
        "reportedCurrency": "USD",
        "cik": "0001451505",
        "fillingDate": "2019-10-29",
        "acceptedDate": "2019-10-29 20:48:30",
        "calendarYear": "2019",
        "period": "Q3",
        "revenue": 784000000,
        "costOfRevenue": 547000000,
        "grossProfit": 237000000,
        "grossProfitRatio": 0.3022959184,
        "researchAndDevelopmentExpenses": 0,
        "generalAndAdministrativeExpenses": 45000000,
        "sellingAndMarketingExpenses": 0,
        "sellingGeneralAndAdministrativeExpenses": 45000000,
        "otherExpenses": 799000000,
        "operatingExpenses": 844000000,
        "costAndExpenses": 1391000000,
        "interestIncome": 11000000,
        "interestExpense": 166000000,
        "depreciationAndAmortization": 260000000,
        "ebitda": 240000000,
        "ebitdaratio": 0.306122449,
        "operatingIncome": -607000000,
        "operatingIncomeRatio": -0.7742346939,
        "totalOtherIncomeExpensesNet": -164000000,
        "incomeBeforeTax": -771000000,
        "incomeBeforeTaxRatio": -0.9834183673,
        "incomeTaxExpense": 54000000,
        "netIncome": -825000000,
        "netIncomeRatio": -1.0522959184,
        "eps": -1.35,
        "epsdiluted": -1.35,
        "weightedAverageShsOut": 611111111,
        "weightedAverageShsOutDil": 613000000,
        "link": "https://www.sec.gov/Archives/edgar/data/1451505/000155837019009364/0001558370-19-009364-index.htm",
        "finalLink": "https://www.sec.gov/Archives/edgar/data/1451505/000155837019009364/rig-20190930x10q.htm"
    },
    {
        "date": "2019-06-30",
        "symbol": "RIG",
        "reportedCurrency": "USD",
        "cik": "0001451505",
        "fillingDate": "2019-07-30",
        "acceptedDate": "2019-07-30 17:02:32",
        "calendarYear": "2019",
        "period": "Q2",
        "revenue": 758000000,
        "costOfRevenue": 510000000,
        "grossProfit": 248000000,
        "grossProfitRatio": 0.327176781,
        "researchAndDevelopmentExpenses": 0,
        "generalAndAdministrativeExpenses": 45000000,
        "sellingAndMarketingExpenses": 0,
        "sellingGeneralAndAdministrativeExpenses": 45000000,
        "otherExpenses": 230000000,
        "operatingExpenses": 275000000,
        "costAndExpenses": 785000000,
        "interestIncome": 12000000,
        "interestExpense": 168000000,
        "depreciationAndAmortization": 266000000,
        "ebitda": 250000000,
        "ebitdaratio": 0.3298153034,
        "operatingIncome": -27000000,
        "operatingIncomeRatio": -0.0356200528,
        "totalOtherIncomeExpensesNet": -142000000,
        "incomeBeforeTax": -169000000,
        "incomeBeforeTaxRatio": -0.2229551451,
        "incomeTaxExpense": 37000000,
        "netIncome": -208000000,
        "netIncomeRatio": -0.2744063325,
        "eps": -0.34,
        "epsdiluted": -0.34,
        "weightedAverageShsOut": 611764705,
        "weightedAverageShsOutDil": 612000000,
        "link": "https://www.sec.gov/Archives/edgar/data/1451505/000145150519000075/0001451505-19-000075-index.htm",
        "finalLink": "https://www.sec.gov/Archives/edgar/data/1451505/000145150519000075/rig-20190630x10q.htm"
    },
    {
        "date": "2019-03-31",
        "symbol": "RIG",
        "reportedCurrency": "USD",
        "cik": "0001451505",
        "fillingDate": "2019-04-30",
        "acceptedDate": "2019-04-30 16:28:27",
        "calendarYear": "2019",
        "period": "Q1",
        "revenue": 754000000,
        "costOfRevenue": 508000000,
        "grossProfit": 246000000,
        "grossProfitRatio": 0.3262599469,
        "researchAndDevelopmentExpenses": 0,
        "generalAndAdministrativeExpenses": 49000000,
        "sellingAndMarketingExpenses": 0,
        "sellingGeneralAndAdministrativeExpenses": 43000000,
        "otherExpenses": 216000000,
        "operatingExpenses": 259000000,
        "costAndExpenses": 767000000,
        "interestIncome": 10000000,
        "interestExpense": 166000000,
        "depreciationAndAmortization": 262000000,
        "ebitda": 248000000,
        "ebitdaratio": 0.3289124668,
        "operatingIncome": -13000000,
        "operatingIncomeRatio": -0.0172413793,
        "totalOtherIncomeExpensesNet": -166000000,
        "incomeBeforeTax": -179000000,
        "incomeBeforeTaxRatio": -0.2374005305,
        "incomeTaxExpense": -8000000,
        "netIncome": -171000000,
        "netIncomeRatio": -0.2267904509,
        "eps": -0.28,
        "epsdiluted": -0.28,
        "weightedAverageShsOut": 610714285,
        "weightedAverageShsOutDil": 611000000,
        "link": "https://www.sec.gov/Archives/edgar/data/1451505/000145150519000050/0001451505-19-000050-index.htm",
        "finalLink": "https://www.sec.gov/Archives/edgar/data/1451505/000145150519000050/rig-20190331x10q.htm"
    },
    {
        "date": "2018-12-31",
        "symbol": "RIG",
        "reportedCurrency": "USD",
        "cik": "0001451505",
        "fillingDate": "2019-02-19",
        "acceptedDate": "2019-02-19 17:04:09",
        "calendarYear": "2018",
        "period": "Q4",
        "revenue": 748000000,
        "costOfRevenue": 497000000,
        "grossProfit": 251000000,
        "grossProfitRatio": 0.3355614973,
        "researchAndDevelopmentExpenses": 0,
        "generalAndAdministrativeExpenses": 54000000,
        "sellingAndMarketingExpenses": 0,
        "sellingGeneralAndAdministrativeExpenses": 41000000,
        "otherExpenses": 235000000,
        "operatingExpenses": 276000000,
        "costAndExpenses": 773000000,
        "interestIncome": 17000000,
        "interestExpense": 165000000,
        "depreciationAndAmortization": 238000000,
        "ebitda": 244000000,
        "ebitdaratio": 0.3262032086,
        "operatingIncome": -25000000,
        "operatingIncomeRatio": -0.0334224599,
        "totalOtherIncomeExpensesNet": -108000000,
        "incomeBeforeTax": -133000000,
        "incomeBeforeTaxRatio": -0.1778074866,
        "incomeTaxExpense": 110000000,
        "netIncome": -242000000,
        "netIncomeRatio": -0.3235294118,
        "eps": -0.4,
        "epsdiluted": -0.4,
        "weightedAverageShsOut": 611000000,
        "weightedAverageShsOutDil": 611000000,
        "link": "https://www.sec.gov/Archives/edgar/data/1451505/000145150519000025/0001451505-19-000025-index.htm",
        "finalLink": "https://www.sec.gov/Archives/edgar/data/1451505/000145150519000025/rig-20181231x10k.htm"
    },
    {
        "date": "2018-09-30",
        "symbol": "RIG",
        "reportedCurrency": "USD",
        "cik": "0001451505",
        "fillingDate": "2018-10-30",
        "acceptedDate": "2018-10-30 17:19:55",
        "calendarYear": "2018",
        "period": "Q3",
        "revenue": 816000000,
        "costOfRevenue": 447000000,
        "grossProfit": 369000000,
        "grossProfitRatio": 0.4522058824,
        "researchAndDevelopmentExpenses": 0,
        "generalAndAdministrativeExpenses": 35000000,
        "sellingAndMarketingExpenses": 0,
        "sellingGeneralAndAdministrativeExpenses": 31000000,
        "otherExpenses": 643000000,
        "operatingExpenses": 674000000,
        "costAndExpenses": 1121000000,
        "interestIncome": 11000000,
        "interestExpense": 160000000,
        "depreciationAndAmortization": 230000000,
        "ebitda": 367000000,
        "ebitdaratio": 0.449754902,
        "operatingIncome": -305000000,
        "operatingIncomeRatio": -0.3737745098,
        "totalOtherIncomeExpensesNet": -134000000,
        "incomeBeforeTax": -439000000,
        "incomeBeforeTaxRatio": -0.5379901961,
        "incomeTaxExpense": -30000000,
        "netIncome": -409000000,
        "netIncomeRatio": -0.5012254902,
        "eps": -0.88,
        "epsdiluted": -0.88,
        "weightedAverageShsOut": 463000000,
        "weightedAverageShsOutDil": 463000000,
        "link": "https://www.sec.gov/Archives/edgar/data/1451505/000145150518000110/0001451505-18-000110-index.htm",
        "finalLink": "https://www.sec.gov/Archives/edgar/data/1451505/000145150518000110/rig-20180930x10q.htm"
    },
    {
        "date": "2018-06-30",
        "symbol": "RIG",
        "reportedCurrency": "USD",
        "cik": "0001451505",
        "fillingDate": "2018-07-31",
        "acceptedDate": "2018-07-31 16:27:12",
        "calendarYear": "2018",
        "period": "Q2",
        "revenue": 790000000,
        "costOfRevenue": 431000000,
        "grossProfit": 359000000,
        "grossProfitRatio": 0.4544303797,
        "researchAndDevelopmentExpenses": 0,
        "generalAndAdministrativeExpenses": 52000000,
        "sellingAndMarketingExpenses": 0,
        "sellingGeneralAndAdministrativeExpenses": 52000000,
        "otherExpenses": 1224000000,
        "operatingExpenses": 1276000000,
        "costAndExpenses": 1707000000,
        "interestIncome": 13000000,
        "interestExpense": 148000000,
        "depreciationAndAmortization": 241000000,
        "ebitda": 337000000,
        "ebitdaratio": 0.4265822785,
        "operatingIncome": -917000000,
        "operatingIncomeRatio": -1.1607594937,
        "totalOtherIncomeExpensesNet": -137000000,
        "incomeBeforeTax": -1054000000,
        "incomeBeforeTaxRatio": -1.3341772152,
        "incomeTaxExpense": 85000000,
        "netIncome": -1135000000,
        "netIncomeRatio": -1.4367088608,
        "eps": -2.46,
        "epsdiluted": -2.46,
        "weightedAverageShsOut": 461382113,
        "weightedAverageShsOutDil": 462000000,
        "link": "https://www.sec.gov/Archives/edgar/data/1451505/000145150518000085/0001451505-18-000085-index.htm",
        "finalLink": "https://www.sec.gov/Archives/edgar/data/1451505/000145150518000085/rig-20180630x10q.htm"
    },
    {
        "date": "2018-03-31",
        "symbol": "RIG",
        "reportedCurrency": "USD",
        "cik": "0001451505",
        "fillingDate": "2018-05-01",
        "acceptedDate": "2018-05-01 16:49:36",
        "calendarYear": "2018",
        "period": "Q1",
        "revenue": 664000000,
        "costOfRevenue": 424000000,
        "grossProfit": 240000000,
        "grossProfitRatio": 0.3614457831,
        "researchAndDevelopmentExpenses": 0,
        "generalAndAdministrativeExpenses": 47000000,
        "sellingAndMarketingExpenses": 0,
        "sellingGeneralAndAdministrativeExpenses": 40000000,
        "otherExpenses": 204000000,
        "operatingExpenses": 244000000,
        "costAndExpenses": 668000000,
        "interestIncome": 12000000,
        "interestExpense": 147000000,
        "depreciationAndAmortization": 221000000,
        "ebitda": 219000000,
        "ebitdaratio": 0.3298192771,
        "operatingIncome": -4000000,
        "operatingIncomeRatio": -0.0060240964,
        "totalOtherIncomeExpensesNet": -145000000,
        "incomeBeforeTax": -149000000,
        "incomeBeforeTaxRatio": -0.2243975904,
        "incomeTaxExpense": 63000000,
        "netIncome": -210000000,
        "netIncomeRatio": -0.3162650602,
        "eps": -0.48,
        "epsdiluted": -0.48,
        "weightedAverageShsOut": 437500000,
        "weightedAverageShsOutDil": 438000000,
        "link": "https://www.sec.gov/Archives/edgar/data/1451505/000145150518000045/0001451505-18-000045-index.htm",
        "finalLink": "https://www.sec.gov/Archives/edgar/data/1451505/000145150518000045/rig-20180331x10q.htm"
    },
    {
        "date": "2017-12-31",
        "symbol": "RIG",
        "reportedCurrency": "USD",
        "cik": "0001451505",
        "fillingDate": "2018-02-21",
        "acceptedDate": "2018-02-21 16:56:35",
        "calendarYear": "2017",
        "period": "Q4",
        "revenue": 629000000,
        "costOfRevenue": 386000000,
        "grossProfit": 218000000,
        "grossProfitRatio": 0.346581876,
        "researchAndDevelopmentExpenses": 0,
        "generalAndAdministrativeExpenses": 43000000,
        "sellingAndMarketingExpenses": 1000000,
        "sellingGeneralAndAdministrativeExpenses": 43000000,
        "otherExpenses": 160000000,
        "operatingExpenses": 203000000,
        "costAndExpenses": 589000000,
        "interestIncome": 9000000,
        "interestExpense": 123000000,
        "depreciationAndAmortization": 184000000,
        "ebitda": 175000000,
        "ebitdaratio": 0.2782193959,
        "operatingIncome": 15000000,
        "operatingIncomeRatio": 0.0238473768,
        "totalOtherIncomeExpensesNet": -126000000,
        "incomeBeforeTax": -111000000,
        "incomeBeforeTaxRatio": -0.1764705882,
        "incomeTaxExpense": -9000000,
        "netIncome": -111000000,
        "netIncomeRatio": -0.1764705882,
        "eps": -0.25,
        "epsdiluted": -0.25,
        "weightedAverageShsOut": 438000000,
        "weightedAverageShsOutDil": 438000000,
        "link": "https://www.sec.gov/Archives/edgar/data/1451505/000145150518000022/0001451505-18-000022-index.htm",
        "finalLink": "https://www.sec.gov/Archives/edgar/data/1451505/000145150518000022/rig-20171231x10k.htm"
    },
    {
        "date": "2017-09-30",
        "symbol": "RIG",
        "reportedCurrency": "USD",
        "cik": "0001451505",
        "fillingDate": "2017-11-01",
        "acceptedDate": "2017-11-01 16:24:23",
        "calendarYear": "2017",
        "period": "Q3",
        "revenue": 808000000,
        "costOfRevenue": 325000000,
        "grossProfit": 384000000,
        "grossProfitRatio": 0.4752475248,
        "researchAndDevelopmentExpenses": 0,
        "generalAndAdministrativeExpenses": 39000000,
        "sellingAndMarketingExpenses": 0,
        "sellingGeneralAndAdministrativeExpenses": 39000000,
        "otherExpenses": 1492000000,
        "operatingExpenses": 1531000000,
        "costAndExpenses": 1856000000,
        "interestIncome": 21000000,
        "interestExpense": 112000000,
        "depreciationAndAmortization": 197000000,
        "ebitda": 345000000,
        "ebitdaratio": 0.426980198,
        "operatingIncome": -1147000000,
        "operatingIncomeRatio": -1.4195544554,
        "totalOtherIncomeExpensesNet": -84000000,
        "incomeBeforeTax": -1231000000,
        "incomeBeforeTaxRatio": -1.5235148515,
        "incomeTaxExpense": 180000000,
        "netIncome": -1417000000,
        "netIncomeRatio": -1.7537128713,
        "eps": -3.62,
        "epsdiluted": -3.62,
        "weightedAverageShsOut": 391000000,
        "weightedAverageShsOutDil": 391000000,
        "link": "https://www.sec.gov/Archives/edgar/data/1451505/000145150517000079/0001451505-17-000079-index.htm",
        "finalLink": "https://www.sec.gov/Archives/edgar/data/1451505/000145150517000079/rig-20170930x10q.htm"
    },
    {
        "date": "2017-06-30",
        "symbol": "RIG",
        "reportedCurrency": "USD",
        "cik": "0001451505",
        "fillingDate": "2017-08-02",
        "acceptedDate": "2017-08-02 16:33:02",
        "calendarYear": "2017",
        "period": "Q2",
        "revenue": 751000000,
        "costOfRevenue": 331000000,
        "grossProfit": 380000000,
        "grossProfitRatio": 0.5059920107,
        "researchAndDevelopmentExpenses": 0,
        "generalAndAdministrativeExpenses": 35000000,
        "sellingAndMarketingExpenses": 0,
        "sellingGeneralAndAdministrativeExpenses": 35000000,
        "otherExpenses": 1887000000,
        "operatingExpenses": 1922000000,
        "costAndExpenses": 2253000000,
        "interestIncome": 7000000,
        "interestExpense": 129000000,
        "depreciationAndAmortization": 219000000,
        "ebitda": 345000000,
        "ebitdaratio": 0.4593874834,
        "operatingIncome": -1542000000,
        "operatingIncomeRatio": -2.0532623169,
        "totalOtherIncomeExpensesNet": -174000000,
        "incomeBeforeTax": -1716000000,
        "incomeBeforeTaxRatio": -2.2849533955,
        "incomeTaxExpense": -37000000,
        "netIncome": -1690000000,
        "netIncomeRatio": -2.2503328895,
        "eps": -4.32,
        "epsdiluted": -4.32,
        "weightedAverageShsOut": 391000000,
        "weightedAverageShsOutDil": 391000000,
        "link": "https://www.sec.gov/Archives/edgar/data/1451505/000145150517000052/0001451505-17-000052-index.htm",
        "finalLink": "https://www.sec.gov/Archives/edgar/data/1451505/000145150517000052/rig-20170630x10q.htm"
    },
    {
        "date": "2017-03-31",
        "symbol": "RIG",
        "reportedCurrency": "USD",
        "cik": "0001451505",
        "fillingDate": "2017-05-03",
        "acceptedDate": "2017-05-03 16:19:55",
        "calendarYear": "2017",
        "period": "Q1",
        "revenue": 785000000,
        "costOfRevenue": 347000000,
        "grossProfit": 401000000,
        "grossProfitRatio": 0.5108280255,
        "researchAndDevelopmentExpenses": 0,
        "generalAndAdministrativeExpenses": 39000000,
        "sellingAndMarketingExpenses": 0,
        "sellingGeneralAndAdministrativeExpenses": 39000000,
        "otherExpenses": 193000000,
        "operatingExpenses": 232000000,
        "costAndExpenses": 579000000,
        "interestIncome": 6000000,
        "interestExpense": 127000000,
        "depreciationAndAmortization": 232000000,
        "ebitda": 362000000,
        "ebitdaratio": 0.4611464968,
        "operatingIncome": 169000000,
        "operatingIncomeRatio": 0.2152866242,
        "totalOtherIncomeExpensesNet": -114000000,
        "incomeBeforeTax": 55000000,
        "incomeBeforeTaxRatio": 0.0700636943,
        "incomeTaxExpense": -40000000,
        "netIncome": 91000000,
        "netIncomeRatio": 0.1159235669,
        "eps": 0.23,
        "epsdiluted": 0.23,
        "weightedAverageShsOut": 390000000,
        "weightedAverageShsOutDil": 390000000,
        "link": "https://www.sec.gov/Archives/edgar/data/1451505/000145150517000028/0001451505-17-000028-index.htm",
        "finalLink": "https://www.sec.gov/Archives/edgar/data/1451505/000145150517000028/rig-20170331x10q.htm"
    },
    {
        "date": "2016-12-31",
        "symbol": "RIG",
        "reportedCurrency": "USD",
        "cik": "0001451505",
        "fillingDate": "2017-03-07",
        "acceptedDate": "2017-03-06 18:43:07",
        "calendarYear": "2016",
        "period": "Q4",
        "revenue": 974000000,
        "costOfRevenue": 344000000,
        "grossProfit": 159000000,
        "grossProfitRatio": 0.1632443532,
        "researchAndDevelopmentExpenses": 0,
        "generalAndAdministrativeExpenses": 48000000,
        "sellingAndMarketingExpenses": 0,
        "sellingGeneralAndAdministrativeExpenses": 47000000,
        "otherExpenses": -204000000,
        "operatingExpenses": -157000000,
        "costAndExpenses": 187000000,
        "interestIncome": 5000000,
        "interestExpense": 113000000,
        "depreciationAndAmortization": 226000000,
        "ebitda": 112000000,
        "ebitdaratio": 0.1149897331,
        "operatingIncome": 316000000,
        "operatingIncomeRatio": 0.3244353183,
        "totalOtherIncomeExpensesNet": -74000000,
        "incomeBeforeTax": 265000000,
        "incomeBeforeTaxRatio": 0.272073922,
        "incomeTaxExpense": 25000000,
        "netIncome": 223000000,
        "netIncomeRatio": 0.2289527721,
        "eps": 0.57,
        "epsdiluted": 0.57,
        "weightedAverageShsOut": 373000000,
        "weightedAverageShsOutDil": 390000000,
        "link": "https://www.sec.gov/Archives/edgar/data/1451505/000155837017001372/0001558370-17-001372-index.htm",
        "finalLink": "https://www.sec.gov/Archives/edgar/data/1451505/000155837017001372/rig-20161231x10k.htm"
    },
    {
        "date": "2016-09-30",
        "symbol": "RIG",
        "reportedCurrency": "USD",
        "cik": "0001451505",
        "fillingDate": "2016-11-02",
        "acceptedDate": "2016-11-02 17:23:46",
        "calendarYear": "2016",
        "period": "Q3",
        "revenue": 903000000,
        "costOfRevenue": 409000000,
        "grossProfit": 497000000,
        "grossProfitRatio": 0.5503875969,
        "researchAndDevelopmentExpenses": 0,
        "generalAndAdministrativeExpenses": 39000000,
        "sellingAndMarketingExpenses": 0,
        "sellingGeneralAndAdministrativeExpenses": 41000000,
        "otherExpenses": 227000000,
        "operatingExpenses": 268000000,
        "costAndExpenses": 677000000,
        "interestIncome": 5000000,
        "interestExpense": 109000000,
        "depreciationAndAmortization": 225000000,
        "ebitda": 456000000,
        "ebitdaratio": 0.5049833887,
        "operatingIncome": 229000000,
        "operatingIncomeRatio": 0.2535991141,
        "totalOtherIncomeExpensesNet": 13000000,
        "incomeBeforeTax": 235000000,
        "incomeBeforeTaxRatio": 0.2602436323,
        "incomeTaxExpense": -9000000,
        "netIncome": 229000000,
        "netIncomeRatio": 0.2535991141,
        "eps": 0.59,
        "epsdiluted": 0.59,
        "weightedAverageShsOut": 365000000,
        "weightedAverageShsOutDil": 365000000,
        "link": "https://www.sec.gov/Archives/edgar/data/1451505/000145150516000251/0001451505-16-000251-index.htm",
        "finalLink": "https://www.sec.gov/Archives/edgar/data/1451505/000145150516000251/rig-20160930x10q.htm"
    },
    {
        "date": "2016-06-30",
        "symbol": "RIG",
        "reportedCurrency": "USD",
        "cik": "0001451505",
        "fillingDate": "2016-08-03",
        "acceptedDate": "2016-08-03 17:24:23",
        "calendarYear": "2016",
        "period": "Q2",
        "revenue": 943000000,
        "costOfRevenue": 497000000,
        "grossProfit": 673000000,
        "grossProfitRatio": 0.7136797455,
        "researchAndDevelopmentExpenses": 0,
        "generalAndAdministrativeExpenses": 42000000,
        "sellingAndMarketingExpenses": 0,
        "sellingGeneralAndAdministrativeExpenses": 41000000,
        "otherExpenses": 469000000,
        "operatingExpenses": 510000000,
        "costAndExpenses": 1007000000,
        "interestIncome": 4000000,
        "interestExpense": 95000000,
        "depreciationAndAmortization": 225000000,
        "ebitda": 632000000,
        "ebitdaratio": 0.6702014846,
        "operatingIncome": 163000000,
        "operatingIncomeRatio": 0.1728525981,
        "totalOtherIncomeExpensesNet": -53000000,
        "incomeBeforeTax": 104000000,
        "incomeBeforeTaxRatio": 0.1102863203,
        "incomeTaxExpense": 17000000,
        "netIncome": 77000000,
        "netIncomeRatio": 0.0816542948,
        "eps": 0.22,
        "epsdiluted": 0.22,
        "weightedAverageShsOut": 365000000,
        "weightedAverageShsOutDil": 365000000,
        "link": "https://www.sec.gov/Archives/edgar/data/1451505/000145150516000226/0001451505-16-000226-index.htm",
        "finalLink": "https://www.sec.gov/Archives/edgar/data/1451505/000145150516000226/rig-20160630x10q.htm"
    },
    {
        "date": "2016-03-31",
        "symbol": "RIG",
        "reportedCurrency": "USD",
        "cik": "0001451505",
        "fillingDate": "2016-05-05",
        "acceptedDate": "2016-05-04 18:30:56",
        "calendarYear": "2016",
        "period": "Q1",
        "revenue": 1341000000,
        "costOfRevenue": 655000000,
        "grossProfit": 456000000,
        "grossProfitRatio": 0.3400447427,
        "researchAndDevelopmentExpenses": 0,
        "generalAndAdministrativeExpenses": 43000000,
        "sellingAndMarketingExpenses": 0,
        "sellingGeneralAndAdministrativeExpenses": 43000000,
        "otherExpenses": -11000000,
        "operatingExpenses": 32000000,
        "costAndExpenses": 687000000,
        "interestIncome": 6000000,
        "interestExpense": 89000000,
        "depreciationAndAmortization": 217000000,
        "ebitda": 413000000,
        "ebitdaratio": 0.3079791201,
        "operatingIncome": 424000000,
        "operatingIncomeRatio": 0.3161819538,
        "totalOtherIncomeExpensesNet": -84000000,
        "incomeBeforeTax": 330000000,
        "incomeBeforeTaxRatio": 0.2460850112,
        "incomeTaxExpense": 74000000,
        "netIncome": 249000000,
        "netIncomeRatio": 0.1856823266,
        "eps": 0.68,
        "epsdiluted": 0.68,
        "weightedAverageShsOut": 364000000,
        "weightedAverageShsOutDil": 364000000,
        "link": "https://www.sec.gov/Archives/edgar/data/1451505/000145150516000205/0001451505-16-000205-index.htm",
        "finalLink": "https://www.sec.gov/Archives/edgar/data/1451505/000145150516000205/rig-20160331x10q.htm"
    },
    {
        "date": "2015-12-31",
        "symbol": "RIG",
        "reportedCurrency": "USD",
        "cik": "0001451505",
        "fillingDate": "2016-02-25",
        "acceptedDate": "2016-02-24 20:17:03",
        "calendarYear": "2015",
        "period": "Q4",
        "revenue": 1851000000,
        "costOfRevenue": 794000000,
        "grossProfit": 624000000,
        "grossProfitRatio": 0.3371150729,
        "researchAndDevelopmentExpenses": 0,
        "generalAndAdministrativeExpenses": 58000000,
        "sellingAndMarketingExpenses": 0,
        "sellingGeneralAndAdministrativeExpenses": 57000000,
        "otherExpenses": -168000000,
        "operatingExpenses": -111000000,
        "costAndExpenses": 683000000,
        "interestIncome": 5000000,
        "interestExpense": 87000000,
        "depreciationAndAmortization": 209000000,
        "ebitda": 567000000,
        "ebitdaratio": 0.3063209076,
        "operatingIncome": 735000000,
        "operatingIncomeRatio": 0.397082658,
        "totalOtherIncomeExpensesNet": -67000000,
        "incomeBeforeTax": 683000000,
        "incomeBeforeTaxRatio": 0.3689897353,
        "incomeTaxExpense": 66000000,
        "netIncome": 611000000,
        "netIncomeRatio": 0.3300918422,
        "eps": 1.66,
        "epsdiluted": 1.66,
        "weightedAverageShsOut": 364000000,
        "weightedAverageShsOutDil": 364000000,
        "link": "https://www.sec.gov/Archives/edgar/data/1451505/000155837016003476/0001558370-16-003476-index.htm",
        "finalLink": "https://www.sec.gov/Archives/edgar/data/1451505/000155837016003476/rig-20151231x10k.htm"
    },
    {
        "date": "2015-09-30",
        "symbol": "RIG",
        "reportedCurrency": "USD",
        "cik": "0001451505",
        "fillingDate": "2015-11-04",
        "acceptedDate": "2015-11-04 17:24:06",
        "calendarYear": "2015",
        "period": "Q3",
        "revenue": 1608000000,
        "costOfRevenue": 880000000,
        "grossProfit": 728000000,
        "grossProfitRatio": 0.4527363184,
        "researchAndDevelopmentExpenses": 0,
        "generalAndAdministrativeExpenses": 45000000,
        "sellingAndMarketingExpenses": 0,
        "sellingGeneralAndAdministrativeExpenses": 45000000,
        "otherExpenses": 238000000,
        "operatingExpenses": 283000000,
        "costAndExpenses": 1163000000,
        "interestIncome": 5000000,
        "interestExpense": 109000000,
        "depreciationAndAmortization": 206000000,
        "ebitda": 683000000,
        "ebitdaratio": 0.4247512438,
        "operatingIncome": 445000000,
        "operatingIncomeRatio": 0.2767412935,
        "totalOtherIncomeExpensesNet": -101000000,
        "incomeBeforeTax": 344000000,
        "incomeBeforeTaxRatio": 0.2139303483,
        "incomeTaxExpense": 17000000,
        "netIncome": 321000000,
        "netIncomeRatio": 0.1996268657,
        "eps": 0.88,
        "epsdiluted": 0.88,
        "weightedAverageShsOut": 364000000,
        "weightedAverageShsOutDil": 364000000,
        "link": "https://www.sec.gov/Archives/edgar/data/1451505/000145150515000160/0001451505-15-000160-index.htm",
        "finalLink": "https://www.sec.gov/Archives/edgar/data/1451505/000145150515000160/form10_q3q2015.htm"
    },
    {
        "date": "2015-06-30",
        "symbol": "RIG",
        "reportedCurrency": "USD",
        "cik": "0001451505",
        "fillingDate": "2015-08-05",
        "acceptedDate": "2015-08-05 17:21:17",
        "calendarYear": "2015",
        "period": "Q2",
        "revenue": 1884000000,
        "costOfRevenue": 985000000,
        "grossProfit": 899000000,
        "grossProfitRatio": 0.4771762208,
        "researchAndDevelopmentExpenses": 0,
        "generalAndAdministrativeExpenses": 44000000,
        "sellingAndMarketingExpenses": 0,
        "sellingGeneralAndAdministrativeExpenses": 44000000,
        "otherExpenses": 349000000,
        "operatingExpenses": 393000000,
        "costAndExpenses": 1378000000,
        "interestIncome": 6000000,
        "interestExpense": 120000000,
        "depreciationAndAmortization": 246000000,
        "ebitda": 855000000,
        "ebitdaratio": 0.4538216561,
        "operatingIncome": 506000000,
        "operatingIncomeRatio": 0.2685774947,
        "totalOtherIncomeExpensesNet": -119000000,
        "incomeBeforeTax": 387000000,
        "incomeBeforeTaxRatio": 0.2054140127,
        "incomeTaxExpense": 40000000,
        "netIncome": 342000000,
        "netIncomeRatio": 0.1815286624,
        "eps": 0.93,
        "epsdiluted": 0.93,
        "weightedAverageShsOut": 363000000,
        "weightedAverageShsOutDil": 363000000,
        "link": "https://www.sec.gov/Archives/edgar/data/1451505/000145150515000116/0001451505-15-000116-index.htm",
        "finalLink": "https://www.sec.gov/Archives/edgar/data/1451505/000145150515000116/form10_q2q2015.htm"
    },
    {
        "date": "2015-03-31",
        "symbol": "RIG",
        "reportedCurrency": "USD",
        "cik": "0001451505",
        "fillingDate": "2015-05-06",
        "acceptedDate": "2015-05-06 17:04:47",
        "calendarYear": "2015",
        "period": "Q1",
        "revenue": 2043000000,
        "costOfRevenue": 1084000000,
        "grossProfit": 959000000,
        "grossProfitRatio": 0.4694077337,
        "researchAndDevelopmentExpenses": 0,
        "generalAndAdministrativeExpenses": 46000000,
        "sellingAndMarketingExpenses": 0,
        "sellingGeneralAndAdministrativeExpenses": 46000000,
        "otherExpenses": 1234000000,
        "operatingExpenses": 1280000000,
        "costAndExpenses": 2364000000,
        "interestIncome": 6000000,
        "interestExpense": 116000000,
        "depreciationAndAmortization": 287000000,
        "ebitda": 913000000,
        "ebitdaratio": 0.4468918257,
        "operatingIncome": -321000000,
        "operatingIncomeRatio": -0.1571218796,
        "totalOtherIncomeExpensesNet": -63000000,
        "incomeBeforeTax": -384000000,
        "incomeBeforeTaxRatio": -0.187958884,
        "incomeTaxExpense": 83000000,
        "netIncome": -483000000,
        "netIncomeRatio": -0.2364170338,
        "eps": -1.33,
        "epsdiluted": -1.33,
        "weightedAverageShsOut": 362121212,
        "weightedAverageShsOutDil": 363000000,
        "link": "https://www.sec.gov/Archives/edgar/data/1451505/000145150515000064/0001451505-15-000064-index.htm",
        "finalLink": "https://www.sec.gov/Archives/edgar/data/1451505/000145150515000064/form10_q1q2015.htm"
    },
    {
        "date": "2014-12-31",
        "symbol": "RIG",
        "reportedCurrency": "USD",
        "cik": "0001451505",
        "fillingDate": "2015-03-13",
        "acceptedDate": "2015-03-12 18:04:23",
        "calendarYear": "2014",
        "period": "Q4",
        "revenue": 2237000000,
        "costOfRevenue": 1329000000,
        "grossProfit": 908000000,
        "grossProfitRatio": 0.4059007599,
        "researchAndDevelopmentExpenses": 0,
        "generalAndAdministrativeExpenses": 62000000,
        "sellingAndMarketingExpenses": 0,
        "sellingGeneralAndAdministrativeExpenses": 62000000,
        "otherExpenses": 1493000000,
        "operatingExpenses": 1555000000,
        "costAndExpenses": 2884000000,
        "interestIncome": 8000000,
        "interestExpense": 123000000,
        "depreciationAndAmortization": 287000000,
        "ebitda": 843000000,
        "ebitdaratio": 0.3768439875,
        "operatingIncome": -647000000,
        "operatingIncomeRatio": -0.2892266428,
        "totalOtherIncomeExpensesNet": -105000000,
        "incomeBeforeTax": -752000000,
        "incomeBeforeTaxRatio": -0.336164506,
        "incomeTaxExpense": 10000000,
        "netIncome": -739000000,
        "netIncomeRatio": -0.3303531515,
        "eps": -2.04,
        "epsdiluted": -2.04,
        "weightedAverageShsOut": 362000000,
        "weightedAverageShsOutDil": 362000000,
        "link": "https://www.sec.gov/Archives/edgar/data/1451505/000145150515000040/0001451505-15-000040-index.htm",
        "finalLink": "https://www.sec.gov/Archives/edgar/data/1451505/000145150515000040/form10_ka2014.htm"
    },
    {
        "date": "2014-09-30",
        "symbol": "RIG",
        "reportedCurrency": "USD",
        "cik": "0001451505",
        "fillingDate": "2014-11-10",
        "acceptedDate": "2014-11-10 17:20:03",
        "calendarYear": "2014",
        "period": "Q3",
        "revenue": 2270000000,
        "costOfRevenue": 1318000000,
        "grossProfit": 952000000,
        "grossProfitRatio": 0.4193832599,
        "researchAndDevelopmentExpenses": 0,
        "generalAndAdministrativeExpenses": 52000000,
        "sellingAndMarketingExpenses": 0,
        "sellingGeneralAndAdministrativeExpenses": 52000000,
        "otherExpenses": 3068000000,
        "operatingExpenses": 3120000000,
        "costAndExpenses": 4438000000,
        "interestIncome": 6000000,
        "interestExpense": 122000000,
        "depreciationAndAmortization": 284000000,
        "ebitda": 896000000,
        "ebitdaratio": 0.3947136564,
        "operatingIncome": -2168000000,
        "operatingIncomeRatio": -0.9550660793,
        "totalOtherIncomeExpensesNet": -110000000,
        "incomeBeforeTax": -2278000000,
        "incomeBeforeTaxRatio": -1.0035242291,
        "incomeTaxExpense": -16000000,
        "netIncome": -2217000000,
        "netIncomeRatio": -0.9766519824,
        "eps": -6.12,
        "epsdiluted": -6.12,
        "weightedAverageShsOut": 362000000,
        "weightedAverageShsOutDil": 362000000,
        "link": "https://www.sec.gov/Archives/edgar/data/1451505/000145150514000151/0001451505-14-000151-index.htm",
        "finalLink": "https://www.sec.gov/Archives/edgar/data/1451505/000145150514000151/form10_q3q2014.htm"
    },
    {
        "date": "2014-06-30",
        "symbol": "RIG",
        "reportedCurrency": "USD",
        "cik": "0001451505",
        "fillingDate": "2014-08-06",
        "acceptedDate": "2014-08-06 17:24:30",
        "calendarYear": "2014",
        "period": "Q2",
        "revenue": 2328000000,
        "costOfRevenue": 1213000000,
        "grossProfit": 1115000000,
        "grossProfitRatio": 0.47895189,
        "researchAndDevelopmentExpenses": 0,
        "generalAndAdministrativeExpenses": 63000000,
        "sellingAndMarketingExpenses": 0,
        "sellingGeneralAndAdministrativeExpenses": 63000000,
        "otherExpenses": 287000000,
        "operatingExpenses": 350000000,
        "costAndExpenses": 1563000000,
        "interestIncome": 15000000,
        "interestExpense": 112000000,
        "depreciationAndAmortization": 284000000,
        "ebitda": 1048000000,
        "ebitdaratio": 0.4501718213,
        "operatingIncome": 765000000,
        "operatingIncomeRatio": 0.3286082474,
        "totalOtherIncomeExpensesNet": -89000000,
        "incomeBeforeTax": 676000000,
        "incomeBeforeTaxRatio": 0.2903780069,
        "incomeTaxExpense": 72000000,
        "netIncome": 587000000,
        "netIncomeRatio": 0.2521477663,
        "eps": 1.61,
        "epsdiluted": 1.61,
        "weightedAverageShsOut": 362000000,
        "weightedAverageShsOutDil": 362000000,
        "link": "https://www.sec.gov/Archives/edgar/data/1451505/000145150514000111/0001451505-14-000111-index.htm",
        "finalLink": "https://www.sec.gov/Archives/edgar/data/1451505/000145150514000111/form10_q2q2014.htm"
    },
    {
        "date": "2014-03-31",
        "symbol": "RIG",
        "reportedCurrency": "USD",
        "cik": "0001451505",
        "fillingDate": "2014-05-07",
        "acceptedDate": "2014-05-07 16:36:48",
        "calendarYear": "2014",
        "period": "Q1",
        "revenue": 2339000000,
        "costOfRevenue": 1269000000,
        "grossProfit": 1070000000,
        "grossProfitRatio": 0.4574604532,
        "researchAndDevelopmentExpenses": 0,
        "generalAndAdministrativeExpenses": 57000000,
        "sellingAndMarketingExpenses": 0,
        "sellingGeneralAndAdministrativeExpenses": 57000000,
        "otherExpenses": 341000000,
        "operatingExpenses": 398000000,
        "costAndExpenses": 1667000000,
        "interestIncome": 10000000,
        "interestExpense": 126000000,
        "depreciationAndAmortization": 269000000,
        "ebitda": 1009000000,
        "ebitdaratio": 0.431380932,
        "operatingIncome": 672000000,
        "operatingIncomeRatio": 0.2873022659,
        "totalOtherIncomeExpensesNet": -118000000,
        "incomeBeforeTax": 554000000,
        "incomeBeforeTaxRatio": 0.2368533561,
        "incomeTaxExpense": 80000000,
        "netIncome": 456000000,
        "netIncomeRatio": 0.194955109,
        "eps": 1.25,
        "epsdiluted": 1.25,
        "weightedAverageShsOut": 361000000,
        "weightedAverageShsOutDil": 361000000,
        "link": "https://www.sec.gov/Archives/edgar/data/1451505/000145150514000063/0001451505-14-000063-index.htm",
        "finalLink": "https://www.sec.gov/Archives/edgar/data/1451505/000145150514000063/form10_q1q2014.htm"
    },
    {
        "date": "2013-12-31",
        "symbol": "RIG",
        "reportedCurrency": "USD",
        "cik": "0001451505",
        "fillingDate": "2014-02-27",
        "acceptedDate": "2014-02-26 17:42:17",
        "calendarYear": "2013",
        "period": "Q4",
        "revenue": 2332000000,
        "costOfRevenue": 1341000000,
        "grossProfit": 911000000,
        "grossProfitRatio": 0.390651801,
        "researchAndDevelopmentExpenses": 0,
        "generalAndAdministrativeExpenses": 75000000,
        "sellingAndMarketingExpenses": 0,
        "sellingGeneralAndAdministrativeExpenses": 75000000,
        "otherExpenses": 438000000,
        "operatingExpenses": 513000000,
        "costAndExpenses": 1854000000,
        "interestIncome": 13000000,
        "interestExpense": 139000000,
        "depreciationAndAmortization": 281000000,
        "ebitda": 842000000,
        "ebitdaratio": 0.3610634648,
        "operatingIncome": 398000000,
        "operatingIncomeRatio": 0.1706689537,
        "totalOtherIncomeExpensesNet": -134000000,
        "incomeBeforeTax": 274000000,
        "incomeBeforeTaxRatio": 0.1174957118,
        "incomeTaxExpense": 46000000,
        "netIncome": 233000000,
        "netIncomeRatio": 0.0999142367,
        "eps": 0.64,
        "epsdiluted": 0.64,
        "weightedAverageShsOut": 361000000,
        "weightedAverageShsOutDil": 361000000,
        "link": "https://www.sec.gov/Archives/edgar/data/1451505/000145150514000031/0001451505-14-000031-index.htm",
        "finalLink": "https://www.sec.gov/Archives/edgar/data/1451505/000145150514000031/form10_k2013.htm"
    },
    {
        "date": "2013-09-30",
        "symbol": "RIG",
        "reportedCurrency": "USD",
        "cik": "0001451505",
        "fillingDate": "2013-11-06",
        "acceptedDate": "2013-11-06 17:06:45",
        "calendarYear": "2013",
        "period": "Q3",
        "revenue": 2558000000,
        "costOfRevenue": 1386000000,
        "grossProfit": 1063000000,
        "grossProfitRatio": 0.4155590305,
        "researchAndDevelopmentExpenses": 0,
        "generalAndAdministrativeExpenses": 67000000,
        "sellingAndMarketingExpenses": 0,
        "sellingGeneralAndAdministrativeExpenses": 67000000,
        "otherExpenses": 258000000,
        "operatingExpenses": 325000000,
        "costAndExpenses": 1711000000,
        "interestIncome": 11000000,
        "interestExpense": 142000000,
        "depreciationAndAmortization": 268000000,
        "ebitda": 991000000,
        "ebitdaratio": 0.3874120407,
        "operatingIncome": 738000000,
        "operatingIncomeRatio": 0.2885066458,
        "totalOtherIncomeExpensesNet": -135000000,
        "incomeBeforeTax": 607000000,
        "incomeBeforeTaxRatio": 0.2372947615,
        "incomeTaxExpense": 63000000,
        "netIncome": 546000000,
        "netIncomeRatio": 0.2134480063,
        "eps": 1.5,
        "epsdiluted": 1.5,
        "weightedAverageShsOut": 360000000,
        "weightedAverageShsOutDil": 361000000,
        "link": "https://www.sec.gov/Archives/edgar/data/1451505/000145150513000196/0001451505-13-000196-index.htm",
        "finalLink": "https://www.sec.gov/Archives/edgar/data/1451505/000145150513000196/form10_q3q2013.htm"
    },
    {
        "date": "2013-06-30",
        "symbol": "RIG",
        "reportedCurrency": "USD",
        "cik": "0001451505",
        "fillingDate": "2013-08-07",
        "acceptedDate": "2013-08-07 17:03:54",
        "calendarYear": "2013",
        "period": "Q2",
        "revenue": 2397000000,
        "costOfRevenue": 1357000000,
        "grossProfit": 1007000000,
        "grossProfitRatio": 0.4201084689,
        "researchAndDevelopmentExpenses": 0,
        "generalAndAdministrativeExpenses": 77000000,
        "sellingAndMarketingExpenses": 0,
        "sellingGeneralAndAdministrativeExpenses": 77000000,
        "otherExpenses": 0,
        "operatingExpenses": 418000000,
        "costAndExpenses": 1775000000,
        "interestIncome": 11000000,
        "interestExpense": 146000000,
        "depreciationAndAmortization": 279000000,
        "ebitda": 923000000,
        "ebitdaratio": 0.3850646642,
        "operatingIncome": 644000000,
        "operatingIncomeRatio": 0.2686691698,
        "totalOtherIncomeExpensesNet": -190000000,
        "incomeBeforeTax": 451000000,
        "incomeBeforeTaxRatio": 0.1881518565,
        "incomeTaxExpense": 130000000,
        "netIncome": 307000000,
        "netIncomeRatio": 0.1280767626,
        "eps": 0.84,
        "epsdiluted": 0.84,
        "weightedAverageShsOut": 360000000,
        "weightedAverageShsOutDil": 360000000,
        "link": "https://www.sec.gov/Archives/edgar/data/1451505/000145150513000168/0001451505-13-000168-index.htm",
        "finalLink": "https://www.sec.gov/Archives/edgar/data/1451505/000145150513000168/form10_q2q2013.htm"
    },
    {
        "date": "2013-03-31",
        "symbol": "RIG",
        "reportedCurrency": "USD",
        "cik": "0001451505",
        "fillingDate": "2013-05-08",
        "acceptedDate": "2013-05-08 16:50:16",
        "calendarYear": "2013",
        "period": "Q1",
        "revenue": 2197000000,
        "costOfRevenue": 1356000000,
        "grossProfit": 828000000,
        "grossProfitRatio": 0.3768775603,
        "researchAndDevelopmentExpenses": 0,
        "generalAndAdministrativeExpenses": 67000000,
        "sellingAndMarketingExpenses": 0,
        "sellingGeneralAndAdministrativeExpenses": 67000000,
        "otherExpenses": 0,
        "operatingExpenses": 350000000,
        "costAndExpenses": 1706000000,
        "interestIncome": 17000000,
        "interestExpense": 157000000,
        "depreciationAndAmortization": 266000000,
        "ebitda": 752000000,
        "ebitdaratio": 0.342284934,
        "operatingIncome": 486000000,
        "operatingIncomeRatio": 0.2212107419,
        "totalOtherIncomeExpensesNet": -148000000,
        "incomeBeforeTax": 332000000,
        "incomeBeforeTaxRatio": 0.151115157,
        "incomeTaxExpense": 19000000,
        "netIncome": 321000000,
        "netIncomeRatio": 0.1461083295,
        "eps": 0.88,
        "epsdiluted": 0.88,
        "weightedAverageShsOut": 360000000,
        "weightedAverageShsOutDil": 360000000,
        "link": "https://www.sec.gov/Archives/edgar/data/1451505/000145150513000105/0001451505-13-000105-index.htm",
        "finalLink": "https://www.sec.gov/Archives/edgar/data/1451505/000145150513000105/form10_q1q2013.htm"
    },
    {
        "date": "2012-12-31",
        "symbol": "RIG",
        "reportedCurrency": "USD",
        "cik": "0001451505",
        "fillingDate": "2013-03-01",
        "acceptedDate": "2013-03-01 16:35:41",
        "calendarYear": "2012",
        "period": "Q4",
        "revenue": 2326000000,
        "costOfRevenue": 1432000000,
        "grossProfit": 894000000,
        "grossProfitRatio": 0.3843508169,
        "researchAndDevelopmentExpenses": 0,
        "generalAndAdministrativeExpenses": 65000000,
        "sellingAndMarketingExpenses": 0,
        "sellingGeneralAndAdministrativeExpenses": 65000000,
        "otherExpenses": 0,
        "operatingExpenses": 369000000,
        "costAndExpenses": 1801000000,
        "interestIncome": 13000000,
        "interestExpense": 180000000,
        "depreciationAndAmortization": 268000000,
        "ebitda": 819000000,
        "ebitdaratio": 0.3521066208,
        "operatingIncome": 551000000,
        "operatingIncomeRatio": 0.2368873603,
        "totalOtherIncomeExpensesNet": -193000000,
        "incomeBeforeTax": 358000000,
        "incomeBeforeTaxRatio": 0.1539122958,
        "incomeTaxExpense": -74000000,
        "netIncome": 456000000,
        "netIncomeRatio": 0.196044712,
        "eps": 1.26,
        "epsdiluted": 1.26,
        "weightedAverageShsOut": 359000000,
        "weightedAverageShsOutDil": 360000000,
        "link": "https://www.sec.gov/Archives/edgar/data/1451505/000145150513000040/0001451505-13-000040-index.htm",
        "finalLink": "https://www.sec.gov/Archives/edgar/data/1451505/000145150513000040/form10_k2012.htm"
    },
    {
        "date": "2012-09-30",
        "symbol": "RIG",
        "reportedCurrency": "USD",
        "cik": "0001451505",
        "fillingDate": "2012-11-05",
        "acceptedDate": "2012-11-05 06:36:50",
        "calendarYear": "2012",
        "period": "Q3",
        "revenue": 2440000000,
        "costOfRevenue": 1321000000,
        "grossProfit": 1110000000,
        "grossProfitRatio": 0.4549180328,
        "researchAndDevelopmentExpenses": 0,
        "generalAndAdministrativeExpenses": 69000000,
        "sellingAndMarketingExpenses": 0,
        "sellingGeneralAndAdministrativeExpenses": 69000000,
        "otherExpenses": 0,
        "operatingExpenses": 307000000,
        "costAndExpenses": 1014000000,
        "interestIncome": 15000000,
        "interestExpense": 180000000,
        "depreciationAndAmortization": 271000000,
        "ebitda": 1032000000,
        "ebitdaratio": 0.4229508197,
        "operatingIncome": 761000000,
        "operatingIncomeRatio": 0.3118852459,
        "totalOtherIncomeExpensesNet": -123000000,
        "incomeBeforeTax": 630000000,
        "incomeBeforeTaxRatio": 0.2581967213,
        "incomeTaxExpense": 104000000,
        "netIncome": -381000000,
        "netIncomeRatio": -0.156147541,
        "eps": -1.06,
        "epsdiluted": -1.06,
        "weightedAverageShsOut": 359000000,
        "weightedAverageShsOutDil": 359000000,
        "link": "https://www.sec.gov/Archives/edgar/data/1451505/000145150512000105/0001451505-12-000105-index.htm",
        "finalLink": "https://www.sec.gov/Archives/edgar/data/1451505/000145150512000105/form10q_q3q2012.htm"
    },
    {
        "date": "2012-06-30",
        "symbol": "RIG",
        "reportedCurrency": "USD",
        "cik": "0001451505",
        "fillingDate": "2012-08-03",
        "acceptedDate": "2012-08-03 12:53:11",
        "calendarYear": "2012",
        "period": "Q2",
        "revenue": 2575000000,
        "costOfRevenue": 2357000000,
        "grossProfit": 218000000,
        "grossProfitRatio": 0.0846601942,
        "researchAndDevelopmentExpenses": 0,
        "generalAndAdministrativeExpenses": 79000000,
        "sellingAndMarketingExpenses": 0,
        "sellingGeneralAndAdministrativeExpenses": 79000000,
        "otherExpenses": 345000000,
        "operatingExpenses": 424000000,
        "costAndExpenses": 2781000000,
        "interestIncome": 13000000,
        "interestExpense": 183000000,
        "depreciationAndAmortization": 268000000,
        "ebitda": 133000000,
        "ebitdaratio": 0.0516504854,
        "operatingIncome": -163000000,
        "operatingIncomeRatio": -0.0633009709,
        "totalOtherIncomeExpensesNet": -176000000,
        "incomeBeforeTax": -339000000,
        "incomeBeforeTaxRatio": -0.1316504854,
        "incomeTaxExpense": -29000000,
        "netIncome": -304000000,
        "netIncomeRatio": -0.1180582524,
        "eps": -0.86,
        "epsdiluted": -0.86,
        "weightedAverageShsOut": 353000000,
        "weightedAverageShsOutDil": 353000000,
        "link": "https://www.sec.gov/Archives/edgar/data/1451505/000145150512000091/0001451505-12-000091-index.htm",
        "finalLink": "https://www.sec.gov/Archives/edgar/data/1451505/000145150512000091/form10q_q2q2012.htm"
    },
    {
        "date": "2012-03-31",
        "symbol": "RIG",
        "reportedCurrency": "USD",
        "cik": "0001451505",
        "fillingDate": "2012-05-02",
        "acceptedDate": "2012-05-02 17:29:11",
        "calendarYear": "2012",
        "period": "Q1",
        "revenue": 2331000000,
        "costOfRevenue": 1410000000,
        "grossProfit": 921000000,
        "grossProfitRatio": 0.3951093951,
        "researchAndDevelopmentExpenses": 0,
        "generalAndAdministrativeExpenses": 69000000,
        "sellingAndMarketingExpenses": 0,
        "sellingGeneralAndAdministrativeExpenses": 69000000,
        "otherExpenses": 351000000,
        "operatingExpenses": 420000000,
        "costAndExpenses": 1830000000,
        "interestIncome": 15000000,
        "interestExpense": 180000000,
        "depreciationAndAmortization": 340000000,
        "ebitda": 642000000,
        "ebitdaratio": 0.2754182754,
        "operatingIncome": 270000000,
        "operatingIncomeRatio": 0.1158301158,
        "totalOtherIncomeExpensesNet": -273000000,
        "incomeBeforeTax": 98000000,
        "incomeBeforeTaxRatio": 0.042042042,
        "incomeTaxExpense": 24000000,
        "netIncome": 42000000,
        "netIncomeRatio": 0.018018018,
        "eps": 0.03,
        "epsdiluted": 0.03,
        "weightedAverageShsOut": 350000000,
        "weightedAverageShsOutDil": 350000000,
        "link": "https://www.sec.gov/Archives/edgar/data/1451505/000145150512000044/0001451505-12-000044-index.htm",
        "finalLink": "https://www.sec.gov/Archives/edgar/data/1451505/000145150512000044/form10_q1q2012.htm"
    },
    {
        "date": "2011-12-31",
        "symbol": "RIG",
        "reportedCurrency": "USD",
        "cik": "0001451505",
        "fillingDate": "2012-03-09",
        "acceptedDate": "2012-03-09 16:40:42",
        "calendarYear": "2011",
        "period": "Q4",
        "revenue": 2422000000,
        "costOfRevenue": 2565000000,
        "grossProfit": -143000000,
        "grossProfitRatio": -0.059042114,
        "researchAndDevelopmentExpenses": 0,
        "generalAndAdministrativeExpenses": 288000000,
        "sellingAndMarketingExpenses": -200000000,
        "sellingGeneralAndAdministrativeExpenses": 88000000,
        "otherExpenses": 374000000,
        "operatingExpenses": 462000000,
        "costAndExpenses": 3027000000,
        "interestIncome": 17000000,
        "interestExpense": 178000000,
        "depreciationAndAmortization": 361000000,
        "ebitda": -5418000000,
        "ebitdaratio": -2.2369942197,
        "operatingIncome": -5807000000,
        "operatingIncomeRatio": -2.3976052849,
        "totalOtherIncomeExpensesNet": -163000000,
        "incomeBeforeTax": -5970000000,
        "incomeBeforeTaxRatio": -2.4649050372,
        "incomeTaxExpense": 132000000,
        "netIncome": -6119000000,
        "netIncomeRatio": -2.5264244426,
        "eps": -17.48,
        "epsdiluted": -17.48,
        "weightedAverageShsOut": 350000000,
        "weightedAverageShsOutDil": 350000000,
        "link": "https://www.sec.gov/Archives/edgar/data/1451505/000110465912017110/0001104659-12-017110-index.htm",
        "finalLink": "https://www.sec.gov/Archives/edgar/data/1451505/000110465912017110/a12-6925_110ka.htm"
    },
    {
        "date": "2011-09-30",
        "symbol": "RIG",
        "reportedCurrency": "USD",
        "cik": "0001451505",
        "fillingDate": "2011-11-03",
        "acceptedDate": "2011-11-02 18:11:11",
        "calendarYear": "2011",
        "period": "Q3",
        "revenue": 2242000000,
        "costOfRevenue": 1540000000,
        "grossProfit": 702000000,
        "grossProfitRatio": 0.3131132917,
        "researchAndDevelopmentExpenses": 0,
        "generalAndAdministrativeExpenses": 67000000,
        "sellingAndMarketingExpenses": 0,
        "sellingGeneralAndAdministrativeExpenses": 67000000,
        "otherExpenses": 362000000,
        "operatingExpenses": 429000000,
        "costAndExpenses": 1969000000,
        "interestIncome": 7000000,
        "interestExpense": 151000000,
        "depreciationAndAmortization": 350000000,
        "ebitda": 642000000,
        "ebitdaratio": 0.2863514719,
        "operatingIncome": 268000000,
        "operatingIncomeRatio": 0.1195361285,
        "totalOtherIncomeExpensesNet": -191000000,
        "incomeBeforeTax": 47000000,
        "incomeBeforeTaxRatio": 0.0209634255,
        "incomeTaxExpense": 100000000,
        "netIncome": -71000000,
        "netIncomeRatio": -0.0316681534,
        "eps": -0.22,
        "epsdiluted": -0.22,
        "weightedAverageShsOut": 320000000,
        "weightedAverageShsOutDil": 320000000,
        "link": "https://www.sec.gov/Archives/edgar/data/1451505/000145150511000087/0001451505-11-000087-index.htm",
        "finalLink": "https://www.sec.gov/Archives/edgar/data/1451505/000145150511000087/form10_q3q2011.htm"
    },
    {
        "date": "2011-06-30",
        "symbol": "RIG",
        "reportedCurrency": "USD",
        "cik": "0001451505",
        "fillingDate": "2011-08-03",
        "acceptedDate": "2011-08-03 17:14:20",
        "calendarYear": "2011",
        "period": "Q2",
        "revenue": 2334000000,
        "costOfRevenue": 1492000000,
        "grossProfit": 842000000,
        "grossProfitRatio": 0.3607540703,
        "researchAndDevelopmentExpenses": 0,
        "generalAndAdministrativeExpenses": 66000000,
        "sellingAndMarketingExpenses": 0,
        "sellingGeneralAndAdministrativeExpenses": 66000000,
        "otherExpenses": 359000000,
        "operatingExpenses": 425000000,
        "costAndExpenses": 1917000000,
        "interestIncome": 5000000,
        "interestExpense": 147000000,
        "depreciationAndAmortization": 349000000,
        "ebitda": 714000000,
        "ebitdaratio": 0.3059125964,
        "operatingIncome": 391000000,
        "operatingIncomeRatio": 0.1675235647,
        "totalOtherIncomeExpensesNet": -111000000,
        "incomeBeforeTax": 244000000,
        "incomeBeforeTaxRatio": 0.1045415596,
        "incomeTaxExpense": 82000000,
        "netIncome": 155000000,
        "netIncomeRatio": 0.0664095973,
        "eps": 0.39,
        "epsdiluted": 0.39,
        "weightedAverageShsOut": 320000000,
        "weightedAverageShsOutDil": 320000000,
        "link": "https://www.sec.gov/Archives/edgar/data/1451505/000145150511000072/0001451505-11-000072-index.htm",
        "finalLink": "https://www.sec.gov/Archives/edgar/data/1451505/000145150511000072/form10_q2q2011.htm"
    },
    {
        "date": "2011-03-31",
        "symbol": "RIG",
        "reportedCurrency": "USD",
        "cik": "0001451505",
        "fillingDate": "2011-05-04",
        "acceptedDate": "2011-05-04 16:45:34",
        "calendarYear": "2011",
        "period": "Q1",
        "revenue": 2144000000,
        "costOfRevenue": 1359000000,
        "grossProfit": 785000000,
        "grossProfitRatio": 0.3661380597,
        "researchAndDevelopmentExpenses": 0,
        "generalAndAdministrativeExpenses": 67000000,
        "sellingAndMarketingExpenses": 0,
        "sellingGeneralAndAdministrativeExpenses": 67000000,
        "otherExpenses": 354000000,
        "operatingExpenses": 421000000,
        "costAndExpenses": 1780000000,
        "interestIncome": 15000000,
        "interestExpense": 145000000,
        "depreciationAndAmortization": 344000000,
        "ebitda": 600000000,
        "ebitdaratio": 0.2798507463,
        "operatingIncome": 372000000,
        "operatingIncomeRatio": 0.1735074627,
        "totalOtherIncomeExpensesNet": -127000000,
        "incomeBeforeTax": 245000000,
        "incomeBeforeTaxRatio": 0.1142723881,
        "incomeTaxExpense": 81000000,
        "netIncome": 310000000,
        "netIncomeRatio": 0.1445895522,
        "eps": 0.96,
        "epsdiluted": 0.96,
        "weightedAverageShsOut": 319000000,
        "weightedAverageShsOutDil": 320000000,
        "link": "https://www.sec.gov/Archives/edgar/data/1451505/000145150511000037/0001451505-11-000037-index.htm",
        "finalLink": "https://www.sec.gov/Archives/edgar/data/1451505/000145150511000037/form10_q1q2011.htm"
    },
    {
        "date": "2010-12-31",
        "symbol": "RIG",
        "reportedCurrency": "USD",
        "cik": "0001451505",
        "fillingDate": "2011-02-28",
        "acceptedDate": "2011-02-28 12:10:27",
        "calendarYear": "2010",
        "period": "Q4",
        "revenue": 2160000000,
        "costOfRevenue": 1352000000,
        "grossProfit": 808000000,
        "grossProfitRatio": 0.3740740741,
        "researchAndDevelopmentExpenses": 0,
        "generalAndAdministrativeExpenses": 247000000,
        "sellingAndMarketingExpenses": -180000000,
        "sellingGeneralAndAdministrativeExpenses": 67000000,
        "otherExpenses": -2110000000,
        "operatingExpenses": -2043000000,
        "costAndExpenses": -691000000,
        "interestIncome": 6000000,
        "interestExpense": 152000000,
        "depreciationAndAmortization": 381000000,
        "ebitda": -283000000,
        "ebitdaratio": -0.1310185185,
        "operatingIncome": -662000000,
        "operatingIncomeRatio": -0.3064814815,
        "totalOtherIncomeExpensesNet": -186000000,
        "incomeBeforeTax": -829000000,
        "incomeBeforeTaxRatio": -0.3837962963,
        "incomeTaxExpense": -34000000,
        "netIncome": -799000000,
        "netIncomeRatio": -0.3699074074,
        "eps": -2.5,
        "epsdiluted": -2.5,
        "weightedAverageShsOut": 319000000,
        "weightedAverageShsOutDil": 319000000,
        "link": "https://www.sec.gov/Archives/edgar/data/1451505/000145150511000032/0001451505-11-000032-index.htm",
        "finalLink": "https://www.sec.gov/Archives/edgar/data/1451505/000145150511000032/form10_k2010.htm"
    },
    {
        "date": "2010-09-30",
        "symbol": "RIG",
        "reportedCurrency": "USD",
        "cik": "0001451505",
        "fillingDate": "2010-11-03",
        "acceptedDate": "2010-11-03 16:55:37",
        "calendarYear": "2010",
        "period": "Q3",
        "revenue": 2281000000,
        "costOfRevenue": 1202000000,
        "grossProfit": 1079000000,
        "grossProfitRatio": 0.4730381412,
        "researchAndDevelopmentExpenses": 0,
        "generalAndAdministrativeExpenses": 59000000,
        "sellingAndMarketingExpenses": 0,
        "sellingGeneralAndAdministrativeExpenses": 59000000,
        "otherExpenses": 388000000,
        "operatingExpenses": 447000000,
        "costAndExpenses": 1649000000,
        "interestIncome": 7000000,
        "interestExpense": 142000000,
        "depreciationAndAmortization": 365000000,
        "ebitda": 1016000000,
        "ebitdaratio": 0.445418676,
        "operatingIncome": 634000000,
        "operatingIncomeRatio": 0.2779482683,
        "totalOtherIncomeExpensesNet": -148000000,
        "incomeBeforeTax": 486000000,
        "incomeBeforeTaxRatio": 0.2130644454,
        "incomeTaxExpense": 123000000,
        "netIncome": 368000000,
        "netIncomeRatio": 0.1613327488,
        "eps": 1.15,
        "epsdiluted": 1.15,
        "weightedAverageShsOut": 319000000,
        "weightedAverageShsOutDil": 319000000,
        "link": "https://www.sec.gov/Archives/edgar/data/1451505/000145150510000083/0001451505-10-000083-index.htm",
        "finalLink": "https://www.sec.gov/Archives/edgar/data/1451505/000145150510000083/form10_q3q2010.htm"
    },
    {
        "date": "2010-06-30",
        "symbol": "RIG",
        "reportedCurrency": "USD",
        "cik": "0001451505",
        "fillingDate": "2010-08-04",
        "acceptedDate": "2010-08-04 17:32:04",
        "calendarYear": "2010",
        "period": "Q2",
        "revenue": 2505000000,
        "costOfRevenue": 1358000000,
        "grossProfit": 1147000000,
        "grossProfitRatio": 0.4578842315,
        "researchAndDevelopmentExpenses": 0,
        "generalAndAdministrativeExpenses": 58000000,
        "sellingAndMarketingExpenses": 0,
        "sellingGeneralAndAdministrativeExpenses": 58000000,
        "otherExpenses": 393000000,
        "operatingExpenses": 190000000,
        "costAndExpenses": 1548000000,
        "interestIncome": 5000000,
        "interestExpense": 141000000,
        "depreciationAndAmortization": 371000000,
        "ebitda": 1344000000,
        "ebitdaratio": 0.5365269461,
        "operatingIncome": 957000000,
        "operatingIncomeRatio": 0.3820359281,
        "totalOtherIncomeExpensesNet": -139000000,
        "incomeBeforeTax": 818000000,
        "incomeBeforeTaxRatio": 0.3265469062,
        "incomeTaxExpense": 98000000,
        "netIncome": 715000000,
        "netIncomeRatio": 0.2854291417,
        "eps": 2.23,
        "epsdiluted": 2.22,
        "weightedAverageShsOut": 319000000,
        "weightedAverageShsOutDil": 320000000,
        "link": "https://www.sec.gov/Archives/edgar/data/1451505/000145150510000069/0001451505-10-000069-index.htm",
        "finalLink": "https://www.sec.gov/Archives/edgar/data/1451505/000145150510000069/form10_q2q2010.htm"
    },
    {
        "date": "2010-03-31",
        "symbol": "RIG",
        "reportedCurrency": "USD",
        "cik": "0001451505",
        "fillingDate": "2010-05-05",
        "acceptedDate": "2010-05-05 17:12:47",
        "calendarYear": "2010",
        "period": "Q1",
        "revenue": 2602000000,
        "costOfRevenue": 1196000000,
        "grossProfit": 1406000000,
        "grossProfitRatio": 0.5403535742,
        "researchAndDevelopmentExpenses": 0,
        "generalAndAdministrativeExpenses": 63000000,
        "sellingAndMarketingExpenses": 0,
        "sellingGeneralAndAdministrativeExpenses": 63000000,
        "otherExpenses": 415000000,
        "operatingExpenses": 478000000,
        "costAndExpenses": 1674000000,
        "interestIncome": 5000000,
        "interestExpense": 132000000,
        "depreciationAndAmortization": 368000000,
        "ebitda": 1334000000,
        "ebitdaratio": 0.5126825519,
        "operatingIncome": 926000000,
        "operatingIncomeRatio": 0.3558800922,
        "totalOtherIncomeExpensesNet": -112000000,
        "incomeBeforeTax": 814000000,
        "incomeBeforeTaxRatio": 0.3128362798,
        "incomeTaxExpense": 129000000,
        "netIncome": 677000000,
        "netIncomeRatio": 0.2601844735,
        "eps": 2.1,
        "epsdiluted": 2.09,
        "weightedAverageShsOut": 321000000,
        "weightedAverageShsOutDil": 322000000,
        "link": "https://www.sec.gov/Archives/edgar/data/1451505/000145150510000035/0001451505-10-000035-index.htm",
        "finalLink": "https://www.sec.gov/Archives/edgar/data/1451505/000145150510000035/form10_q1q2010.htm"
    },
    {
        "date": "2009-12-31",
        "symbol": "RIG",
        "reportedCurrency": "USD",
        "cik": "0001451505",
        "fillingDate": "2010-02-24",
        "acceptedDate": "2010-02-24 16:37:48",
        "calendarYear": "2009",
        "period": "Q4",
        "revenue": 2733000000,
        "costOfRevenue": 1296000000,
        "grossProfit": 1437000000,
        "grossProfitRatio": 0.5257958288,
        "researchAndDevelopmentExpenses": 0,
        "generalAndAdministrativeExpenses": 209000000,
        "sellingAndMarketingExpenses": -163000000,
        "sellingGeneralAndAdministrativeExpenses": 46000000,
        "otherExpenses": 370000000,
        "operatingExpenses": 416000000,
        "costAndExpenses": 1712000000,
        "interestIncome": 3000000,
        "interestExpense": 119000000,
        "depreciationAndAmortization": 338000000,
        "ebitda": 1399000000,
        "ebitdaratio": 0.5118916941,
        "operatingIncome": 1003000000,
        "operatingIncomeRatio": 0.3669959751,
        "totalOtherIncomeExpensesNet": -105000000,
        "incomeBeforeTax": 898000000,
        "incomeBeforeTaxRatio": 0.3285766557,
        "incomeTaxExpense": 181000000,
        "netIncome": 723000000,
        "netIncomeRatio": 0.2645444566,
        "eps": 2.25,
        "epsdiluted": 2.25,
        "weightedAverageShsOut": 320000000,
        "weightedAverageShsOutDil": 321000000,
        "link": "https://www.sec.gov/Archives/edgar/data/1451505/000145150510000023/0001451505-10-000023-index.htm",
        "finalLink": "https://www.sec.gov/Archives/edgar/data/1451505/000145150510000023/form10-k2009.htm"
    },
    {
        "date": "2009-09-30",
        "symbol": "RIG",
        "reportedCurrency": "USD",
        "cik": "0001451505",
        "fillingDate": "2009-11-04",
        "acceptedDate": "2009-11-04 11:09:29",
        "calendarYear": "2009",
        "period": "Q3",
        "revenue": 2823000000,
        "costOfRevenue": 1396000000,
        "grossProfit": 1427000000,
        "grossProfitRatio": 0.5054906128,
        "researchAndDevelopmentExpenses": 0,
        "generalAndAdministrativeExpenses": 54000000,
        "sellingAndMarketingExpenses": 0,
        "sellingGeneralAndAdministrativeExpenses": 54000000,
        "otherExpenses": 370000000,
        "operatingExpenses": 424000000,
        "costAndExpenses": 1820000000,
        "interestIncome": 0,
        "interestExpense": 115000000,
        "depreciationAndAmortization": 309000000,
        "ebitda": 1326000000,
        "ebitdaratio": 0.4697130712,
        "operatingIncome": 957000000,
        "operatingIncomeRatio": 0.3390010627,
        "totalOtherIncomeExpensesNet": -113000000,
        "incomeBeforeTax": 844000000,
        "incomeBeforeTaxRatio": 0.2989727241,
        "incomeTaxExpense": 138000000,
        "netIncome": 710000000,
        "netIncomeRatio": 0.2515054906,
        "eps": 2.2,
        "epsdiluted": 2.19,
        "weightedAverageShsOut": 321000000,
        "weightedAverageShsOutDil": 322000000,
        "link": "https://www.sec.gov/Archives/edgar/data/1451505/000145150509000095/0001451505-09-000095-index.htm",
        "finalLink": "https://www.sec.gov/Archives/edgar/data/1451505/000145150509000095/form10_q3q2009.htm"
    },
    {
        "date": "2009-06-30",
        "symbol": "RIG",
        "reportedCurrency": "USD",
        "cik": "0001451505",
        "fillingDate": "2009-08-14",
        "acceptedDate": "2009-08-14 17:25:21",
        "calendarYear": "2009",
        "period": "Q2",
        "revenue": 2882000000,
        "costOfRevenue": 1277000000,
        "grossProfit": 1605000000,
        "grossProfitRatio": 0.5569049271,
        "researchAndDevelopmentExpenses": 0,
        "generalAndAdministrativeExpenses": 53000000,
        "sellingAndMarketingExpenses": 0,
        "sellingGeneralAndAdministrativeExpenses": 53000000,
        "otherExpenses": 364000000,
        "operatingExpenses": 417000000,
        "costAndExpenses": 1694000000,
        "interestIncome": 1000000,
        "interestExpense": 114000000,
        "depreciationAndAmortization": 285000000,
        "ebitda": 1466000000,
        "ebitdaratio": 0.5086745316,
        "operatingIncome": 1121000000,
        "operatingIncomeRatio": 0.3889659958,
        "totalOtherIncomeExpensesNet": -129000000,
        "incomeBeforeTax": 992000000,
        "incomeBeforeTaxRatio": 0.3442054129,
        "incomeTaxExpense": 184000000,
        "netIncome": 806000000,
        "netIncomeRatio": 0.279666898,
        "eps": 2.5,
        "epsdiluted": 2.49,
        "weightedAverageShsOut": 320000000,
        "weightedAverageShsOutDil": 321000000,
        "link": "https://www.sec.gov/Archives/edgar/data/1451505/000145150509000083/0001451505-09-000083-index.htm",
        "finalLink": "https://www.sec.gov/Archives/edgar/data/1451505/000145150509000083/form10-qa2009q2.htm"
    },
    {
        "date": "2009-03-31",
        "symbol": "RIG",
        "reportedCurrency": "USD",
        "cik": "0001451505",
        "fillingDate": "2009-05-06",
        "acceptedDate": "2009-05-06 11:16:23",
        "calendarYear": "2009",
        "period": "Q1",
        "revenue": 3118000000,
        "costOfRevenue": 1171000000,
        "grossProfit": 1947000000,
        "grossProfitRatio": 0.6244387428,
        "researchAndDevelopmentExpenses": 0,
        "generalAndAdministrativeExpenses": 56000000,
        "sellingAndMarketingExpenses": 0,
        "sellingGeneralAndAdministrativeExpenses": 56000000,
        "otherExpenses": 351000000,
        "operatingExpenses": 407000000,
        "costAndExpenses": 1578000000,
        "interestIncome": 1000000,
        "interestExpense": 136000000,
        "depreciationAndAmortization": 251000000,
        "ebitda": 1681000000,
        "ebitdaratio": 0.5391276459,
        "operatingIncome": 1319000000,
        "operatingIncomeRatio": 0.4230275818,
        "totalOtherIncomeExpensesNet": -129000000,
        "incomeBeforeTax": 1190000000,
        "incomeBeforeTaxRatio": 0.381654907,
        "incomeTaxExpense": 251000000,
        "netIncome": 942000000,
        "netIncomeRatio": 0.3021167415,
        "eps": 2.94,
        "epsdiluted": 2.93,
        "weightedAverageShsOut": 319000000,
        "weightedAverageShsOutDil": 320000000,
        "link": "https://www.sec.gov/Archives/edgar/data/1451505/000145150509000027/0001451505-09-000027-index.htm",
        "finalLink": "https://www.sec.gov/Archives/edgar/data/1451505/000145150509000027/form10q-1q2009.htm"
    },
    {
        "date": "2008-12-31",
        "symbol": "RIG",
        "reportedCurrency": "USD",
        "cik": "0001451505",
        "fillingDate": "2009-02-26",
        "acceptedDate": "2009-02-26 11:56:59",
        "calendarYear": "2008",
        "period": "Q4",
        "revenue": 3270000000,
        "costOfRevenue": 1408000000,
        "grossProfit": 1862000000,
        "grossProfitRatio": 0.5694189602,
        "researchAndDevelopmentExpenses": 0,
        "generalAndAdministrativeExpenses": 199000000,
        "sellingAndMarketingExpenses": -140000000,
        "sellingGeneralAndAdministrativeExpenses": 59000000,
        "otherExpenses": 719000000,
        "operatingExpenses": 778000000,
        "costAndExpenses": 2186000000,
        "interestIncome": 0,
        "interestExpense": 0,
        "depreciationAndAmortization": 263000000,
        "ebitda": 1480000000,
        "ebitdaratio": 0.4525993884,
        "operatingIncome": 1084000000,
        "operatingIncomeRatio": 0.3314984709,
        "totalOtherIncomeExpensesNet": -73000000,
        "incomeBeforeTax": 1011000000,
        "incomeBeforeTaxRatio": 0.3091743119,
        "incomeTaxExpense": 210000000,
        "netIncome": 800000000,
        "netIncomeRatio": 0.244648318,
        "eps": 2.51,
        "epsdiluted": 2.51,
        "weightedAverageShsOut": 318000000,
        "weightedAverageShsOutDil": 319000000,
        "link": "https://www.sec.gov/Archives/edgar/data/1451505/000145150509000022/0001451505-09-000022-index.htm",
        "finalLink": "https://www.sec.gov/Archives/edgar/data/1451505/000145150509000022/form10-k2008.htm"
    },
    {
        "date": "2008-09-30",
        "symbol": "RIG",
        "reportedCurrency": "USD",
        "cik": "0001451505",
        "fillingDate": "2008-09-30",
        "acceptedDate": "2008-09-29 20:00:00",
        "calendarYear": "2008",
        "period": "Q3",
        "revenue": 3192000000,
        "costOfRevenue": 1426000000,
        "grossProfit": 1766000000,
        "grossProfitRatio": 0.5532581454,
        "researchAndDevelopmentExpenses": 0,
        "generalAndAdministrativeExpenses": 0,
        "sellingAndMarketingExpenses": 0,
        "sellingGeneralAndAdministrativeExpenses": 46000000,
        "otherExpenses": 337000000,
        "operatingExpenses": 383000000,
        "costAndExpenses": 1809000000,
        "interestIncome": 0,
        "interestExpense": 0,
        "depreciationAndAmortization": 193000000,
        "ebitda": 1719000000,
        "ebitdaratio": 0.5385338346,
        "operatingIncome": 1383000000,
        "operatingIncomeRatio": 0.4332706767,
        "totalOtherIncomeExpensesNet": -105000000,
        "incomeBeforeTax": 1278000000,
        "incomeBeforeTaxRatio": 0.4003759398,
        "incomeTaxExpense": 175000000,
        "netIncome": 1106000000,
        "netIncomeRatio": 0.3464912281,
        "eps": 3.47,
        "epsdiluted": 3.44,
        "weightedAverageShsOut": 319000000,
        "weightedAverageShsOutDil": 321000000,
        "link": "",
        "finalLink": ""
    },
    {
        "date": "2008-06-30",
        "symbol": "RIG",
        "reportedCurrency": "USD",
        "cik": "0001451505",
        "fillingDate": "2008-06-30",
        "acceptedDate": "2008-06-29 20:00:00",
        "calendarYear": "2008",
        "period": "Q2",
        "revenue": 3102000000,
        "costOfRevenue": 1364000000,
        "grossProfit": 1738000000,
        "grossProfitRatio": 0.5602836879,
        "researchAndDevelopmentExpenses": 0,
        "generalAndAdministrativeExpenses": 0,
        "sellingAndMarketingExpenses": 0,
        "sellingGeneralAndAdministrativeExpenses": 45000000,
        "otherExpenses": 343000000,
        "operatingExpenses": 388000000,
        "costAndExpenses": 1752000000,
        "interestIncome": 0,
        "interestExpense": 0,
        "depreciationAndAmortization": 147000000,
        "ebitda": 1687000000,
        "ebitdaratio": 0.5438426821,
        "operatingIncome": 1350000000,
        "operatingIncomeRatio": 0.4352030948,
        "totalOtherIncomeExpensesNet": -104000000,
        "incomeBeforeTax": 1246000000,
        "incomeBeforeTaxRatio": 0.4016763378,
        "incomeTaxExpense": 140000000,
        "netIncome": 1107000000,
        "netIncomeRatio": 0.3568665377,
        "eps": 3.48,
        "epsdiluted": 3.45,
        "weightedAverageShsOut": 318000000,
        "weightedAverageShsOutDil": 321000000,
        "link": "",
        "finalLink": ""
    },
    {
        "date": "2008-03-31",
        "symbol": "RIG",
        "reportedCurrency": "USD",
        "cik": "0001451505",
        "fillingDate": "2008-03-31",
        "acceptedDate": "2008-03-30 20:00:00",
        "calendarYear": "2008",
        "period": "Q1",
        "revenue": 3110000000,
        "costOfRevenue": 1157000000,
        "grossProfit": 1953000000,
        "grossProfitRatio": 0.6279742765,
        "researchAndDevelopmentExpenses": 0,
        "generalAndAdministrativeExpenses": 0,
        "sellingAndMarketingExpenses": 0,
        "sellingGeneralAndAdministrativeExpenses": 49000000,
        "otherExpenses": 364000000,
        "operatingExpenses": 413000000,
        "costAndExpenses": 1570000000,
        "interestIncome": 13000000,
        "interestExpense": 177000000,
        "depreciationAndAmortization": 143000000,
        "ebitda": 1912000000,
        "ebitdaratio": 0.6147909968,
        "operatingIncome": 1540000000,
        "operatingIncomeRatio": 0.4951768489,
        "totalOtherIncomeExpensesNet": -172000000,
        "incomeBeforeTax": 1408000000,
        "incomeBeforeTaxRatio": 0.452733119,
        "incomeTaxExpense": 218000000,
        "netIncome": 1189000000,
        "netIncomeRatio": 0.3823151125,
        "eps": 3.62,
        "epsdiluted": 3.58,
        "weightedAverageShsOut": 317000000,
        "weightedAverageShsOutDil": 321000000,
        "link": "",
        "finalLink": ""
    },
    {
        "date": "2007-12-31",
        "symbol": "RIG",
        "reportedCurrency": "USD",
        "cik": "0001451505",
        "fillingDate": "2007-12-31",
        "acceptedDate": "2007-12-30 19:00:00",
        "calendarYear": "2007",
        "period": "Q4",
        "revenue": 2077000000,
        "costOfRevenue": 923000000,
        "grossProfit": 1154000000,
        "grossProfitRatio": 0.5556090515,
        "researchAndDevelopmentExpenses": 0,
        "generalAndAdministrativeExpenses": 0,
        "sellingAndMarketingExpenses": 0,
        "sellingGeneralAndAdministrativeExpenses": 60000000,
        "otherExpenses": -59000000,
        "operatingExpenses": 1000000,
        "costAndExpenses": 924000000,
        "interestIncome": 0,
        "interestExpense": 0,
        "depreciationAndAmortization": 107000000,
        "ebitda": 1348000000,
        "ebitdaratio": 0.6490129995,
        "operatingIncome": 1153000000,
        "operatingIncomeRatio": 0.5551275879,
        "totalOtherIncomeExpensesNet": -74000000,
        "incomeBeforeTax": 1079000000,
        "incomeBeforeTaxRatio": 0.5194992778,
        "incomeTaxExpense": 23000000,
        "netIncome": 1056000000,
        "netIncomeRatio": 0.5084256139,
        "eps": 3.64,
        "epsdiluted": 3.64,
        "weightedAverageShsOut": 290000000,
        "weightedAverageShsOutDil": 290000000,
        "link": "",
        "finalLink": ""
    },
    {
        "date": "2007-09-30",
        "symbol": "RIG",
        "reportedCurrency": "USD",
        "cik": "0001451505",
        "fillingDate": "2007-09-30",
        "acceptedDate": "2007-09-29 20:00:00",
        "calendarYear": "2007",
        "period": "Q3",
        "revenue": 1538000000,
        "costOfRevenue": 663000000,
        "grossProfit": 875000000,
        "grossProfitRatio": 0.5689206762,
        "researchAndDevelopmentExpenses": 0,
        "generalAndAdministrativeExpenses": 0,
        "sellingAndMarketingExpenses": 0,
        "sellingGeneralAndAdministrativeExpenses": 27000000,
        "otherExpenses": 95000000,
        "operatingExpenses": 122000000,
        "costAndExpenses": 785000000,
        "interestIncome": 0,
        "interestExpense": 0,
        "depreciationAndAmortization": 103000000,
        "ebitda": 856000000,
        "ebitdaratio": 0.5565669701,
        "operatingIncome": 753000000,
        "operatingIncomeRatio": 0.4895968791,
        "totalOtherIncomeExpensesNet": 271000000,
        "incomeBeforeTax": 1024000000,
        "incomeBeforeTaxRatio": 0.6657997399,
        "incomeTaxExpense": 52000000,
        "netIncome": 973000000,
        "netIncomeRatio": 0.6326397919,
        "eps": 3.36,
        "epsdiluted": 3.24,
        "weightedAverageShsOut": 290000000,
        "weightedAverageShsOutDil": 300000000,
        "link": "",
        "finalLink": ""
    },
    {
        "date": "2007-06-30",
        "symbol": "RIG",
        "reportedCurrency": "USD",
        "cik": "0001451505",
        "fillingDate": "2007-06-30",
        "acceptedDate": "2007-06-29 20:00:00",
        "calendarYear": "2007",
        "period": "Q2",
        "revenue": 1434000000,
        "costOfRevenue": 627000000,
        "grossProfit": 807000000,
        "grossProfitRatio": 0.5627615063,
        "researchAndDevelopmentExpenses": 0,
        "generalAndAdministrativeExpenses": 0,
        "sellingAndMarketingExpenses": 0,
        "sellingGeneralAndAdministrativeExpenses": 29000000,
        "otherExpenses": 102000000,
        "operatingExpenses": 131000000,
        "costAndExpenses": 758000000,
        "interestIncome": 0,
        "interestExpense": 0,
        "depreciationAndAmortization": 101000000,
        "ebitda": 777000000,
        "ebitdaratio": 0.5418410042,
        "operatingIncome": 676000000,
        "operatingIncomeRatio": 0.4714086471,
        "totalOtherIncomeExpensesNet": -33000000,
        "incomeBeforeTax": 643000000,
        "incomeBeforeTaxRatio": 0.4483960948,
        "incomeTaxExpense": 93000000,
        "netIncome": 549000000,
        "netIncomeRatio": 0.3828451883,
        "eps": 1.91,
        "epsdiluted": 1.84,
        "weightedAverageShsOut": 288000000,
        "weightedAverageShsOutDil": 300000000,
        "link": "",
        "finalLink": ""
    },
    {
        "date": "2007-03-31",
        "symbol": "RIG",
        "reportedCurrency": "USD",
        "cik": "0001451505",
        "fillingDate": "2007-03-31",
        "acceptedDate": "2007-03-30 20:00:00",
        "calendarYear": "2007",
        "period": "Q1",
        "revenue": 1328000000,
        "costOfRevenue": 568000000,
        "grossProfit": 760000000,
        "grossProfitRatio": 0.5722891566,
        "researchAndDevelopmentExpenses": 0,
        "generalAndAdministrativeExpenses": 0,
        "sellingAndMarketingExpenses": 0,
        "sellingGeneralAndAdministrativeExpenses": 26000000,
        "otherExpenses": 77000000,
        "operatingExpenses": 103000000,
        "costAndExpenses": 671000000,
        "interestIncome": 0,
        "interestExpense": 0,
        "depreciationAndAmortization": 100000000,
        "ebitda": 757000000,
        "ebitdaratio": 0.5700301205,
        "operatingIncome": 657000000,
        "operatingIncomeRatio": 0.4947289157,
        "totalOtherIncomeExpensesNet": -19000000,
        "incomeBeforeTax": 638000000,
        "incomeBeforeTaxRatio": 0.4804216867,
        "incomeTaxExpense": 85000000,
        "netIncome": 553000000,
        "netIncomeRatio": 0.4164156627,
        "eps": 2.72,
        "epsdiluted": 2.62,
        "weightedAverageShsOut": 203000000,
        "weightedAverageShsOutDil": 212000000,
        "link": "",
        "finalLink": ""
    },
    {
        "date": "2006-12-31",
        "symbol": "RIG",
        "reportedCurrency": "USD",
        "cik": "0001451505",
        "fillingDate": "2006-12-31",
        "acceptedDate": "2006-12-30 19:00:00",
        "calendarYear": "2006",
        "period": "Q4",
        "revenue": 1185700000,
        "costOfRevenue": 569800000,
        "grossProfit": 615900000,
        "grossProfitRatio": 0.5194399933,
        "researchAndDevelopmentExpenses": 0,
        "generalAndAdministrativeExpenses": 0,
        "sellingAndMarketingExpenses": 0,
        "sellingGeneralAndAdministrativeExpenses": 22700000,
        "otherExpenses": -84500000,
        "operatingExpenses": -61800000,
        "costAndExpenses": 508000000,
        "interestIncome": 0,
        "interestExpense": 0,
        "depreciationAndAmortization": 98900000,
        "ebitda": 776600000,
        "ebitdaratio": 0.6549717466,
        "operatingIncome": 677700000,
        "operatingIncomeRatio": 0.5715611031,
        "totalOtherIncomeExpensesNet": 15000000,
        "incomeBeforeTax": 692700000,
        "incomeBeforeTaxRatio": 0.584211858,
        "incomeTaxExpense": 71900000,
        "netIncome": 620800000,
        "netIncomeRatio": 0.5235725732,
        "eps": 1.99,
        "epsdiluted": 1.99,
        "weightedAverageShsOut": 312000000,
        "weightedAverageShsOutDil": 312000000,
        "link": "",
        "finalLink": ""
    },
    {
        "date": "2006-09-30",
        "symbol": "RIG",
        "reportedCurrency": "USD",
        "cik": "0001451505",
        "fillingDate": "2006-09-30",
        "acceptedDate": "2006-09-29 20:00:00",
        "calendarYear": "2006",
        "period": "Q3",
        "revenue": 1025700000,
        "costOfRevenue": 560900000,
        "grossProfit": 464800000,
        "grossProfitRatio": 0.4531539436,
        "researchAndDevelopmentExpenses": 0,
        "generalAndAdministrativeExpenses": 0,
        "sellingAndMarketingExpenses": 0,
        "sellingGeneralAndAdministrativeExpenses": 22500000,
        "otherExpenses": 51600000,
        "operatingExpenses": 74100000,
        "costAndExpenses": 635000000,
        "interestIncome": 0,
        "interestExpense": 0,
        "depreciationAndAmortization": 99100000,
        "ebitda": 489000000,
        "ebitdaratio": 0.476747587,
        "operatingIncome": 390700000,
        "operatingIncomeRatio": 0.3809105976,
        "totalOtherIncomeExpensesNet": -17000000,
        "incomeBeforeTax": 372800000,
        "incomeBeforeTaxRatio": 0.3634591011,
        "incomeTaxExpense": 63800000,
        "netIncome": 309000000,
        "netIncomeRatio": 0.3012576777,
        "eps": 0.99,
        "epsdiluted": 0.96,
        "weightedAverageShsOut": 312000000,
        "weightedAverageShsOutDil": 323000000,
        "link": "",
        "finalLink": ""
    },
    {
        "date": "2006-06-30",
        "symbol": "RIG",
        "reportedCurrency": "USD",
        "cik": "0001451505",
        "fillingDate": "2006-06-30",
        "acceptedDate": "2006-06-29 20:00:00",
        "calendarYear": "2006",
        "period": "Q2",
        "revenue": 853300000,
        "costOfRevenue": 549300000,
        "grossProfit": 304000000,
        "grossProfitRatio": 0.3562639166,
        "researchAndDevelopmentExpenses": 0,
        "generalAndAdministrativeExpenses": 0,
        "sellingAndMarketingExpenses": 0,
        "sellingGeneralAndAdministrativeExpenses": 24600000,
        "otherExpenses": -8600000,
        "operatingExpenses": 16000000,
        "costAndExpenses": 565300000,
        "interestIncome": 0,
        "interestExpense": 0,
        "depreciationAndAmortization": 101700000,
        "ebitda": 391000000,
        "ebitdaratio": 0.4582210243,
        "operatingIncome": 288000000,
        "operatingIncomeRatio": 0.3375131841,
        "totalOtherIncomeExpensesNet": -14000000,
        "incomeBeforeTax": 275400000,
        "incomeBeforeTaxRatio": 0.3227469823,
        "incomeTaxExpense": 25900000,
        "netIncome": 249500000,
        "netIncomeRatio": 0.2923942341,
        "eps": 0.77,
        "epsdiluted": 0.75,
        "weightedAverageShsOut": 324000000,
        "weightedAverageShsOutDil": 336000000,
        "link": "",
        "finalLink": ""
    },
    {
        "date": "2006-03-31",
        "symbol": "RIG",
        "reportedCurrency": "USD",
        "cik": "0001451505",
        "fillingDate": "2006-03-31",
        "acceptedDate": "2006-03-30 19:00:00",
        "calendarYear": "2006",
        "period": "Q1",
        "revenue": 817300000,
        "costOfRevenue": 475000000,
        "grossProfit": 342300000,
        "grossProfitRatio": 0.4188180595,
        "researchAndDevelopmentExpenses": 0,
        "generalAndAdministrativeExpenses": 0,
        "sellingAndMarketingExpenses": 0,
        "sellingGeneralAndAdministrativeExpenses": 20200000,
        "otherExpenses": 37500000,
        "operatingExpenses": 57700000,
        "costAndExpenses": 532700000,
        "interestIncome": 0,
        "interestExpense": 0,
        "depreciationAndAmortization": 101300000,
        "ebitda": 386000000,
        "ebitdaratio": 0.472286798,
        "operatingIncome": 284600000,
        "operatingIncomeRatio": 0.348219748,
        "totalOtherIncomeExpensesNet": -18000000,
        "incomeBeforeTax": 266100000,
        "incomeBeforeTaxRatio": 0.3255842408,
        "incomeTaxExpense": 60400000,
        "netIncome": 205700000,
        "netIncomeRatio": 0.2516823688,
        "eps": 0.63,
        "epsdiluted": 0.61,
        "weightedAverageShsOut": 325000000,
        "weightedAverageShsOutDil": 337000000,
        "link": "",
        "finalLink": ""
    },
    {
        "date": "2005-12-31",
        "symbol": "RIG",
        "reportedCurrency": "USD",
        "cik": "0001451505",
        "fillingDate": "2005-12-31",
        "acceptedDate": "2005-12-30 19:00:00",
        "calendarYear": "2005",
        "period": "Q4",
        "revenue": 771200000,
        "costOfRevenue": 453300000,
        "grossProfit": 317900000,
        "grossProfitRatio": 0.4122147303,
        "researchAndDevelopmentExpenses": 0,
        "generalAndAdministrativeExpenses": 0,
        "sellingAndMarketingExpenses": 0,
        "sellingGeneralAndAdministrativeExpenses": 19300000,
        "otherExpenses": 110700000,
        "operatingExpenses": 130000000,
        "costAndExpenses": 583300000,
        "interestIncome": 0,
        "interestExpense": 0,
        "depreciationAndAmortization": 101500000,
        "ebitda": 289700000,
        "ebitdaratio": 0.3756483402,
        "operatingIncome": 187900000,
        "operatingIncomeRatio": 0.2436462656,
        "totalOtherIncomeExpensesNet": -15300000,
        "incomeBeforeTax": 172600000,
        "incomeBeforeTaxRatio": 0.2238070539,
        "incomeTaxExpense": 21000000,
        "netIncome": 151600000,
        "netIncomeRatio": 0.1965767635,
        "eps": 0.46,
        "epsdiluted": 0.46,
        "weightedAverageShsOut": 324750166,
        "weightedAverageShsOutDil": 328900000,
        "link": "",
        "finalLink": ""
    },
    {
        "date": "2005-09-30",
        "symbol": "RIG",
        "reportedCurrency": "USD",
        "cik": "0001451505",
        "fillingDate": "2005-09-30",
        "acceptedDate": "2005-09-29 20:00:00",
        "calendarYear": "2005",
        "period": "Q3",
        "revenue": 762600000,
        "costOfRevenue": 439800000,
        "grossProfit": 322800000,
        "grossProfitRatio": 0.423288749,
        "researchAndDevelopmentExpenses": 0,
        "generalAndAdministrativeExpenses": 0,
        "sellingAndMarketingExpenses": 0,
        "sellingGeneralAndAdministrativeExpenses": 19400000,
        "otherExpenses": 99900000,
        "operatingExpenses": 119300000,
        "costAndExpenses": 559100000,
        "interestIncome": 0,
        "interestExpense": 0,
        "depreciationAndAmortization": 101300000,
        "ebitda": 305600000,
        "ebitdaratio": 0.4007343299,
        "operatingIncome": 203500000,
        "operatingIncomeRatio": 0.2668502491,
        "totalOtherIncomeExpensesNet": -8400000,
        "incomeBeforeTax": 195100000,
        "incomeBeforeTaxRatio": 0.2558353003,
        "incomeTaxExpense": 24700000,
        "netIncome": 170400000,
        "netIncomeRatio": 0.2234461054,
        "eps": 0.52,
        "epsdiluted": 0.5,
        "weightedAverageShsOut": 328900000,
        "weightedAverageShsOutDil": 340800000,
        "link": "",
        "finalLink": ""
    },
    {
        "date": "2005-06-30",
        "symbol": "RIG",
        "reportedCurrency": "USD",
        "cik": "0001451505",
        "fillingDate": "2005-06-30",
        "acceptedDate": "2005-06-29 20:00:00",
        "calendarYear": "2005",
        "period": "Q2",
        "revenue": 727400000,
        "costOfRevenue": 438900000,
        "grossProfit": 288500000,
        "grossProfitRatio": 0.3966180918,
        "researchAndDevelopmentExpenses": 0,
        "generalAndAdministrativeExpenses": 0,
        "sellingAndMarketingExpenses": 0,
        "sellingGeneralAndAdministrativeExpenses": 18000000,
        "otherExpenses": 85700000,
        "operatingExpenses": 103700000,
        "costAndExpenses": 542600000,
        "interestIncome": 0,
        "interestExpense": 0,
        "depreciationAndAmortization": 98900000,
        "ebitda": 286000000,
        "ebitdaratio": 0.3931811933,
        "operatingIncome": 184800000,
        "operatingIncomeRatio": 0.2540555403,
        "totalOtherIncomeExpensesNet": 140400000,
        "incomeBeforeTax": 325200000,
        "incomeBeforeTaxRatio": 0.4470717624,
        "incomeTaxExpense": 23600000,
        "netIncome": 301800000,
        "netIncomeRatio": 0.4149023921,
        "eps": 0.93,
        "epsdiluted": 0.9,
        "weightedAverageShsOut": 326100000,
        "weightedAverageShsOutDil": 338000000,
        "link": "",
        "finalLink": ""
    },
    {
        "date": "2005-03-31",
        "symbol": "RIG",
        "reportedCurrency": "USD",
        "cik": "0001451505",
        "fillingDate": "2005-03-31",
        "acceptedDate": "2005-03-30 19:00:00",
        "calendarYear": "2005",
        "period": "Q1",
        "revenue": 630500000,
        "costOfRevenue": 388600000,
        "grossProfit": 241900000,
        "grossProfitRatio": 0.3836637589,
        "researchAndDevelopmentExpenses": 0,
        "generalAndAdministrativeExpenses": 0,
        "sellingAndMarketingExpenses": 0,
        "sellingGeneralAndAdministrativeExpenses": 18100000,
        "otherExpenses": 80500000,
        "operatingExpenses": 98600000,
        "costAndExpenses": 487200000,
        "interestIncome": 0,
        "interestExpense": 0,
        "depreciationAndAmortization": 97500000,
        "ebitda": 244000000,
        "ebitdaratio": 0.3869944489,
        "operatingIncome": 143300000,
        "operatingIncomeRatio": 0.2272799366,
        "totalOtherIncomeExpensesNet": -33800000,
        "incomeBeforeTax": 109500000,
        "incomeBeforeTaxRatio": 0.1736716891,
        "incomeTaxExpense": 17500000,
        "netIncome": 91800000,
        "netIncomeRatio": 0.1455987312,
        "eps": 0.28,
        "epsdiluted": 0.28,
        "weightedAverageShsOut": 323600000,
        "weightedAverageShsOutDil": 331000000,
        "link": "",
        "finalLink": ""
    },
    {
        "date": "2004-12-31",
        "symbol": "RIG",
        "reportedCurrency": "USD",
        "cik": "0001451505",
        "fillingDate": "2004-12-31",
        "acceptedDate": "2004-12-30 19:00:00",
        "calendarYear": "2004",
        "period": "Q4",
        "revenue": 676900000,
        "costOfRevenue": 474800000,
        "grossProfit": 202100000,
        "grossProfitRatio": 0.2985669966,
        "researchAndDevelopmentExpenses": 0,
        "generalAndAdministrativeExpenses": 0,
        "sellingAndMarketingExpenses": 0,
        "sellingGeneralAndAdministrativeExpenses": 22700000,
        "otherExpenses": 292000000,
        "operatingExpenses": 314700000,
        "costAndExpenses": 789500000,
        "interestIncome": 0,
        "interestExpense": 0,
        "depreciationAndAmortization": 122600000,
        "ebitda": 13600000,
        "ebitdaratio": 0.020091594,
        "operatingIncome": -112600000,
        "operatingIncomeRatio": -0.16634658,
        "totalOtherIncomeExpensesNet": 58500000,
        "incomeBeforeTax": -54100000,
        "incomeBeforeTaxRatio": -0.0799231792,
        "incomeTaxExpense": 17100000,
        "netIncome": -73400000,
        "netIncomeRatio": -0.1084355148,
        "eps": -0.23,
        "epsdiluted": -0.23,
        "weightedAverageShsOut": 320700000,
        "weightedAverageShsOutDil": 320900000,
        "link": "",
        "finalLink": ""
    },
    {
        "date": "2004-09-30",
        "symbol": "RIG",
        "reportedCurrency": "USD",
        "cik": "0001451505",
        "fillingDate": "2004-09-30",
        "acceptedDate": "2004-09-29 20:00:00",
        "calendarYear": "2004",
        "period": "Q3",
        "revenue": 651800000,
        "costOfRevenue": 432900000,
        "grossProfit": 218900000,
        "grossProfitRatio": 0.3358392145,
        "researchAndDevelopmentExpenses": 0,
        "generalAndAdministrativeExpenses": 0,
        "sellingAndMarketingExpenses": 0,
        "sellingGeneralAndAdministrativeExpenses": 15200000,
        "otherExpenses": 3200000,
        "operatingExpenses": 18400000,
        "costAndExpenses": 451300000,
        "interestIncome": 0,
        "interestExpense": 0,
        "depreciationAndAmortization": 128800000,
        "ebitda": 203600000,
        "ebitdaratio": 0.3123657564,
        "operatingIncome": 200500000,
        "operatingIncomeRatio": 0.3076096962,
        "totalOtherIncomeExpensesNet": 91100000,
        "incomeBeforeTax": 162200000,
        "incomeBeforeTaxRatio": 0.2488493403,
        "incomeTaxExpense": 6300000,
        "netIncome": 154900000,
        "netIncomeRatio": 0.2376495858,
        "eps": 0.48,
        "epsdiluted": 0.47,
        "weightedAverageShsOut": 320900000,
        "weightedAverageShsOutDil": 330500000,
        "link": "",
        "finalLink": ""
    },
    {
        "date": "2004-06-30",
        "symbol": "RIG",
        "reportedCurrency": "USD",
        "cik": "0001451505",
        "fillingDate": "2004-06-30",
        "acceptedDate": "2004-06-29 20:00:00",
        "calendarYear": "2004",
        "period": "Q2",
        "revenue": 633200000,
        "costOfRevenue": 406200000,
        "grossProfit": 227000000,
        "grossProfitRatio": 0.3584965256,
        "researchAndDevelopmentExpenses": 0,
        "generalAndAdministrativeExpenses": 0,
        "sellingAndMarketingExpenses": 0,
        "sellingGeneralAndAdministrativeExpenses": 14000000,
        "otherExpenses": 109200000,
        "operatingExpenses": 123200000,
        "costAndExpenses": 529400000,
        "interestIncome": 0,
        "interestExpense": 0,
        "depreciationAndAmortization": 128100000,
        "ebitda": 236800000,
        "ebitdaratio": 0.3739734681,
        "operatingIncome": 103800000,
        "operatingIncomeRatio": 0.1639292483,
        "totalOtherIncomeExpensesNet": -38100000,
        "incomeBeforeTax": 65700000,
        "incomeBeforeTaxRatio": 0.103758686,
        "incomeTaxExpense": 19900000,
        "netIncome": 48000000,
        "netIncomeRatio": 0.0758054327,
        "eps": 0.15,
        "epsdiluted": 0.15,
        "weightedAverageShsOut": 320800000,
        "weightedAverageShsOutDil": 324100000,
        "link": "",
        "finalLink": ""
    },
    {
        "date": "2004-03-31",
        "symbol": "RIG",
        "reportedCurrency": "USD",
        "cik": "0001451505",
        "fillingDate": "2004-03-31",
        "acceptedDate": "2004-03-30 19:00:00",
        "calendarYear": "2004",
        "period": "Q1",
        "revenue": 652000000,
        "costOfRevenue": 412400000,
        "grossProfit": 239600000,
        "grossProfitRatio": 0.3674846626,
        "researchAndDevelopmentExpenses": 0,
        "generalAndAdministrativeExpenses": 0,
        "sellingAndMarketingExpenses": 0,
        "sellingGeneralAndAdministrativeExpenses": 15100000,
        "otherExpenses": 88300000,
        "operatingExpenses": 103400000,
        "costAndExpenses": 515800000,
        "interestIncome": 0,
        "interestExpense": 0,
        "depreciationAndAmortization": 123900000,
        "ebitda": 228300000,
        "ebitdaratio": 0.3501533742,
        "operatingIncome": 136200000,
        "operatingIncomeRatio": 0.2088957055,
        "totalOtherIncomeExpensesNet": -30300000,
        "incomeBeforeTax": 66500000,
        "incomeBeforeTaxRatio": 0.101993865,
        "incomeTaxExpense": 48000000,
        "netIncome": 22700000,
        "netIncomeRatio": 0.0348159509,
        "eps": 0.07,
        "epsdiluted": 0.07,
        "weightedAverageShsOut": 320600000,
        "weightedAverageShsOutDil": 324100000,
        "link": "",
        "finalLink": ""
    },
    {
        "date": "2003-12-31",
        "symbol": "RIG",
        "reportedCurrency": "USD",
        "cik": "0001451505",
        "fillingDate": "2003-12-31",
        "acceptedDate": "2003-12-30 19:00:00",
        "calendarYear": "2003",
        "period": "Q4",
        "revenue": 591500000,
        "costOfRevenue": 406800000,
        "grossProfit": 184700000,
        "grossProfitRatio": 0.3122569738,
        "researchAndDevelopmentExpenses": 0,
        "generalAndAdministrativeExpenses": 0,
        "sellingAndMarketingExpenses": 0,
        "sellingGeneralAndAdministrativeExpenses": 15300000,
        "otherExpenses": 123900000,
        "operatingExpenses": 139200000,
        "costAndExpenses": 546000000,
        "interestIncome": 0,
        "interestExpense": 0,
        "depreciationAndAmortization": 118900000,
        "ebitda": 168900000,
        "ebitdaratio": 0.285545224,
        "operatingIncome": 45500000,
        "operatingIncomeRatio": 0.0769230769,
        "totalOtherIncomeExpensesNet": -46200000,
        "incomeBeforeTax": -700000,
        "incomeBeforeTaxRatio": -0.001183432,
        "incomeTaxExpense": -5300000,
        "netIncome": 5500000,
        "netIncomeRatio": 0.0092983939,
        "eps": 0.0172,
        "epsdiluted": 0.0172,
        "weightedAverageShsOut": 319800000,
        "weightedAverageShsOutDil": 319900000,
        "link": "",
        "finalLink": ""
    },
    {
        "date": "2003-09-30",
        "symbol": "RIG",
        "reportedCurrency": "USD",
        "cik": "0001451505",
        "fillingDate": "2003-09-30",
        "acceptedDate": "2003-09-29 20:00:00",
        "calendarYear": "2003",
        "period": "Q3",
        "revenue": 622900000,
        "costOfRevenue": 403000000,
        "grossProfit": 219900000,
        "grossProfitRatio": 0.3530261679,
        "researchAndDevelopmentExpenses": 0,
        "generalAndAdministrativeExpenses": 0,
        "sellingAndMarketingExpenses": 0,
        "sellingGeneralAndAdministrativeExpenses": 21200000,
        "otherExpenses": 125900000,
        "operatingExpenses": 147100000,
        "costAndExpenses": 550100000,
        "interestIncome": 0,
        "interestExpense": 0,
        "depreciationAndAmortization": 118600000,
        "ebitda": 198900000,
        "ebitdaratio": 0.3193128913,
        "operatingIncome": 72800000,
        "operatingIncomeRatio": 0.1168726922,
        "totalOtherIncomeExpensesNet": -44300000,
        "incomeBeforeTax": 28500000,
        "incomeBeforeTaxRatio": 0.0457537325,
        "incomeTaxExpense": 17300000,
        "netIncome": 11000000,
        "netIncomeRatio": 0.0176593354,
        "eps": 0.03,
        "epsdiluted": 0.03,
        "weightedAverageShsOut": 319900000,
        "weightedAverageShsOutDil": 321100000,
        "link": "",
        "finalLink": ""
    },
    {
        "date": "2003-06-30",
        "symbol": "RIG",
        "reportedCurrency": "USD",
        "cik": "0001451505",
        "fillingDate": "2003-06-30",
        "acceptedDate": "2003-06-29 20:00:00",
        "calendarYear": "2003",
        "period": "Q2",
        "revenue": 603900000,
        "costOfRevenue": 426500000,
        "grossProfit": 177400000,
        "grossProfitRatio": 0.2937572446,
        "researchAndDevelopmentExpenses": 0,
        "generalAndAdministrativeExpenses": 0,
        "sellingAndMarketingExpenses": 0,
        "sellingGeneralAndAdministrativeExpenses": 14900000,
        "otherExpenses": 142700000,
        "operatingExpenses": 157600000,
        "costAndExpenses": 584100000,
        "interestIncome": 0,
        "interestExpense": 0,
        "depreciationAndAmortization": 121400000,
        "ebitda": 147300000,
        "ebitdaratio": 0.2439145554,
        "operatingIncome": 19800000,
        "operatingIncomeRatio": 0.0327868852,
        "totalOtherIncomeExpensesNet": -84900000,
        "incomeBeforeTax": -65100000,
        "incomeBeforeTaxRatio": -0.1077993045,
        "incomeTaxExpense": -20800000,
        "netIncome": -44500000,
        "netIncomeRatio": -0.0736876966,
        "eps": -0.14,
        "epsdiluted": -0.14,
        "weightedAverageShsOut": 319800000,
        "weightedAverageShsOutDil": 319800000,
        "link": "",
        "finalLink": ""
    },
    {
        "date": "2003-03-31",
        "symbol": "RIG",
        "reportedCurrency": "USD",
        "cik": "0001451505",
        "fillingDate": "2003-03-31",
        "acceptedDate": "2003-03-30 19:00:00",
        "calendarYear": "2003",
        "period": "Q1",
        "revenue": 616000000,
        "costOfRevenue": 374000000,
        "grossProfit": 242000000,
        "grossProfitRatio": 0.3928571429,
        "researchAndDevelopmentExpenses": 0,
        "generalAndAdministrativeExpenses": 0,
        "sellingAndMarketingExpenses": 0,
        "sellingGeneralAndAdministrativeExpenses": 14000000,
        "otherExpenses": 126000000,
        "operatingExpenses": 140000000,
        "costAndExpenses": 514000000,
        "interestIncome": 0,
        "interestExpense": 0,
        "depreciationAndAmortization": 125000000,
        "ebitda": 226000000,
        "ebitdaratio": 0.3668831169,
        "operatingIncome": 102000000,
        "operatingIncomeRatio": 0.1655844156,
        "totalOtherIncomeExpensesNet": -43000000,
        "incomeBeforeTax": 59000000,
        "incomeBeforeTaxRatio": 0.0957792208,
        "incomeTaxExpense": 12000000,
        "netIncome": 47000000,
        "netIncomeRatio": 0.0762987013,
        "eps": 0.15,
        "epsdiluted": 0.15,
        "weightedAverageShsOut": 319700000,
        "weightedAverageShsOutDil": 321600000,
        "link": "",
        "finalLink": ""
    },
    {
        "date": "2002-12-31",
        "symbol": "RIG",
        "reportedCurrency": "USD",
        "cik": "0001451505",
        "fillingDate": "2002-12-31",
        "acceptedDate": "2002-12-30 19:00:00",
        "calendarYear": "2002",
        "period": "Q4",
        "revenue": 664600000,
        "costOfRevenue": 366500000,
        "grossProfit": 298100000,
        "grossProfitRatio": 0.4485404755,
        "researchAndDevelopmentExpenses": 0,
        "generalAndAdministrativeExpenses": 0,
        "sellingAndMarketingExpenses": 0,
        "sellingGeneralAndAdministrativeExpenses": 14000000,
        "otherExpenses": 3011400000,
        "operatingExpenses": 3025400000,
        "costAndExpenses": 3391900000,
        "interestIncome": 0,
        "interestExpense": 0,
        "depreciationAndAmortization": 127800000,
        "ebitda": -2599500000,
        "ebitdaratio": -3.9113752633,
        "operatingIncome": -2727300000,
        "operatingIncomeRatio": -4.1036713813,
        "totalOtherIncomeExpensesNet": -36900000,
        "incomeBeforeTax": -2764200000,
        "incomeBeforeTaxRatio": -4.1591934998,
        "incomeTaxExpense": 14100000,
        "netIncome": -2780700000,
        "netIncomeRatio": -4.1840204634,
        "eps": -8.71,
        "epsdiluted": -8.71,
        "weightedAverageShsOut": 319200000,
        "weightedAverageShsOutDil": 319200000,
        "link": "",
        "finalLink": ""
    },
    {
        "date": "2002-09-30",
        "symbol": "RIG",
        "reportedCurrency": "USD",
        "cik": "0001451505",
        "fillingDate": "2002-09-30",
        "acceptedDate": "2002-09-29 20:00:00",
        "calendarYear": "2002",
        "period": "Q3",
        "revenue": 695200000,
        "costOfRevenue": 381100000,
        "grossProfit": 314100000,
        "grossProfitRatio": 0.4518124281,
        "researchAndDevelopmentExpenses": 0,
        "generalAndAdministrativeExpenses": 0,
        "sellingAndMarketingExpenses": 0,
        "sellingGeneralAndAdministrativeExpenses": 15800000,
        "otherExpenses": 162200000,
        "operatingExpenses": 178000000,
        "costAndExpenses": 559100000,
        "interestIncome": 0,
        "interestExpense": 0,
        "depreciationAndAmortization": 125900000,
        "ebitda": 262000000,
        "ebitdaratio": 0.3768699655,
        "operatingIncome": 136100000,
        "operatingIncomeRatio": 0.1957710012,
        "totalOtherIncomeExpensesNet": -45700000,
        "incomeBeforeTax": 90400000,
        "incomeBeforeTaxRatio": 0.1300345224,
        "incomeTaxExpense": -164800000,
        "netIncome": 255200000,
        "netIncomeRatio": 0.3670886076,
        "eps": 0.8,
        "epsdiluted": 0.79,
        "weightedAverageShsOut": 319200000,
        "weightedAverageShsOutDil": 328800000,
        "link": "",
        "finalLink": ""
    },
    {
        "date": "2002-06-30",
        "symbol": "RIG",
        "reportedCurrency": "USD",
        "cik": "0001451505",
        "fillingDate": "2002-06-30",
        "acceptedDate": "2002-06-29 20:00:00",
        "calendarYear": "2002",
        "period": "Q2",
        "revenue": 646200000,
        "costOfRevenue": 365600000,
        "grossProfit": 280600000,
        "grossProfitRatio": 0.4342308883,
        "researchAndDevelopmentExpenses": 0,
        "generalAndAdministrativeExpenses": 0,
        "sellingAndMarketingExpenses": 0,
        "sellingGeneralAndAdministrativeExpenses": 16000000,
        "otherExpenses": 125600000,
        "operatingExpenses": 141600000,
        "costAndExpenses": 507200000,
        "interestIncome": 0,
        "interestExpense": 0,
        "depreciationAndAmortization": 125900000,
        "ebitda": 264900000,
        "ebitdaratio": 0.4099350046,
        "operatingIncome": 139000000,
        "operatingIncomeRatio": 0.2151036831,
        "totalOtherIncomeExpensesNet": -45100000,
        "incomeBeforeTax": 93900000,
        "incomeBeforeTaxRatio": 0.1453110492,
        "incomeTaxExpense": 13900000,
        "netIncome": 80000000,
        "netIncomeRatio": 0.1238006809,
        "eps": 0.25,
        "epsdiluted": 0.25,
        "weightedAverageShsOut": 319100000,
        "weightedAverageShsOutDil": 323900000,
        "link": "",
        "finalLink": ""
    },
    {
        "date": "2002-03-31",
        "symbol": "RIG",
        "reportedCurrency": "USD",
        "cik": "0001451505",
        "fillingDate": "2002-03-31",
        "acceptedDate": "2002-03-30 19:00:00",
        "calendarYear": "2002",
        "period": "Q1",
        "revenue": 667900000,
        "costOfRevenue": 381000000,
        "grossProfit": 286900000,
        "grossProfitRatio": 0.4295553227,
        "researchAndDevelopmentExpenses": 0,
        "generalAndAdministrativeExpenses": 0,
        "sellingAndMarketingExpenses": 0,
        "sellingGeneralAndAdministrativeExpenses": 19800000,
        "otherExpenses": 124800000,
        "operatingExpenses": 144600000,
        "costAndExpenses": 525600000,
        "interestIncome": 0,
        "interestExpense": 0,
        "depreciationAndAmortization": 126900000,
        "ebitda": 269200000,
        "ebitdaratio": 0.4030543495,
        "operatingIncome": 142300000,
        "operatingIncomeRatio": 0.2130558467,
        "totalOtherIncomeExpensesNet": -51200000,
        "incomeBeforeTax": 91100000,
        "incomeBeforeTaxRatio": 0.1363976643,
        "incomeTaxExpense": 13800000,
        "netIncome": -1286400000,
        "netIncomeRatio": -1.9260368319,
        "eps": -4.03,
        "epsdiluted": -3.98,
        "weightedAverageShsOut": 319100000,
        "weightedAverageShsOutDil": 323100000,
        "link": "",
        "finalLink": ""
    },
    {
        "date": "2001-12-31",
        "symbol": "RIG",
        "reportedCurrency": "USD",
        "cik": "0001451505",
        "fillingDate": "2001-12-31",
        "acceptedDate": "2001-12-30 19:00:00",
        "calendarYear": "2001",
        "period": "Q4",
        "revenue": 747600000,
        "costOfRevenue": 439800000,
        "grossProfit": 307800000,
        "grossProfitRatio": 0.411717496,
        "researchAndDevelopmentExpenses": 0,
        "generalAndAdministrativeExpenses": 0,
        "sellingAndMarketingExpenses": 0,
        "sellingGeneralAndAdministrativeExpenses": 14000000,
        "otherExpenses": 176200000,
        "operatingExpenses": 190200000,
        "costAndExpenses": 630000000,
        "interestIncome": 0,
        "interestExpense": 0,
        "depreciationAndAmortization": 163500000,
        "ebitda": 281100000,
        "ebitdaratio": 0.3760032103,
        "operatingIncome": 117600000,
        "operatingIncomeRatio": 0.1573033708,
        "totalOtherIncomeExpensesNet": -45900000,
        "incomeBeforeTax": 71700000,
        "incomeBeforeTaxRatio": 0.0959069021,
        "incomeTaxExpense": 10800000,
        "netIncome": 56000000,
        "netIncomeRatio": 0.074906367,
        "eps": 0.18,
        "epsdiluted": 0.18,
        "weightedAverageShsOut": 316595122,
        "weightedAverageShsOutDil": 318700000,
        "link": "",
        "finalLink": ""
    },
    {
        "date": "2001-09-30",
        "symbol": "RIG",
        "reportedCurrency": "USD",
        "cik": "0001451505",
        "fillingDate": "2001-09-30",
        "acceptedDate": "2001-09-29 20:00:00",
        "calendarYear": "2001",
        "period": "Q3",
        "revenue": 770200000,
        "costOfRevenue": 418200000,
        "grossProfit": 352000000,
        "grossProfitRatio": 0.4570241496,
        "researchAndDevelopmentExpenses": 0,
        "generalAndAdministrativeExpenses": 0,
        "sellingAndMarketingExpenses": 0,
        "sellingGeneralAndAdministrativeExpenses": 14500000,
        "otherExpenses": 157700000,
        "operatingExpenses": 172200000,
        "costAndExpenses": 590400000,
        "interestIncome": 0,
        "interestExpense": 0,
        "depreciationAndAmortization": 174100000,
        "ebitda": 353900000,
        "ebitdaratio": 0.4594910413,
        "operatingIncome": 179800000,
        "operatingIncomeRatio": 0.2334458582,
        "totalOtherIncomeExpensesNet": -49600000,
        "incomeBeforeTax": 130200000,
        "incomeBeforeTaxRatio": 0.1690470008,
        "incomeTaxExpense": 32600000,
        "netIncome": 97600000,
        "netIncomeRatio": 0.1267203324,
        "eps": 0.31,
        "epsdiluted": 0.3,
        "weightedAverageShsOut": 318700000,
        "weightedAverageShsOutDil": 322700000,
        "link": "",
        "finalLink": ""
    },
    {
        "date": "2001-06-30",
        "symbol": "RIG",
        "reportedCurrency": "USD",
        "cik": "0001451505",
        "fillingDate": "2001-06-30",
        "acceptedDate": "2001-06-29 20:00:00",
        "calendarYear": "2001",
        "period": "Q2",
        "revenue": 752200000,
        "costOfRevenue": 394300000,
        "grossProfit": 357900000,
        "grossProfitRatio": 0.4758043074,
        "researchAndDevelopmentExpenses": 0,
        "generalAndAdministrativeExpenses": 0,
        "sellingAndMarketingExpenses": 0,
        "sellingGeneralAndAdministrativeExpenses": 14600000,
        "otherExpenses": 165100000,
        "operatingExpenses": 179700000,
        "costAndExpenses": 574000000,
        "interestIncome": 0,
        "interestExpense": 0,
        "depreciationAndAmortization": 158800000,
        "ebitda": 344300000,
        "ebitdaratio": 0.4577240096,
        "operatingIncome": 178200000,
        "operatingIncomeRatio": 0.2369050784,
        "totalOtherIncomeExpensesNet": -60200000,
        "incomeBeforeTax": 118000000,
        "incomeBeforeTaxRatio": 0.156873172,
        "incomeTaxExpense": 32200000,
        "netIncome": 68500000,
        "netIncomeRatio": 0.0910662058,
        "eps": 0.22,
        "epsdiluted": 0.21,
        "weightedAverageShsOut": 318200000,
        "weightedAverageShsOutDil": 325000000,
        "link": "",
        "finalLink": ""
    },
    {
        "date": "2001-03-31",
        "symbol": "RIG",
        "reportedCurrency": "USD",
        "cik": "0001451505",
        "fillingDate": "2001-03-31",
        "acceptedDate": "2001-03-30 19:00:00",
        "calendarYear": "2001",
        "period": "Q1",
        "revenue": 550100000,
        "costOfRevenue": 351000000,
        "grossProfit": 199100000,
        "grossProfitRatio": 0.3619341938,
        "researchAndDevelopmentExpenses": 0,
        "generalAndAdministrativeExpenses": 0,
        "sellingAndMarketingExpenses": 0,
        "sellingGeneralAndAdministrativeExpenses": 14700000,
        "otherExpenses": 129500000,
        "operatingExpenses": 144200000,
        "costAndExpenses": 495200000,
        "interestIncome": 0,
        "interestExpense": 0,
        "depreciationAndAmortization": 124600000,
        "ebitda": 184400000,
        "ebitdaratio": 0.3352117797,
        "operatingIncome": 54900000,
        "operatingIncomeRatio": 0.0998000364,
        "totalOtherIncomeExpensesNet": -14200000,
        "incomeBeforeTax": 40700000,
        "incomeBeforeTaxRatio": 0.0739865479,
        "incomeTaxExpense": 10200000,
        "netIncome": 30500000,
        "netIncomeRatio": 0.0554444646,
        "eps": 0.11,
        "epsdiluted": 0.11,
        "weightedAverageShsOut": 280600000,
        "weightedAverageShsOutDil": 285500000,
        "link": "",
        "finalLink": ""
    },
    {
        "date": "2000-12-31",
        "symbol": "RIG",
        "reportedCurrency": "USD",
        "cik": "0001451505",
        "fillingDate": "2000-12-31",
        "acceptedDate": "2000-12-30 19:00:00",
        "calendarYear": "2000",
        "period": "Q4",
        "revenue": 314938000,
        "costOfRevenue": 246878000,
        "grossProfit": 68060000,
        "grossProfitRatio": 0.2161060272,
        "researchAndDevelopmentExpenses": 0,
        "generalAndAdministrativeExpenses": 0,
        "sellingAndMarketingExpenses": 0,
        "sellingGeneralAndAdministrativeExpenses": 10547000,
        "otherExpenses": 69433000,
        "operatingExpenses": 79980000,
        "costAndExpenses": 326858000,
        "interestIncome": 0,
        "interestExpense": 0,
        "depreciationAndAmortization": 69433000,
        "ebitda": 57513000,
        "ebitdaratio": 0.182616896,
        "operatingIncome": -11920000,
        "operatingIncomeRatio": -0.0378487194,
        "totalOtherIncomeExpensesNet": 4056000,
        "incomeBeforeTax": -7864000,
        "incomeBeforeTaxRatio": -0.0249699941,
        "incomeTaxExpense": 1286000,
        "netIncome": -9150000,
        "netIncomeRatio": -0.0290533375,
        "eps": -0.0435,
        "epsdiluted": -0.0435,
        "weightedAverageShsOut": 210526000,
        "weightedAverageShsOutDil": 210526000,
        "link": "",
        "finalLink": ""
    },
    {
        "date": "2000-09-30",
        "symbol": "RIG",
        "reportedCurrency": "USD",
        "cik": "0001451505",
        "fillingDate": "2000-09-30",
        "acceptedDate": "2000-09-29 20:00:00",
        "calendarYear": "2000",
        "period": "Q3",
        "revenue": 314483000,
        "costOfRevenue": 186510000,
        "grossProfit": 127973000,
        "grossProfitRatio": 0.4069313763,
        "researchAndDevelopmentExpenses": 0,
        "generalAndAdministrativeExpenses": 0,
        "sellingAndMarketingExpenses": 0,
        "sellingGeneralAndAdministrativeExpenses": 9189000,
        "otherExpenses": 70051000,
        "operatingExpenses": 79240000,
        "costAndExpenses": 265750000,
        "interestIncome": 0,
        "interestExpense": 0,
        "depreciationAndAmortization": 70051000,
        "ebitda": 118784000,
        "ebitdaratio": 0.3777119908,
        "operatingIncome": 48733000,
        "operatingIncomeRatio": 0.1549622714,
        "totalOtherIncomeExpensesNet": 13749000,
        "incomeBeforeTax": 62482000,
        "incomeBeforeTaxRatio": 0.1986816457,
        "incomeTaxExpense": 14628000,
        "netIncome": 49278000,
        "netIncomeRatio": 0.1566952745,
        "eps": 0.23,
        "epsdiluted": 0.23,
        "weightedAverageShsOut": 210526000,
        "weightedAverageShsOutDil": 212016000,
        "link": "",
        "finalLink": ""
    },
    {
        "date": "2000-06-30",
        "symbol": "RIG",
        "reportedCurrency": "USD",
        "cik": "0001451505",
        "fillingDate": "2000-06-30",
        "acceptedDate": "2000-06-29 20:00:00",
        "calendarYear": "2000",
        "period": "Q2",
        "revenue": 299243000,
        "costOfRevenue": 184151000,
        "grossProfit": 115092000,
        "grossProfitRatio": 0.3846105005,
        "researchAndDevelopmentExpenses": 0,
        "generalAndAdministrativeExpenses": 0,
        "sellingAndMarketingExpenses": 0,
        "sellingGeneralAndAdministrativeExpenses": 9527000,
        "otherExpenses": 64851000,
        "operatingExpenses": 74378000,
        "costAndExpenses": 258529000,
        "interestIncome": 0,
        "interestExpense": 0,
        "depreciationAndAmortization": 64851000,
        "ebitda": 105565000,
        "ebitdaratio": 0.3527734985,
        "operatingIncome": 40714000,
        "operatingIncomeRatio": 0.1360566496,
        "totalOtherIncomeExpensesNet": 6313000,
        "incomeBeforeTax": 47027000,
        "incomeBeforeTaxRatio": 0.1571532166,
        "incomeTaxExpense": 11084000,
        "netIncome": 35943000,
        "netIncomeRatio": 0.1201130854,
        "eps": 0.17,
        "epsdiluted": 0.17,
        "weightedAverageShsOut": 210387000,
        "weightedAverageShsOutDil": 211700000,
        "link": "",
        "finalLink": ""
    },
    {
        "date": "2000-03-31",
        "symbol": "RIG",
        "reportedCurrency": "USD",
        "cik": "0001451505",
        "fillingDate": "2000-03-31",
        "acceptedDate": "2000-03-30 19:00:00",
        "calendarYear": "2000",
        "period": "Q1",
        "revenue": 300849000,
        "costOfRevenue": 185997000,
        "grossProfit": 114852000,
        "grossProfitRatio": 0.3817596203,
        "researchAndDevelopmentExpenses": 0,
        "generalAndAdministrativeExpenses": 0,
        "sellingAndMarketingExpenses": 0,
        "sellingGeneralAndAdministrativeExpenses": 12878000,
        "otherExpenses": 64575000,
        "operatingExpenses": 77453000,
        "costAndExpenses": 263450000,
        "interestIncome": 0,
        "interestExpense": 0,
        "depreciationAndAmortization": 64575000,
        "ebitda": 101974000,
        "ebitdaratio": 0.3389540932,
        "operatingIncome": 37399000,
        "operatingIncomeRatio": 0.1243115317,
        "totalOtherIncomeExpensesNet": 4779000,
        "incomeBeforeTax": 42178000,
        "incomeBeforeTaxRatio": 0.140196577,
        "incomeTaxExpense": 9701000,
        "netIncome": 32477000,
        "netIncomeRatio": 0.1079511649,
        "eps": 0.15,
        "epsdiluted": 0.15,
        "weightedAverageShsOut": 210153000,
        "weightedAverageShsOutDil": 211048000,
        "link": "",
        "finalLink": ""
    },
    {
        "date": "1999-12-31",
        "symbol": "RIG",
        "reportedCurrency": "USD",
        "cik": "0001451505",
        "fillingDate": "1999-12-31",
        "acceptedDate": "1999-12-30 19:00:00",
        "calendarYear": "1999",
        "period": "Q4",
        "revenue": -97964000,
        "costOfRevenue": 107923000,
        "grossProfit": -205887000,
        "grossProfitRatio": 2.1016597934,
        "researchAndDevelopmentExpenses": 0,
        "generalAndAdministrativeExpenses": 0,
        "sellingAndMarketingExpenses": 0,
        "sellingGeneralAndAdministrativeExpenses": -4397000,
        "otherExpenses": 8566000,
        "operatingExpenses": 4169000,
        "costAndExpenses": 112092000,
        "interestIncome": 0,
        "interestExpense": 0,
        "depreciationAndAmortization": 8566000,
        "ebitda": -201490000,
        "ebitdaratio": 2.0567759585,
        "operatingIncome": -210056000,
        "operatingIncomeRatio": 2.1442162427,
        "totalOtherIncomeExpensesNet": -8537000,
        "incomeBeforeTax": -218593000,
        "incomeBeforeTaxRatio": 2.2313604998,
        "incomeTaxExpense": -88196000,
        "netIncome": -130397000,
        "netIncomeRatio": 1.3310705974,
        "eps": -1.31,
        "epsdiluted": -1.31,
        "weightedAverageShsOut": 99787234,
        "weightedAverageShsOutDil": 99787234,
        "link": "",
        "finalLink": ""
    },
    {
        "date": "1999-09-30",
        "symbol": "RIG",
        "reportedCurrency": "USD",
        "cik": "0001451505",
        "fillingDate": "1999-09-30",
        "acceptedDate": "1999-09-29 20:00:00",
        "calendarYear": "1999",
        "period": "Q3",
        "revenue": 204300000,
        "costOfRevenue": 102200000,
        "grossProfit": 102100000,
        "grossProfitRatio": 0.4997552619,
        "researchAndDevelopmentExpenses": 0,
        "generalAndAdministrativeExpenses": 0,
        "sellingAndMarketingExpenses": 0,
        "sellingGeneralAndAdministrativeExpenses": 7100000,
        "otherExpenses": 32900000,
        "operatingExpenses": 40000000,
        "costAndExpenses": 142200000,
        "interestIncome": 0,
        "interestExpense": 0,
        "depreciationAndAmortization": 32900000,
        "ebitda": 62688000,
        "ebitdaratio": 0.3068428781,
        "operatingIncome": 62100000,
        "operatingIncomeRatio": 0.3039647577,
        "totalOtherIncomeExpensesNet": -906000,
        "incomeBeforeTax": 66500000,
        "incomeBeforeTaxRatio": 0.3255017132,
        "incomeTaxExpense": 19600000,
        "netIncome": 46900000,
        "netIncomeRatio": 0.2295643661,
        "eps": 0.29,
        "epsdiluted": 0.29,
        "weightedAverageShsOut": 109668966,
        "weightedAverageShsOutDil": 109668966,
        "link": "",
        "finalLink": ""
    },
    {
        "date": "1999-06-30",
        "symbol": "RIG",
        "reportedCurrency": "USD",
        "cik": "0001451505",
        "fillingDate": "1999-06-30",
        "acceptedDate": "1999-06-29 20:00:00",
        "calendarYear": "1999",
        "period": "Q2",
        "revenue": 235600000,
        "costOfRevenue": 120200000,
        "grossProfit": 115400000,
        "grossProfitRatio": 0.4898132428,
        "researchAndDevelopmentExpenses": 0,
        "generalAndAdministrativeExpenses": 0,
        "sellingAndMarketingExpenses": 0,
        "sellingGeneralAndAdministrativeExpenses": 7300000,
        "otherExpenses": 32300000,
        "operatingExpenses": 39600000,
        "costAndExpenses": 159800000,
        "interestIncome": 0,
        "interestExpense": 0,
        "depreciationAndAmortization": 32300000,
        "ebitda": 65500000,
        "ebitdaratio": 0.2780135823,
        "operatingIncome": 75800000,
        "operatingIncomeRatio": 0.3217317487,
        "totalOtherIncomeExpensesNet": -200000,
        "incomeBeforeTax": 80000000,
        "incomeBeforeTaxRatio": 0.3395585739,
        "incomeTaxExpense": 23600000,
        "netIncome": 56400000,
        "netIncomeRatio": 0.2393887946,
        "eps": 0.25,
        "epsdiluted": 0.25,
        "weightedAverageShsOut": 109600000,
        "weightedAverageShsOutDil": 109600000,
        "link": "",
        "finalLink": ""
    },
    {
        "date": "1999-03-31",
        "symbol": "RIG",
        "reportedCurrency": "USD",
        "cik": "0001451505",
        "fillingDate": "1999-03-31",
        "acceptedDate": "1999-03-30 19:00:00",
        "calendarYear": "1999",
        "period": "Q1",
        "revenue": 306400000,
        "costOfRevenue": 146600000,
        "grossProfit": 159800000,
        "grossProfitRatio": 0.52154047,
        "researchAndDevelopmentExpenses": 0,
        "generalAndAdministrativeExpenses": 0,
        "sellingAndMarketingExpenses": 0,
        "sellingGeneralAndAdministrativeExpenses": 6700000,
        "otherExpenses": 32000000,
        "operatingExpenses": 38700000,
        "costAndExpenses": 185300000,
        "interestIncome": 0,
        "interestExpense": 0,
        "depreciationAndAmortization": 32000000,
        "ebitda": 38400000,
        "ebitdaratio": 0.1253263708,
        "operatingIncome": 121100000,
        "operatingIncomeRatio": 0.3952349869,
        "totalOtherIncomeExpensesNet": -300000,
        "incomeBeforeTax": 120900000,
        "incomeBeforeTaxRatio": 0.3945822454,
        "incomeTaxExpense": 35700000,
        "netIncome": 85200000,
        "netIncomeRatio": 0.2780678851,
        "eps": 0.1,
        "epsdiluted": 0.1,
        "weightedAverageShsOut": 113000000,
        "weightedAverageShsOutDil": 113000000,
        "link": "",
        "finalLink": ""
    },
    {
        "date": "1998-12-31",
        "symbol": "RIG",
        "reportedCurrency": "USD",
        "cik": "0001451505",
        "fillingDate": "1998-12-31",
        "acceptedDate": "1998-12-30 19:00:00",
        "calendarYear": "1998",
        "period": "Q4",
        "revenue": 310700000,
        "costOfRevenue": 124800000,
        "grossProfit": 185900000,
        "grossProfitRatio": 0.5983263598,
        "researchAndDevelopmentExpenses": 0,
        "generalAndAdministrativeExpenses": 0,
        "sellingAndMarketingExpenses": 0,
        "sellingGeneralAndAdministrativeExpenses": 7000000,
        "otherExpenses": 31400000,
        "operatingExpenses": 38400000,
        "costAndExpenses": 163200000,
        "interestIncome": 0,
        "interestExpense": 0,
        "depreciationAndAmortization": 31400000,
        "ebitda": 178900000,
        "ebitdaratio": 0.5757965883,
        "operatingIncome": 147500000,
        "operatingIncomeRatio": 0.4747344706,
        "totalOtherIncomeExpensesNet": -1100000,
        "incomeBeforeTax": 146400000,
        "incomeBeforeTaxRatio": 0.4711940779,
        "incomeTaxExpense": 43200000,
        "netIncome": 103200000,
        "netIncomeRatio": 0.3321532024,
        "eps": 1.03,
        "epsdiluted": 1.03,
        "weightedAverageShsOut": 99892473,
        "weightedAverageShsOutDil": 99892473,
        "link": "",
        "finalLink": ""
    },
    {
        "date": "1998-09-30",
        "symbol": "RIG",
        "reportedCurrency": "USD",
        "cik": "0001451505",
        "fillingDate": "1998-09-30",
        "acceptedDate": "1998-09-29 20:00:00",
        "calendarYear": "1998",
        "period": "Q3",
        "revenue": 269000000,
        "costOfRevenue": 113100000,
        "grossProfit": 155900000,
        "grossProfitRatio": 0.5795539033,
        "researchAndDevelopmentExpenses": 0,
        "generalAndAdministrativeExpenses": 0,
        "sellingAndMarketingExpenses": 0,
        "sellingGeneralAndAdministrativeExpenses": 6300000,
        "otherExpenses": 29300000,
        "operatingExpenses": 35600000,
        "costAndExpenses": 148700000,
        "interestIncome": 0,
        "interestExpense": 0,
        "depreciationAndAmortization": 29300000,
        "ebitda": 149600000,
        "ebitdaratio": 0.556133829,
        "operatingIncome": 120300000,
        "operatingIncomeRatio": 0.4472118959,
        "totalOtherIncomeExpensesNet": 11500000,
        "incomeBeforeTax": 131800000,
        "incomeBeforeTaxRatio": 0.4899628253,
        "incomeTaxExpense": 38900000,
        "netIncome": 92900000,
        "netIncomeRatio": 0.3453531599,
        "eps": 0.93,
        "epsdiluted": 0.92,
        "weightedAverageShsOut": 99892473,
        "weightedAverageShsOutDil": 100978261,
        "link": "",
        "finalLink": ""
    },
    {
        "date": "1998-06-30",
        "symbol": "RIG",
        "reportedCurrency": "USD",
        "cik": "0001451505",
        "fillingDate": "1998-06-30",
        "acceptedDate": "1998-06-29 20:00:00",
        "calendarYear": "1998",
        "period": "Q2",
        "revenue": 251600000,
        "costOfRevenue": 114400000,
        "grossProfit": 137200000,
        "grossProfitRatio": 0.5453100159,
        "researchAndDevelopmentExpenses": 0,
        "generalAndAdministrativeExpenses": 0,
        "sellingAndMarketingExpenses": 0,
        "sellingGeneralAndAdministrativeExpenses": 7800000,
        "otherExpenses": 28100000,
        "operatingExpenses": 35900000,
        "costAndExpenses": 150300000,
        "interestIncome": 0,
        "interestExpense": 0,
        "depreciationAndAmortization": 28100000,
        "ebitda": 129400000,
        "ebitdaratio": 0.5143084261,
        "operatingIncome": 101300000,
        "operatingIncomeRatio": 0.4026232114,
        "totalOtherIncomeExpensesNet": -2500000,
        "incomeBeforeTax": 98800000,
        "incomeBeforeTaxRatio": 0.3926868045,
        "incomeTaxExpense": 29100000,
        "netIncome": 69700000,
        "netIncomeRatio": 0.277027027,
        "eps": 0.7,
        "epsdiluted": 0.69,
        "weightedAverageShsOut": 99571429,
        "weightedAverageShsOutDil": 101014493,
        "link": "",
        "finalLink": ""
    },
    {
        "date": "1998-03-31",
        "symbol": "RIG",
        "reportedCurrency": "USD",
        "cik": "0001451505",
        "fillingDate": "1998-03-31",
        "acceptedDate": "1998-03-30 19:00:00",
        "calendarYear": "1998",
        "period": "Q1",
        "revenue": 258300000,
        "costOfRevenue": 131600000,
        "grossProfit": 126700000,
        "grossProfitRatio": 0.4905149051,
        "researchAndDevelopmentExpenses": 0,
        "generalAndAdministrativeExpenses": 0,
        "sellingAndMarketingExpenses": 0,
        "sellingGeneralAndAdministrativeExpenses": 7300000,
        "otherExpenses": 28100000,
        "operatingExpenses": 35400000,
        "costAndExpenses": 167000000,
        "interestIncome": 0,
        "interestExpense": 0,
        "depreciationAndAmortization": 28100000,
        "ebitda": 119400000,
        "ebitdaratio": 0.462253194,
        "operatingIncome": 91300000,
        "operatingIncomeRatio": 0.3534649632,
        "totalOtherIncomeExpensesNet": 18800000,
        "incomeBeforeTax": 110100000,
        "incomeBeforeTaxRatio": 0.4262485482,
        "incomeTaxExpense": 32500000,
        "netIncome": 77600000,
        "netIncomeRatio": 0.3004258614,
        "eps": 0.78,
        "epsdiluted": 0.77,
        "weightedAverageShsOut": 99487179,
        "weightedAverageShsOutDil": 100779221,
        "link": "",
        "finalLink": ""
    },
    {
        "date": "1997-12-31",
        "symbol": "RIG",
        "reportedCurrency": "USD",
        "cik": "0001451505",
        "fillingDate": "1997-12-31",
        "acceptedDate": "1997-12-30 19:00:00",
        "calendarYear": "1997",
        "period": "Q4",
        "revenue": 1263600000,
        "costOfRevenue": 1026200000,
        "grossProfit": 237400000,
        "grossProfitRatio": 0.1878759101,
        "researchAndDevelopmentExpenses": 0,
        "generalAndAdministrativeExpenses": 0,
        "sellingAndMarketingExpenses": 0,
        "sellingGeneralAndAdministrativeExpenses": 44300000,
        "otherExpenses": 96800000,
        "operatingExpenses": 141100000,
        "costAndExpenses": 1167300000,
        "interestIncome": 0,
        "interestExpense": 0,
        "depreciationAndAmortization": 81200000,
        "ebitda": 177500000,
        "ebitdaratio": 0.1404716682,
        "operatingIncome": 96300000,
        "operatingIncomeRatio": 0.0762108262,
        "totalOtherIncomeExpensesNet": -10800000,
        "incomeBeforeTax": 85500000,
        "incomeBeforeTaxRatio": 0.0676638177,
        "incomeTaxExpense": 25600000,
        "netIncome": 59900000,
        "netIncomeRatio": 0.0474042418,
        "eps": 0.59,
        "epsdiluted": 0.59,
        "weightedAverageShsOut": 100911000,
        "weightedAverageShsOutDil": 100911000,
        "link": "",
        "finalLink": ""
    },
    {
        "date": "1997-09-30",
        "symbol": "RIG",
        "reportedCurrency": "USD",
        "cik": "0001451505",
        "fillingDate": "1997-09-30",
        "acceptedDate": "1997-09-29 20:00:00",
        "calendarYear": "1997",
        "period": "Q3",
        "revenue": 1023500000,
        "costOfRevenue": 839300000,
        "grossProfit": 184200000,
        "grossProfitRatio": 0.1799706888,
        "researchAndDevelopmentExpenses": 0,
        "generalAndAdministrativeExpenses": 0,
        "sellingAndMarketingExpenses": 0,
        "sellingGeneralAndAdministrativeExpenses": 32800000,
        "otherExpenses": 122900000,
        "operatingExpenses": 155700000,
        "costAndExpenses": 995000000,
        "interestIncome": 0,
        "interestExpense": 0,
        "depreciationAndAmortization": 111700000,
        "ebitda": 86900000,
        "ebitdaratio": 0.0849047386,
        "operatingIncome": 28500000,
        "operatingIncomeRatio": 0.0278456277,
        "totalOtherIncomeExpensesNet": -3000000,
        "incomeBeforeTax": 16800000,
        "incomeBeforeTaxRatio": 0.0164142648,
        "incomeTaxExpense": 3800000,
        "netIncome": 13000000,
        "netIncomeRatio": 0.0127015144,
        "eps": 0.39,
        "epsdiluted": 0.38,
        "weightedAverageShsOut": 100256410,
        "weightedAverageShsOutDil": 102894737,
        "link": "",
        "finalLink": ""
    },
    {
        "date": "1997-06-30",
        "symbol": "RIG",
        "reportedCurrency": "USD",
        "cik": "0001451505",
        "fillingDate": "1997-06-30",
        "acceptedDate": "1997-06-29 20:00:00",
        "calendarYear": "1997",
        "period": "Q2",
        "revenue": 815300000,
        "costOfRevenue": 639900000,
        "grossProfit": 175400000,
        "grossProfitRatio": 0.2151355329,
        "researchAndDevelopmentExpenses": 0,
        "generalAndAdministrativeExpenses": 0,
        "sellingAndMarketingExpenses": 0,
        "sellingGeneralAndAdministrativeExpenses": 34300000,
        "otherExpenses": 75700000,
        "operatingExpenses": 110000000,
        "costAndExpenses": 749900000,
        "interestIncome": 0,
        "interestExpense": 0,
        "depreciationAndAmortization": 64600000,
        "ebitda": 130000000,
        "ebitdaratio": 0.159450509,
        "operatingIncome": 65400000,
        "operatingIncomeRatio": 0.0802158715,
        "totalOtherIncomeExpensesNet": -11400000,
        "incomeBeforeTax": 54000000,
        "incomeBeforeTaxRatio": 0.0662332884,
        "incomeTaxExpense": 17800000,
        "netIncome": 36200000,
        "netIncomeRatio": 0.044400834,
        "eps": 0.28,
        "epsdiluted": 0.27,
        "weightedAverageShsOut": 129285714,
        "weightedAverageShsOutDil": 129285714,
        "link": "",
        "finalLink": ""
    },
    {
        "date": "1997-03-31",
        "symbol": "RIG",
        "reportedCurrency": "USD",
        "cik": "0001451505",
        "fillingDate": "1997-03-31",
        "acceptedDate": "1997-03-30 19:00:00",
        "calendarYear": "1997",
        "period": "Q1",
        "revenue": 1122300000,
        "costOfRevenue": 900000000,
        "grossProfit": 222300000,
        "grossProfitRatio": 0.1980753809,
        "researchAndDevelopmentExpenses": 0,
        "generalAndAdministrativeExpenses": 0,
        "sellingAndMarketingExpenses": 0,
        "sellingGeneralAndAdministrativeExpenses": 41000000,
        "otherExpenses": 74300000,
        "operatingExpenses": 115300000,
        "costAndExpenses": 1015300000,
        "interestIncome": 0,
        "interestExpense": 0,
        "depreciationAndAmortization": 68500000,
        "ebitda": 175500000,
        "ebitdaratio": 0.1563753007,
        "operatingIncome": 107000000,
        "operatingIncomeRatio": 0.0953399269,
        "totalOtherIncomeExpensesNet": -6800000,
        "incomeBeforeTax": 100200000,
        "incomeBeforeTaxRatio": 0.0892809409,
        "incomeTaxExpense": 33400000,
        "netIncome": 66800000,
        "netIncomeRatio": 0.0595206273,
        "eps": 0.27,
        "epsdiluted": 0.27,
        "weightedAverageShsOut": 101314000,
        "weightedAverageShsOutDil": 101314000,
        "link": "",
        "finalLink": ""
    },
    {
        "date": "1996-12-31",
        "symbol": "RIG",
        "reportedCurrency": "USD",
        "cik": "0001451505",
        "fillingDate": "1996-12-31",
        "acceptedDate": "1996-12-30 19:00:00",
        "calendarYear": "1996",
        "period": "Q4",
        "revenue": -1840797000,
        "costOfRevenue": -1428131000,
        "grossProfit": -412666000,
        "grossProfitRatio": 0.2241778969,
        "researchAndDevelopmentExpenses": 0,
        "generalAndAdministrativeExpenses": 0,
        "sellingAndMarketingExpenses": 0,
        "sellingGeneralAndAdministrativeExpenses": -85067000,
        "otherExpenses": -202613000,
        "operatingExpenses": -287680000,
        "costAndExpenses": -1715811000,
        "interestIncome": 0,
        "interestExpense": 0,
        "depreciationAndAmortization": -166813000,
        "ebitda": -291799000,
        "ebitdaratio": 0.1585177507,
        "operatingIncome": -124986000,
        "operatingIncomeRatio": 0.0678977638,
        "totalOtherIncomeExpensesNet": 50138000,
        "incomeBeforeTax": -74848000,
        "incomeBeforeTaxRatio": 0.0406606486,
        "incomeTaxExpense": -18693000,
        "netIncome": -56155000,
        "netIncomeRatio": 0.0305058081,
        "eps": -0.99,
        "epsdiluted": -0.99,
        "weightedAverageShsOut": 56830000,
        "weightedAverageShsOutDil": 56950000,
        "link": "",
        "finalLink": ""
    },
    {
        "date": "1996-09-30",
        "symbol": "RIG",
        "reportedCurrency": "USD",
        "cik": "0001451505",
        "fillingDate": "1996-09-30",
        "acceptedDate": "1996-09-29 20:00:00",
        "calendarYear": "1996",
        "period": "Q3",
        "revenue": 788200000,
        "costOfRevenue": 591900000,
        "grossProfit": 196300000,
        "grossProfitRatio": 0.2490484649,
        "researchAndDevelopmentExpenses": 0,
        "generalAndAdministrativeExpenses": 0,
        "sellingAndMarketingExpenses": 0,
        "sellingGeneralAndAdministrativeExpenses": 34100000,
        "otherExpenses": 87000000,
        "operatingExpenses": 121100000,
        "costAndExpenses": 713000000,
        "interestIncome": 0,
        "interestExpense": 0,
        "depreciationAndAmortization": 74600000,
        "ebitda": 149800000,
        "ebitdaratio": 0.190053286,
        "operatingIncome": 75200000,
        "operatingIncomeRatio": 0.095407257,
        "totalOtherIncomeExpensesNet": -6200000,
        "incomeBeforeTax": 68900000,
        "incomeBeforeTaxRatio": 0.0874143618,
        "incomeTaxExpense": 20900000,
        "netIncome": 48000000,
        "netIncomeRatio": 0.0608982492,
        "eps": 0.31,
        "epsdiluted": 0.3,
        "weightedAverageShsOut": 56950000,
        "weightedAverageShsOutDil": 56950000,
        "link": "",
        "finalLink": ""
    },
    {
        "date": "1996-06-30",
        "symbol": "RIG",
        "reportedCurrency": "USD",
        "cik": "0001451505",
        "fillingDate": "1996-06-30",
        "acceptedDate": "1996-06-29 20:00:00",
        "calendarYear": "1996",
        "period": "Q2",
        "revenue": 847200000,
        "costOfRevenue": 648700000,
        "grossProfit": 198500000,
        "grossProfitRatio": 0.2343012276,
        "researchAndDevelopmentExpenses": 0,
        "generalAndAdministrativeExpenses": 0,
        "sellingAndMarketingExpenses": 0,
        "sellingGeneralAndAdministrativeExpenses": 41100000,
        "otherExpenses": 83000000,
        "operatingExpenses": 124100000,
        "costAndExpenses": 772800000,
        "interestIncome": 0,
        "interestExpense": 0,
        "depreciationAndAmortization": 71400000,
        "ebitda": 145600000,
        "ebitdaratio": 0.1718602455,
        "operatingIncome": 74400000,
        "operatingIncomeRatio": 0.0878186969,
        "totalOtherIncomeExpensesNet": -12800000,
        "incomeBeforeTax": 61400000,
        "incomeBeforeTaxRatio": 0.0724740321,
        "incomeTaxExpense": 20800000,
        "netIncome": 40600000,
        "netIncomeRatio": 0.0479225685,
        "eps": 0.47,
        "epsdiluted": 0.47,
        "weightedAverageShsOut": 56950000,
        "weightedAverageShsOutDil": 56950000,
        "link": "",
        "finalLink": ""
    },
    {
        "date": "1996-03-31",
        "symbol": "RIG",
        "reportedCurrency": "USD",
        "cik": "0001451505",
        "fillingDate": "1996-03-31",
        "acceptedDate": "1996-03-30 19:00:00",
        "calendarYear": "1996",
        "period": "Q1",
        "revenue": 734400000,
        "costOfRevenue": 539100000,
        "grossProfit": 195300000,
        "grossProfitRatio": 0.2659313725,
        "researchAndDevelopmentExpenses": 0,
        "generalAndAdministrativeExpenses": 0,
        "sellingAndMarketingExpenses": 0,
        "sellingGeneralAndAdministrativeExpenses": 33000000,
        "otherExpenses": 79200000,
        "operatingExpenses": 112200000,
        "costAndExpenses": 651300000,
        "interestIncome": 0,
        "interestExpense": 0,
        "depreciationAndAmortization": 67400000,
        "ebitda": 150500000,
        "ebitdaratio": 0.2049291939,
        "operatingIncome": 83100000,
        "operatingIncomeRatio": 0.1131535948,
        "totalOtherIncomeExpensesNet": -16900000,
        "incomeBeforeTax": 66200000,
        "incomeBeforeTaxRatio": 0.0901416122,
        "incomeTaxExpense": 20600000,
        "netIncome": 45600000,
        "netIncomeRatio": 0.0620915033,
        "eps": 0.21,
        "epsdiluted": 0.2,
        "weightedAverageShsOut": 56894000,
        "weightedAverageShsOutDil": 56894000,
        "link": "",
        "finalLink": ""
    },
    {
        "date": "1995-12-31",
        "symbol": "RIG",
        "reportedCurrency": "USD",
        "cik": "0001451505",
        "fillingDate": "1995-12-31",
        "acceptedDate": "1995-12-30 19:00:00",
        "calendarYear": "1995",
        "period": "Q4",
        "revenue": 564400000,
        "costOfRevenue": 403600000,
        "grossProfit": 160800000,
        "grossProfitRatio": 0.2849043232,
        "researchAndDevelopmentExpenses": 0,
        "generalAndAdministrativeExpenses": 0,
        "sellingAndMarketingExpenses": 0,
        "sellingGeneralAndAdministrativeExpenses": 39500000,
        "otherExpenses": 100400000,
        "operatingExpenses": 139900000,
        "costAndExpenses": 543500000,
        "interestIncome": 0,
        "interestExpense": 0,
        "depreciationAndAmortization": 90500000,
        "ebitda": 111400000,
        "ebitdaratio": 0.1973777463,
        "operatingIncome": 20900000,
        "operatingIncomeRatio": 0.0370304748,
        "totalOtherIncomeExpensesNet": -16500000,
        "incomeBeforeTax": 4400000,
        "incomeBeforeTaxRatio": 0.0077958894,
        "incomeTaxExpense": -3000000,
        "netIncome": 7400000,
        "netIncomeRatio": 0.0131112686,
        "eps": 0.13,
        "epsdiluted": 0.13,
        "weightedAverageShsOut": 56732000,
        "weightedAverageShsOutDil": 56732000,
        "link": "",
        "finalLink": ""
    },
    {
        "date": "1995-09-30",
        "symbol": "RIG",
        "reportedCurrency": "USD",
        "cik": "0001451505",
        "fillingDate": "1995-09-30",
        "acceptedDate": "1995-09-29 20:00:00",
        "calendarYear": "1995",
        "period": "Q3",
        "revenue": 514000000,
        "costOfRevenue": 367600000,
        "grossProfit": 146400000,
        "grossProfitRatio": 0.2848249027,
        "researchAndDevelopmentExpenses": 0,
        "generalAndAdministrativeExpenses": 0,
        "sellingAndMarketingExpenses": 0,
        "sellingGeneralAndAdministrativeExpenses": 34500000,
        "otherExpenses": 76700000,
        "operatingExpenses": 111200000,
        "costAndExpenses": 478800000,
        "interestIncome": 0,
        "interestExpense": 0,
        "depreciationAndAmortization": 67100000,
        "ebitda": 102400000,
        "ebitdaratio": 0.1992217899,
        "operatingIncome": 35200000,
        "operatingIncomeRatio": 0.0684824903,
        "totalOtherIncomeExpensesNet": 177600000,
        "incomeBeforeTax": 212800000,
        "incomeBeforeTaxRatio": 0.4140077821,
        "incomeTaxExpense": 82300000,
        "netIncome": 130500000,
        "netIncomeRatio": 0.2538910506,
        "eps": 0.36,
        "epsdiluted": 0.36,
        "weightedAverageShsOut": 56732000,
        "weightedAverageShsOutDil": 56732000,
        "link": "",
        "finalLink": ""
    },
    {
        "date": "1995-06-30",
        "symbol": "RIG",
        "reportedCurrency": "USD",
        "cik": "0001451505",
        "fillingDate": "1995-06-30",
        "acceptedDate": "1995-06-29 20:00:00",
        "calendarYear": "1995",
        "period": "Q2",
        "revenue": 480400000,
        "costOfRevenue": 293400000,
        "grossProfit": 187000000,
        "grossProfitRatio": 0.3892589509,
        "researchAndDevelopmentExpenses": 0,
        "generalAndAdministrativeExpenses": 0,
        "sellingAndMarketingExpenses": 0,
        "sellingGeneralAndAdministrativeExpenses": 32900000,
        "otherExpenses": 76400000,
        "operatingExpenses": 109300000,
        "costAndExpenses": 402700000,
        "interestIncome": 0,
        "interestExpense": 0,
        "depreciationAndAmortization": 66700000,
        "ebitda": 144400000,
        "ebitdaratio": 0.3005828476,
        "operatingIncome": 77700000,
        "operatingIncomeRatio": 0.1617402165,
        "totalOtherIncomeExpensesNet": -54600000,
        "incomeBeforeTax": 23100000,
        "incomeBeforeTaxRatio": 0.0480849292,
        "incomeTaxExpense": 5800000,
        "netIncome": 17300000,
        "netIncomeRatio": 0.036011657,
        "eps": 0.2,
        "epsdiluted": 0.2,
        "weightedAverageShsOut": 56726000,
        "weightedAverageShsOutDil": 56726000,
        "link": "",
        "finalLink": ""
    },
    {
        "date": "1995-03-31",
        "symbol": "RIG",
        "reportedCurrency": "USD",
        "cik": "0001451505",
        "fillingDate": "1995-03-31",
        "acceptedDate": "1995-03-30 19:00:00",
        "calendarYear": "1995",
        "period": "Q1",
        "revenue": 431200000,
        "costOfRevenue": 256100000,
        "grossProfit": 175100000,
        "grossProfitRatio": 0.4060760668,
        "researchAndDevelopmentExpenses": 0,
        "generalAndAdministrativeExpenses": 0,
        "sellingAndMarketingExpenses": 0,
        "sellingGeneralAndAdministrativeExpenses": 33600000,
        "otherExpenses": 86300000,
        "operatingExpenses": 119900000,
        "costAndExpenses": 376000000,
        "interestIncome": 0,
        "interestExpense": 0,
        "depreciationAndAmortization": 74400000,
        "ebitda": 129600000,
        "ebitdaratio": 0.3005565863,
        "operatingIncome": 55200000,
        "operatingIncomeRatio": 0.1280148423,
        "totalOtherIncomeExpensesNet": -7600000,
        "incomeBeforeTax": 47600000,
        "incomeBeforeTaxRatio": 0.1103896104,
        "incomeTaxExpense": 10000000,
        "netIncome": 37600000,
        "netIncomeRatio": 0.0871985158,
        "eps": 0.13,
        "epsdiluted": 0.13,
        "weightedAverageShsOut": 56776000,
        "weightedAverageShsOutDil": 56776000,
        "link": "",
        "finalLink": ""
    },
    {
        "date": "1994-12-31",
        "symbol": "RIG",
        "reportedCurrency": "USD",
        "cik": "0001451505",
        "fillingDate": "1994-12-31",
        "acceptedDate": "1994-12-30 19:00:00",
        "calendarYear": "1994",
        "period": "Q4",
        "revenue": 63400000,
        "costOfRevenue": 46100000,
        "grossProfit": 17300000,
        "grossProfitRatio": 0.2728706625,
        "researchAndDevelopmentExpenses": 0,
        "generalAndAdministrativeExpenses": 0,
        "sellingAndMarketingExpenses": 0,
        "sellingGeneralAndAdministrativeExpenses": 4500000,
        "otherExpenses": 6200000,
        "operatingExpenses": 10700000,
        "costAndExpenses": 56800000,
        "interestIncome": 0,
        "interestExpense": 0,
        "depreciationAndAmortization": 6200000,
        "ebitda": 12800000,
        "ebitdaratio": 0.2018927445,
        "operatingIncome": 6600000,
        "operatingIncomeRatio": 0.1041009464,
        "totalOtherIncomeExpensesNet": -300000,
        "incomeBeforeTax": 6300000,
        "incomeBeforeTaxRatio": 0.0993690852,
        "incomeTaxExpense": 2100000,
        "netIncome": 4200000,
        "netIncomeRatio": 0.0662460568,
        "eps": 0.08,
        "epsdiluted": 0.08,
        "weightedAverageShsOut": 52500000,
        "weightedAverageShsOutDil": 52500000,
        "link": "",
        "finalLink": ""
    },
    {
        "date": "1994-09-30",
        "symbol": "RIG",
        "reportedCurrency": "USD",
        "cik": "0001451505",
        "fillingDate": "1994-09-30",
        "acceptedDate": "1994-09-29 20:00:00",
        "calendarYear": "1994",
        "period": "Q3",
        "revenue": 54500000,
        "costOfRevenue": 40100000,
        "grossProfit": 14400000,
        "grossProfitRatio": 0.2642201835,
        "researchAndDevelopmentExpenses": 0,
        "generalAndAdministrativeExpenses": 0,
        "sellingAndMarketingExpenses": 0,
        "sellingGeneralAndAdministrativeExpenses": 4500000,
        "otherExpenses": 6200000,
        "operatingExpenses": 10700000,
        "costAndExpenses": 50800000,
        "interestIncome": 0,
        "interestExpense": 0,
        "depreciationAndAmortization": 6200000,
        "ebitda": 105100000,
        "ebitdaratio": 1.928440367,
        "operatingIncome": 3700000,
        "operatingIncomeRatio": 0.0678899083,
        "totalOtherIncomeExpensesNet": -3600000,
        "incomeBeforeTax": 3800000,
        "incomeBeforeTaxRatio": 0.0697247706,
        "incomeTaxExpense": 1700000,
        "netIncome": 2100000,
        "netIncomeRatio": 0.0385321101,
        "eps": 0.04,
        "epsdiluted": 0.04,
        "weightedAverageShsOut": 53333333,
        "weightedAverageShsOutDil": 53333333,
        "link": "",
        "finalLink": ""
    },
    {
        "date": "1994-06-30",
        "symbol": "RIG",
        "reportedCurrency": "USD",
        "cik": "0001451505",
        "fillingDate": "1994-06-30",
        "acceptedDate": "1994-06-29 20:00:00",
        "calendarYear": "1994",
        "period": "Q2",
        "revenue": 58900000,
        "costOfRevenue": 43300000,
        "grossProfit": 15600000,
        "grossProfitRatio": 0.2648556876,
        "researchAndDevelopmentExpenses": 0,
        "generalAndAdministrativeExpenses": 0,
        "sellingAndMarketingExpenses": 0,
        "sellingGeneralAndAdministrativeExpenses": 5400000,
        "otherExpenses": 6300000,
        "operatingExpenses": 11700000,
        "costAndExpenses": 55000000,
        "interestIncome": 0,
        "interestExpense": 0,
        "depreciationAndAmortization": 6300000,
        "ebitda": 119000000,
        "ebitdaratio": 2.0203735144,
        "operatingIncome": 3900000,
        "operatingIncomeRatio": 0.0662139219,
        "totalOtherIncomeExpensesNet": -6600000,
        "incomeBeforeTax": 3500000,
        "incomeBeforeTaxRatio": 0.0594227504,
        "incomeTaxExpense": 1300000,
        "netIncome": 2200000,
        "netIncomeRatio": 0.0373514431,
        "eps": 0.04,
        "epsdiluted": 0.04,
        "weightedAverageShsOut": 52500000,
        "weightedAverageShsOutDil": 52500000,
        "link": "",
        "finalLink": ""
    },
    {
        "date": "1994-03-31",
        "symbol": "RIG",
        "reportedCurrency": "USD",
        "cik": "0001451505",
        "fillingDate": "1994-03-31",
        "acceptedDate": "1994-03-30 19:00:00",
        "calendarYear": "1994",
        "period": "Q1",
        "revenue": 66100000,
        "costOfRevenue": 49900000,
        "grossProfit": 16200000,
        "grossProfitRatio": 0.2450832073,
        "researchAndDevelopmentExpenses": 0,
        "generalAndAdministrativeExpenses": 0,
        "sellingAndMarketingExpenses": 0,
        "sellingGeneralAndAdministrativeExpenses": 3900000,
        "otherExpenses": 5800000,
        "operatingExpenses": 9700000,
        "costAndExpenses": 59600000,
        "interestIncome": 0,
        "interestExpense": 0,
        "depreciationAndAmortization": 5800000,
        "ebitda": 12300000,
        "ebitdaratio": 0.1860816944,
        "operatingIncome": 6500000,
        "operatingIncomeRatio": 0.0983358548,
        "totalOtherIncomeExpensesNet": 100000,
        "incomeBeforeTax": 6600000,
        "incomeBeforeTaxRatio": 0.0998487141,
        "incomeTaxExpense": 2400000,
        "netIncome": 4200000,
        "netIncomeRatio": 0.0635400908,
        "eps": 0.08,
        "epsdiluted": 0.08,
        "weightedAverageShsOut": 56616000,
        "weightedAverageShsOutDil": 56616000,
        "link": "",
        "finalLink": ""
    },
    {
        "date": "1993-12-31",
        "symbol": "RIG",
        "reportedCurrency": "USD",
        "cik": "0001451505",
        "fillingDate": "1993-12-31",
        "acceptedDate": "1993-12-30 19:00:00",
        "calendarYear": "1993",
        "period": "Q4",
        "revenue": 87700000,
        "costOfRevenue": 68700000,
        "grossProfit": 19000000,
        "grossProfitRatio": 0.2166476625,
        "researchAndDevelopmentExpenses": 0,
        "generalAndAdministrativeExpenses": 0,
        "sellingAndMarketingExpenses": 0,
        "sellingGeneralAndAdministrativeExpenses": 1100000,
        "otherExpenses": 5300000,
        "operatingExpenses": 6400000,
        "costAndExpenses": 75100000,
        "interestIncome": 0,
        "interestExpense": 0,
        "depreciationAndAmortization": 5300000,
        "ebitda": 17900000,
        "ebitdaratio": 0.2041049031,
        "operatingIncome": 12600000,
        "operatingIncomeRatio": 0.1436716078,
        "totalOtherIncomeExpensesNet": 500000,
        "incomeBeforeTax": 13100000,
        "incomeBeforeTaxRatio": 0.149372862,
        "incomeTaxExpense": 4700000,
        "netIncome": 7500000,
        "netIncomeRatio": 0.0855188141,
        "eps": 0.13,
        "epsdiluted": 0.13,
        "weightedAverageShsOut": 56666667,
        "weightedAverageShsOutDil": 56666667,
        "link": "",
        "finalLink": ""
    },
    {
        "date": "1993-09-30",
        "symbol": "RIG",
        "reportedCurrency": "USD",
        "cik": "0001451505",
        "fillingDate": "1993-09-30",
        "acceptedDate": "1993-09-29 20:00:00",
        "calendarYear": "1993",
        "period": "Q3",
        "revenue": 51900000,
        "costOfRevenue": 36700000,
        "grossProfit": 15200000,
        "grossProfitRatio": 0.2928709056,
        "researchAndDevelopmentExpenses": 0,
        "generalAndAdministrativeExpenses": 0,
        "sellingAndMarketingExpenses": 0,
        "sellingGeneralAndAdministrativeExpenses": 4200000,
        "otherExpenses": 5300000,
        "operatingExpenses": 9500000,
        "costAndExpenses": 46200000,
        "interestIncome": 0,
        "interestExpense": 0,
        "depreciationAndAmortization": 5300000,
        "ebitda": 11000000,
        "ebitdaratio": 0.2119460501,
        "operatingIncome": 5700000,
        "operatingIncomeRatio": 0.1098265896,
        "totalOtherIncomeExpensesNet": 200000,
        "incomeBeforeTax": 5900000,
        "incomeBeforeTaxRatio": 0.1136801541,
        "incomeTaxExpense": 4200000,
        "netIncome": 1700000,
        "netIncomeRatio": 0.0327552987,
        "eps": 0.03,
        "epsdiluted": 0.03,
        "weightedAverageShsOut": 56666667,
        "weightedAverageShsOutDil": 56666667,
        "link": "",
        "finalLink": ""
    },
    {
        "date": "1993-06-30",
        "symbol": "RIG",
        "reportedCurrency": "USD",
        "cik": "0001451505",
        "fillingDate": "1993-06-30",
        "acceptedDate": "1993-06-29 20:00:00",
        "calendarYear": "1993",
        "period": "Q2",
        "revenue": 80400000,
        "costOfRevenue": 64400000,
        "grossProfit": 16000000,
        "grossProfitRatio": 0.1990049751,
        "researchAndDevelopmentExpenses": 0,
        "generalAndAdministrativeExpenses": 0,
        "sellingAndMarketingExpenses": 0,
        "sellingGeneralAndAdministrativeExpenses": 3800000,
        "otherExpenses": 5200000,
        "operatingExpenses": 9000000,
        "costAndExpenses": 73400000,
        "interestIncome": 0,
        "interestExpense": 0,
        "depreciationAndAmortization": 5200000,
        "ebitda": 12200000,
        "ebitdaratio": 0.1517412935,
        "operatingIncome": 7000000,
        "operatingIncomeRatio": 0.0870646766,
        "totalOtherIncomeExpensesNet": -2500000,
        "incomeBeforeTax": 4500000,
        "incomeBeforeTaxRatio": 0.0559701493,
        "incomeTaxExpense": 1900000,
        "netIncome": 2600000,
        "netIncomeRatio": 0.0323383085,
        "eps": 0.06,
        "epsdiluted": 0.06,
        "weightedAverageShsOut": 43333333,
        "weightedAverageShsOutDil": 43333333,
        "link": "",
        "finalLink": ""
    },
    {
        "date": "1993-03-31",
        "symbol": "RIG",
        "reportedCurrency": "USD",
        "cik": "0001451505",
        "fillingDate": "1993-03-31",
        "acceptedDate": "1993-03-30 19:00:00",
        "calendarYear": "1993",
        "period": "Q1",
        "revenue": 55700000,
        "costOfRevenue": 0,
        "grossProfit": 55700000,
        "grossProfitRatio": 1,
        "researchAndDevelopmentExpenses": 0,
        "generalAndAdministrativeExpenses": 0,
        "sellingAndMarketingExpenses": 0,
        "sellingGeneralAndAdministrativeExpenses": 0,
        "otherExpenses": 0,
        "operatingExpenses": 0,
        "costAndExpenses": 0,
        "interestIncome": 0,
        "interestExpense": 0,
        "depreciationAndAmortization": 0,
        "ebitda": 55700000,
        "ebitdaratio": 1,
        "operatingIncome": 55700000,
        "operatingIncomeRatio": 1,
        "totalOtherIncomeExpensesNet": -55700000,
        "incomeBeforeTax": 0,
        "incomeBeforeTaxRatio": 0,
        "incomeTaxExpense": -5500000,
        "netIncome": 5500000,
        "netIncomeRatio": 0.0987432675,
        "eps": 0.15,
        "epsdiluted": 0.15,
        "weightedAverageShsOut": 36666667,
        "weightedAverageShsOutDil": 36666667,
        "link": "",
        "finalLink": ""
    },
    {
        "date": "1992-12-31",
        "symbol": "RIG",
        "reportedCurrency": "USD",
        "cik": "0001451505",
        "fillingDate": "1992-12-31",
        "acceptedDate": "1992-12-30 19:00:00",
        "calendarYear": "1992",
        "period": "Q4",
        "revenue": 52500000,
        "costOfRevenue": 0,
        "grossProfit": 52500000,
        "grossProfitRatio": 1,
        "researchAndDevelopmentExpenses": 0,
        "generalAndAdministrativeExpenses": 0,
        "sellingAndMarketingExpenses": 0,
        "sellingGeneralAndAdministrativeExpenses": 0,
        "otherExpenses": -202500000,
        "operatingExpenses": -202500000,
        "costAndExpenses": -202500000,
        "interestIncome": 0,
        "interestExpense": 0,
        "depreciationAndAmortization": 0,
        "ebitda": -150000000,
        "ebitdaratio": -2.8571428571,
        "operatingIncome": -150000000,
        "operatingIncomeRatio": -2.8571428571,
        "totalOtherIncomeExpensesNet": 150000000,
        "incomeBeforeTax": 0,
        "incomeBeforeTaxRatio": 0,
        "incomeTaxExpense": 0,
        "netIncome": 0,
        "netIncomeRatio": 0,
        "eps": 0,
        "epsdiluted": 0,
        "weightedAverageShsOut": 36666667,
        "weightedAverageShsOutDil": 36666667,
        "link": "",
        "finalLink": ""
    },
    {
        "date": "1992-09-30",
        "symbol": "RIG",
        "reportedCurrency": "USD",
        "cik": "0001451505",
        "fillingDate": "1992-09-30",
        "acceptedDate": "1992-09-29 20:00:00",
        "calendarYear": "1992",
        "period": "Q3",
        "revenue": 52400000,
        "costOfRevenue": 0,
        "grossProfit": 52400000,
        "grossProfitRatio": 1,
        "researchAndDevelopmentExpenses": 0,
        "generalAndAdministrativeExpenses": 0,
        "sellingAndMarketingExpenses": 0,
        "sellingGeneralAndAdministrativeExpenses": 0,
        "otherExpenses": 0,
        "operatingExpenses": 0,
        "costAndExpenses": 0,
        "interestIncome": 0,
        "interestExpense": 0,
        "depreciationAndAmortization": 0,
        "ebitda": 52400000,
        "ebitdaratio": 1,
        "operatingIncome": 52400000,
        "operatingIncomeRatio": 1,
        "totalOtherIncomeExpensesNet": -52400000,
        "incomeBeforeTax": 0,
        "incomeBeforeTaxRatio": 0,
        "incomeTaxExpense": 0,
        "netIncome": 0,
        "netIncomeRatio": 0,
        "eps": 0,
        "epsdiluted": 0,
        "weightedAverageShsOut": 36666667,
        "weightedAverageShsOutDil": 36666667,
        "link": "",
        "finalLink": ""
    },
    {
        "date": "1992-06-30",
        "symbol": "RIG",
        "reportedCurrency": "USD",
        "cik": "0001451505",
        "fillingDate": "1992-06-30",
        "acceptedDate": "1992-06-29 20:00:00",
        "calendarYear": "1992",
        "period": "Q2",
        "revenue": 52400000,
        "costOfRevenue": 0,
        "grossProfit": 52400000,
        "grossProfitRatio": 1,
        "researchAndDevelopmentExpenses": 0,
        "generalAndAdministrativeExpenses": 0,
        "sellingAndMarketingExpenses": 0,
        "sellingGeneralAndAdministrativeExpenses": 0,
        "otherExpenses": 0,
        "operatingExpenses": 0,
        "costAndExpenses": 0,
        "interestIncome": 0,
        "interestExpense": 0,
        "depreciationAndAmortization": 0,
        "ebitda": 52400000,
        "ebitdaratio": 1,
        "operatingIncome": 52400000,
        "operatingIncomeRatio": 1,
        "totalOtherIncomeExpensesNet": -52400000,
        "incomeBeforeTax": 0,
        "incomeBeforeTaxRatio": 0,
        "incomeTaxExpense": 0,
        "netIncome": 0,
        "netIncomeRatio": 0,
        "eps": 0,
        "epsdiluted": 0,
        "weightedAverageShsOut": 36666667,
        "weightedAverageShsOutDil": 36666667,
        "link": "",
        "finalLink": ""
    },
    {
        "date": "1992-03-31",
        "symbol": "RIG",
        "reportedCurrency": "USD",
        "cik": "0001451505",
        "fillingDate": "1992-03-31",
        "acceptedDate": "1992-03-30 19:00:00",
        "calendarYear": "1992",
        "period": "Q1",
        "revenue": 52400000,
        "costOfRevenue": 0,
        "grossProfit": 52400000,
        "grossProfitRatio": 1,
        "researchAndDevelopmentExpenses": 0,
        "generalAndAdministrativeExpenses": 0,
        "sellingAndMarketingExpenses": 0,
        "sellingGeneralAndAdministrativeExpenses": 0,
        "otherExpenses": 0,
        "operatingExpenses": 0,
        "costAndExpenses": 0,
        "interestIncome": 0,
        "interestExpense": 0,
        "depreciationAndAmortization": 0,
        "ebitda": 52400000,
        "ebitdaratio": 1,
        "operatingIncome": 52400000,
        "operatingIncomeRatio": 1,
        "totalOtherIncomeExpensesNet": -52400000,
        "incomeBeforeTax": 0,
        "incomeBeforeTaxRatio": 0,
        "incomeTaxExpense": -100000,
        "netIncome": 100000,
        "netIncomeRatio": 0.0019083969,
        "eps": 0.0027,
        "epsdiluted": 0.0027,
        "weightedAverageShsOut": 36666667,
        "weightedAverageShsOutDil": 36666667,
        "link": "",
        "finalLink": ""
    }
]