[
    {
        "date": "2025-06-30",
        "symbol": "RM",
        "reportedCurrency": "USD",
        "cik": "0001519401",
        "fillingDate": "2025-08-01",
        "acceptedDate": "2025-08-01 16:30:36",
        "calendarYear": "2025",
        "period": "Q2",
        "revenue": 157442000,
        "costOfRevenue": 6911000,
        "grossProfit": 150531000,
        "grossProfitRatio": 0.9561044702,
        "researchAndDevelopmentExpenses": 0,
        "generalAndAdministrativeExpenses": 62945000,
        "sellingAndMarketingExpenses": 5059000,
        "sellingGeneralAndAdministrativeExpenses": 68004000,
        "otherExpenses": -5059000,
        "operatingExpenses": 62945000,
        "costAndExpenses": 123532000,
        "interestIncome": 0,
        "interestExpense": 20426000,
        "depreciationAndAmortization": 3895000,
        "ebitda": 37805000,
        "ebitdaratio": 0.2401201712,
        "operatingIncome": 82527000,
        "operatingIncomeRatio": 0.5241739815,
        "totalOtherIncomeExpensesNet": -69043000,
        "incomeBeforeTax": 13484000,
        "incomeBeforeTaxRatio": 0.0856442372,
        "incomeTaxExpense": 3344000,
        "netIncome": 10140000,
        "netIncomeRatio": 0.0644046697,
        "eps": 1.07,
        "epsdiluted": 1.03,
        "weightedAverageShsOut": 9504000,
        "weightedAverageShsOutDil": 9843000,
        "link": "https://www.sec.gov/Archives/edgar/data/1519401/000095017025101457/0000950170-25-101457-index.htm",
        "finalLink": "https://www.sec.gov/Archives/edgar/data/1519401/000095017025101457/rm-20250630.htm"
    },
    {
        "date": "2025-03-31",
        "symbol": "RM",
        "reportedCurrency": "USD",
        "cik": "0001519401",
        "fillingDate": "2025-05-02",
        "acceptedDate": "2025-05-02 16:30:28",
        "calendarYear": "2025",
        "period": "Q1",
        "revenue": 152967000,
        "costOfRevenue": 6906000,
        "grossProfit": 146061000,
        "grossProfitRatio": 0.9548530075,
        "researchAndDevelopmentExpenses": 0,
        "generalAndAdministrativeExpenses": 66043000,
        "sellingAndMarketingExpenses": 5406000,
        "sellingGeneralAndAdministrativeExpenses": 71449000,
        "otherExpenses": 0,
        "operatingExpenses": 71449000,
        "costAndExpenses": 78355000,
        "interestIncome": 136553000,
        "interestExpense": 19771000,
        "depreciationAndAmortization": 45680000,
        "ebitda": 74612000,
        "ebitdaratio": 0.487765335,
        "operatingIncome": 74612000,
        "operatingIncomeRatio": 0.487765335,
        "totalOtherIncomeExpensesNet": -65451000,
        "incomeBeforeTax": 9161000,
        "incomeBeforeTaxRatio": 0.0598887342,
        "incomeTaxExpense": -2136000,
        "netIncome": 11297000,
        "netIncomeRatio": 0.0738525303,
        "eps": 0.73,
        "epsdiluted": 0.7,
        "weightedAverageShsOut": 9610000,
        "weightedAverageShsOutDil": 10025000,
        "link": "https://www.sec.gov/Archives/edgar/data/1519401/000095017025062837/0000950170-25-062837-index.htm",
        "finalLink": "https://www.sec.gov/Archives/edgar/data/1519401/000095017025062837/rm-20250331.htm"
    },
    {
        "date": "2024-12-31",
        "symbol": "RM",
        "reportedCurrency": "USD",
        "cik": "0001519401",
        "fillingDate": "2025-02-21",
        "acceptedDate": "2025-02-21 16:30:42",
        "calendarYear": "2024",
        "period": "Q4",
        "revenue": 154832000,
        "costOfRevenue": 3607000,
        "grossProfit": 151225000,
        "grossProfitRatio": 0.9767037822,
        "researchAndDevelopmentExpenses": 0,
        "generalAndAdministrativeExpenses": 53121000,
        "sellingAndMarketingExpenses": 4777000,
        "sellingGeneralAndAdministrativeExpenses": 57898000,
        "otherExpenses": 6748000,
        "operatingExpenses": 64646000,
        "costAndExpenses": 122272000,
        "interestIncome": 138246000,
        "interestExpense": 19805000,
        "depreciationAndAmortization": 3607000,
        "ebitda": 0,
        "ebitdaratio": 0,
        "operatingIncome": -45490000,
        "operatingIncomeRatio": -0.2938023148,
        "totalOtherIncomeExpensesNet": 0,
        "incomeBeforeTax": 12755000,
        "incomeBeforeTaxRatio": 0.0823796114,
        "incomeTaxExpense": 2841000,
        "netIncome": 9914000,
        "netIncomeRatio": 0.0640306913,
        "eps": 1.02,
        "epsdiluted": 0.98,
        "weightedAverageShsOut": 9691000,
        "weightedAverageShsOutDil": 10090000,
        "link": "https://www.sec.gov/Archives/edgar/data/1519401/000095017025024903/0000950170-25-024903-index.htm",
        "finalLink": "https://www.sec.gov/Archives/edgar/data/1519401/000095017025024903/rm-20241231.htm"
    },
    {
        "date": "2024-09-30",
        "symbol": "RM",
        "reportedCurrency": "USD",
        "cik": "0001519401",
        "fillingDate": "2024-11-08",
        "acceptedDate": "2024-11-08 16:30:34",
        "calendarYear": "2024",
        "period": "Q3",
        "revenue": 146338000,
        "costOfRevenue": 6551000,
        "grossProfit": 87005000,
        "grossProfitRatio": 0.5945482376,
        "researchAndDevelopmentExpenses": 0,
        "generalAndAdministrativeExpenses": 62468000,
        "sellingAndMarketingExpenses": 5078000,
        "sellingGeneralAndAdministrativeExpenses": 67546000,
        "otherExpenses": -5078000,
        "operatingExpenses": 62468000,
        "costAndExpenses": 116817000,
        "interestIncome": 133932000,
        "interestExpense": 19356000,
        "depreciationAndAmortization": 3582000,
        "ebitda": 33103000,
        "ebitdaratio": 0.226209187,
        "operatingIncome": 24537000,
        "operatingIncomeRatio": 0.1676734683,
        "totalOtherIncomeExpensesNet": 0,
        "incomeBeforeTax": 10165000,
        "incomeBeforeTaxRatio": 0.0694624773,
        "incomeTaxExpense": 2743000,
        "netIncome": 7422000,
        "netIncomeRatio": 0.0507182003,
        "eps": 0.77,
        "epsdiluted": 0.74,
        "weightedAverageShsOut": 9683000,
        "weightedAverageShsOutDil": 10090000,
        "link": "https://www.sec.gov/Archives/edgar/data/1519401/000095017024124156/0000950170-24-124156-index.htm",
        "finalLink": "https://www.sec.gov/Archives/edgar/data/1519401/000095017024124156/rm-20240930.htm"
    },
    {
        "date": "2024-06-30",
        "symbol": "RM",
        "reportedCurrency": "USD",
        "cik": "0001519401",
        "fillingDate": "2024-08-02",
        "acceptedDate": "2024-08-02 16:30:39",
        "calendarYear": "2024",
        "period": "Q2",
        "revenue": 143025000,
        "costOfRevenue": 3383000,
        "grossProfit": 139642000,
        "grossProfitRatio": 0.9763467925,
        "researchAndDevelopmentExpenses": 0,
        "generalAndAdministrativeExpenses": 49151000,
        "sellingAndMarketingExpenses": 4836000,
        "sellingGeneralAndAdministrativeExpenses": 53987000,
        "otherExpenses": 6149000,
        "operatingExpenses": 60136000,
        "costAndExpenses": 113938000,
        "interestIncome": 127898000,
        "interestExpense": 17865000,
        "depreciationAndAmortization": 3383000,
        "ebitda": 32470000,
        "ebitdaratio": 0.2270232477,
        "operatingIncome": 29087000,
        "operatingIncomeRatio": 0.2033700402,
        "totalOtherIncomeExpensesNet": 0,
        "incomeBeforeTax": 11222000,
        "incomeBeforeTaxRatio": 0.0784618074,
        "incomeTaxExpense": 2777000,
        "netIncome": 8445000,
        "netIncomeRatio": 0.0590456214,
        "eps": 0.88,
        "epsdiluted": 0.86,
        "weightedAverageShsOut": 9613000,
        "weightedAverageShsOutDil": 9863000,
        "link": "https://www.sec.gov/Archives/edgar/data/1519401/000095017024090023/0000950170-24-090023-index.htm",
        "finalLink": "https://www.sec.gov/Archives/edgar/data/1519401/000095017024090023/rm-20240630.htm"
    },
    {
        "date": "2024-03-31",
        "symbol": "RM",
        "reportedCurrency": "USD",
        "cik": "0001519401",
        "fillingDate": "2024-05-03",
        "acceptedDate": "2024-05-03 16:30:48",
        "calendarYear": "2024",
        "period": "Q1",
        "revenue": 144308000,
        "costOfRevenue": 3498000,
        "grossProfit": 140810000,
        "grossProfitRatio": 0.9757601796,
        "researchAndDevelopmentExpenses": 0,
        "generalAndAdministrativeExpenses": 49758000,
        "sellingAndMarketingExpenses": 4315000,
        "sellingGeneralAndAdministrativeExpenses": 54073000,
        "otherExpenses": 6375000,
        "operatingExpenses": 60448000,
        "costAndExpenses": 106871000,
        "interestIncome": 128818000,
        "interestExpense": 17504000,
        "depreciationAndAmortization": 3498000,
        "ebitda": 40935000,
        "ebitdaratio": 0.2836641073,
        "operatingIncome": 37437000,
        "operatingIncomeRatio": 0.2594242869,
        "totalOtherIncomeExpensesNet": -17504000,
        "incomeBeforeTax": 19933000,
        "incomeBeforeTaxRatio": 0.1381281703,
        "incomeTaxExpense": 4728000,
        "netIncome": 15205000,
        "netIncomeRatio": 0.1053649139,
        "eps": 1.59,
        "epsdiluted": 1.56,
        "weightedAverageShsOut": 9569000,
        "weightedAverageShsOutDil": 9746000,
        "link": "https://www.sec.gov/Archives/edgar/data/1519401/000095017024052963/0000950170-24-052963-index.htm",
        "finalLink": "https://www.sec.gov/Archives/edgar/data/1519401/000095017024052963/rm-20240331.htm"
    },
    {
        "date": "2023-12-31",
        "symbol": "RM",
        "reportedCurrency": "USD",
        "cik": "0001519401",
        "fillingDate": "2024-02-22",
        "acceptedDate": "2024-02-22 17:02:12",
        "calendarYear": "2023",
        "period": "Q4",
        "revenue": 141659000,
        "costOfRevenue": 201753000,
        "grossProfit": -10141000,
        "grossProfitRatio": -0.0715874036,
        "researchAndDevelopmentExpenses": 0,
        "generalAndAdministrativeExpenses": 94857000,
        "sellingAndMarketingExpenses": 4474000,
        "sellingGeneralAndAdministrativeExpenses": 99331000,
        "otherExpenses": -41324000,
        "operatingExpenses": 58007000,
        "costAndExpenses": 133681000,
        "interestIncome": 126190000,
        "interestExpense": 17510000,
        "depreciationAndAmortization": 3434000,
        "ebitda": 11412000,
        "ebitdaratio": 0.0805596538,
        "operatingIncome": 7978000,
        "operatingIncomeRatio": 0.0563183419,
        "totalOtherIncomeExpensesNet": -17510000,
        "incomeBeforeTax": -9532000,
        "incomeBeforeTaxRatio": -0.0672883474,
        "incomeTaxExpense": -1958000,
        "netIncome": -7574000,
        "netIncomeRatio": -0.0534664229,
        "eps": -0.8,
        "epsdiluted": -0.8,
        "weightedAverageShsOut": 9437000,
        "weightedAverageShsOutDil": 9437000,
        "link": "https://www.sec.gov/Archives/edgar/data/1519401/000095017024018892/0000950170-24-018892-index.htm",
        "finalLink": "https://www.sec.gov/Archives/edgar/data/1519401/000095017024018892/rm-20231231.htm"
    },
    {
        "date": "2023-09-30",
        "symbol": "RM",
        "reportedCurrency": "USD",
        "cik": "0001519401",
        "fillingDate": "2023-11-03",
        "acceptedDate": "2023-11-03 16:30:48",
        "calendarYear": "2023",
        "period": "Q3",
        "revenue": 123931000,
        "costOfRevenue": 6315000,
        "grossProfit": 117616000,
        "grossProfitRatio": 0.9490442262,
        "researchAndDevelopmentExpenses": 0,
        "generalAndAdministrativeExpenses": 51712000,
        "sellingAndMarketingExpenses": 4077000,
        "sellingGeneralAndAdministrativeExpenses": 55789000,
        "otherExpenses": -58548000,
        "operatingExpenses": 66181000,
        "costAndExpenses": 72496000,
        "interestIncome": 125018000,
        "interestExpense": 16947000,
        "depreciationAndAmortization": 3556000,
        "ebitda": 31400000,
        "ebitdaratio": 0.2533667928,
        "operatingIncome": 68382000,
        "operatingIncomeRatio": 0.5517747779,
        "totalOtherIncomeExpensesNet": -21425000,
        "incomeBeforeTax": 10897000,
        "incomeBeforeTaxRatio": 0.0879279599,
        "incomeTaxExpense": 2077000,
        "netIncome": 8820000,
        "netIncomeRatio": 0.0711686342,
        "eps": 0.94,
        "epsdiluted": 0.91,
        "weightedAverageShsOut": 9429000,
        "weightedAverageShsOutDil": 9650000,
        "link": "https://www.sec.gov/Archives/edgar/data/1519401/000095017023058861/0000950170-23-058861-index.htm",
        "finalLink": "https://www.sec.gov/Archives/edgar/data/1519401/000095017023058861/rm-20230930.htm"
    },
    {
        "date": "2023-06-30",
        "symbol": "RM",
        "reportedCurrency": "USD",
        "cik": "0001519401",
        "fillingDate": "2023-08-04",
        "acceptedDate": "2023-08-04 16:20:01",
        "calendarYear": "2023",
        "period": "Q2",
        "revenue": 117260000,
        "costOfRevenue": 6158000,
        "grossProfit": 111102000,
        "grossProfitRatio": 0.9474842231,
        "researchAndDevelopmentExpenses": 0,
        "generalAndAdministrativeExpenses": 46894000,
        "sellingAndMarketingExpenses": 3844000,
        "sellingGeneralAndAdministrativeExpenses": 50738000,
        "otherExpenses": -53330000,
        "operatingExpenses": 60740000,
        "costAndExpenses": 66898000,
        "interestIncome": 118083000,
        "interestExpense": 16224000,
        "depreciationAndAmortization": 3566000,
        "ebitda": 66586000,
        "ebitdaratio": 0.5678492239,
        "operatingIncome": 66586000,
        "operatingIncomeRatio": 0.5678492239,
        "totalOtherIncomeExpensesNet": -11026000,
        "incomeBeforeTax": 7813000,
        "incomeBeforeTaxRatio": 0.0666297118,
        "incomeTaxExpense": 1790000,
        "netIncome": 6023000,
        "netIncomeRatio": 0.0513644892,
        "eps": 0.64,
        "epsdiluted": 0.63,
        "weightedAverageShsOut": 9399000,
        "weightedAverageShsOutDil": 9566000,
        "link": "https://www.sec.gov/Archives/edgar/data/1519401/000095017023038581/0000950170-23-038581-index.htm",
        "finalLink": "https://www.sec.gov/Archives/edgar/data/1519401/000095017023038581/rm-20230630.htm"
    },
    {
        "date": "2023-03-31",
        "symbol": "RM",
        "reportedCurrency": "USD",
        "cik": "0001519401",
        "fillingDate": "2023-05-05",
        "acceptedDate": "2023-05-05 16:07:51",
        "calendarYear": "2023",
        "period": "Q1",
        "revenue": 118596000,
        "costOfRevenue": 5808000,
        "grossProfit": 112788000,
        "grossProfitRatio": 0.9510270161,
        "researchAndDevelopmentExpenses": 0,
        "generalAndAdministrativeExpenses": 49656000,
        "sellingAndMarketingExpenses": 3379000,
        "sellingGeneralAndAdministrativeExpenses": 53035000,
        "otherExpenses": -55245000,
        "operatingExpenses": 58191000,
        "costAndExpenses": 63999000,
        "interestIncome": 120407000,
        "interestExpense": 16782000,
        "depreciationAndAmortization": 4078000,
        "ebitda": 32465000,
        "ebitdaratio": 0.273744477,
        "operatingIncome": 28387000,
        "operatingIncomeRatio": 0.2393588317,
        "totalOtherIncomeExpensesNet": -54783000,
        "incomeBeforeTax": 11605000,
        "incomeBeforeTaxRatio": 0.097853216,
        "incomeTaxExpense": 2916000,
        "netIncome": 8689000,
        "netIncomeRatio": 0.0732655402,
        "eps": 0.93,
        "epsdiluted": 0.9,
        "weightedAverageShsOut": 9325000,
        "weightedAverageShsOutDil": 9622000,
        "link": "https://www.sec.gov/Archives/edgar/data/1519401/000095017023018312/0000950170-23-018312-index.htm",
        "finalLink": "https://www.sec.gov/Archives/edgar/data/1519401/000095017023018312/rm-20230331.htm"
    },
    {
        "date": "2022-12-31",
        "symbol": "RM",
        "reportedCurrency": "USD",
        "cik": "0001519401",
        "fillingDate": "2023-02-24",
        "acceptedDate": "2023-02-24 16:37:40",
        "calendarYear": "2022",
        "period": "Q4",
        "revenue": 117161000,
        "costOfRevenue": 124955000,
        "grossProfit": -7794000,
        "grossProfitRatio": -0.0665238433,
        "researchAndDevelopmentExpenses": 0,
        "generalAndAdministrativeExpenses": 44907000,
        "sellingAndMarketingExpenses": 4239000,
        "sellingGeneralAndAdministrativeExpenses": 49146000,
        "otherExpenses": 130531000,
        "operatingExpenses": 179677000,
        "costAndExpenses": 304632000,
        "interestIncome": 117432000,
        "interestExpense": 14855000,
        "depreciationAndAmortization": 3540000,
        "ebitda": 19627000,
        "ebitdaratio": 0.1675216156,
        "operatingIncome": 16087000,
        "operatingIncomeRatio": 0.137306783,
        "totalOtherIncomeExpensesNet": -219695000,
        "incomeBeforeTax": 1232000,
        "incomeBeforeTaxRatio": 0.0105154446,
        "incomeTaxExpense": -1159000,
        "netIncome": 2391000,
        "netIncomeRatio": 0.0204078149,
        "eps": 0.26,
        "epsdiluted": 0.25,
        "weightedAverageShsOut": 9199000,
        "weightedAverageShsOutDil": 9411000,
        "link": "https://www.sec.gov/Archives/edgar/data/1519401/000156459023002442/0001564590-23-002442-index.htm",
        "finalLink": "https://www.sec.gov/Archives/edgar/data/1519401/000156459023002442/rm-10k_20221231.htm"
    },
    {
        "date": "2022-09-30",
        "symbol": "RM",
        "reportedCurrency": "USD",
        "cik": "0001519401",
        "fillingDate": "2022-11-04",
        "acceptedDate": "2022-11-04 16:16:24",
        "calendarYear": "2022",
        "period": "Q3",
        "revenue": 119589000,
        "costOfRevenue": 48071000,
        "grossProfit": 71518000,
        "grossProfitRatio": 0.5980315915,
        "researchAndDevelopmentExpenses": 0,
        "generalAndAdministrativeExpenses": 48376000,
        "sellingAndMarketingExpenses": 3940000,
        "sellingGeneralAndAdministrativeExpenses": 52316000,
        "otherExpenses": 0,
        "operatingExpenses": 54719000,
        "costAndExpenses": 102790000,
        "interestIncome": 116020000,
        "interestExpense": 11863000,
        "depreciationAndAmortization": 2915000,
        "ebitda": 28132000,
        "ebitdaratio": 0.235239027,
        "operatingIncome": 25217000,
        "operatingIncomeRatio": 0.2108638754,
        "totalOtherIncomeExpensesNet": -50146000,
        "incomeBeforeTax": 13354000,
        "incomeBeforeTaxRatio": 0.1116657887,
        "incomeTaxExpense": 3286000,
        "netIncome": 10068000,
        "netIncomeRatio": 0.0841883451,
        "eps": 1.09,
        "epsdiluted": 1.06,
        "weightedAverageShsOut": 9195000,
        "weightedAverageShsOutDil": 9526000,
        "link": "https://www.sec.gov/Archives/edgar/data/1519401/000156459022036771/0001564590-22-036771-index.htm",
        "finalLink": "https://www.sec.gov/Archives/edgar/data/1519401/000156459022036771/rm-10q_20220930.htm"
    },
    {
        "date": "2022-06-30",
        "symbol": "RM",
        "reportedCurrency": "USD",
        "cik": "0001519401",
        "fillingDate": "2022-08-05",
        "acceptedDate": "2022-08-05 16:17:21",
        "calendarYear": "2022",
        "period": "Q2",
        "revenue": 115307000,
        "costOfRevenue": 40097000,
        "grossProfit": 75210000,
        "grossProfitRatio": 0.6522587527,
        "researchAndDevelopmentExpenses": 0,
        "generalAndAdministrativeExpenses": 43857000,
        "sellingAndMarketingExpenses": 4108000,
        "sellingGeneralAndAdministrativeExpenses": 47965000,
        "otherExpenses": 10264000,
        "operatingExpenses": 58229000,
        "costAndExpenses": 98326000,
        "interestIncome": 109771000,
        "interestExpense": 7564000,
        "depreciationAndAmortization": 2996000,
        "ebitda": 26346000,
        "ebitdaratio": 0.2284856947,
        "operatingIncome": 23350000,
        "operatingIncomeRatio": 0.2025028836,
        "totalOtherIncomeExpensesNet": -42700000,
        "incomeBeforeTax": 15786000,
        "incomeBeforeTaxRatio": 0.1369040908,
        "incomeTaxExpense": 3804000,
        "netIncome": 11982000,
        "netIncomeRatio": 0.1039138994,
        "eps": 1.29,
        "epsdiluted": 1.24,
        "weightedAverageShsOut": 9261000,
        "weightedAverageShsOutDil": 9669000,
        "link": "https://www.sec.gov/Archives/edgar/data/1519401/000156459022028215/0001564590-22-028215-index.htm",
        "finalLink": "https://www.sec.gov/Archives/edgar/data/1519401/000156459022028215/rm-10q_20220630.htm"
    },
    {
        "date": "2022-03-31",
        "symbol": "RM",
        "reportedCurrency": "USD",
        "cik": "0001519401",
        "fillingDate": "2022-05-06",
        "acceptedDate": "2022-05-06 16:16:39",
        "calendarYear": "2022",
        "period": "Q1",
        "revenue": 120907000,
        "costOfRevenue": 5808000,
        "grossProfit": 115099000,
        "grossProfitRatio": 0.9519630791,
        "researchAndDevelopmentExpenses": 0,
        "generalAndAdministrativeExpenses": 46201000,
        "sellingAndMarketingExpenses": 3091000,
        "sellingGeneralAndAdministrativeExpenses": 49292000,
        "otherExpenses": -135309000,
        "operatingExpenses": -86017000,
        "costAndExpenses": -86017000,
        "interestIncome": 0,
        "interestExpense": 0,
        "depreciationAndAmortization": 3238000,
        "ebitda": 38128000,
        "ebitdaratio": 0.3153498143,
        "operatingIncome": 34890000,
        "operatingIncomeRatio": 0.2885689001,
        "totalOtherIncomeExpensesNet": -21900000,
        "incomeBeforeTax": 34949000,
        "incomeBeforeTaxRatio": 0.2890568784,
        "incomeTaxExpense": 8166000,
        "netIncome": 26783000,
        "netIncomeRatio": 0.2215173646,
        "eps": 2.81,
        "epsdiluted": 2.67,
        "weightedAverageShsOut": 9533000,
        "weightedAverageShsOutDil": 10022000,
        "link": "https://www.sec.gov/Archives/edgar/data/1519401/000156459022018583/0001564590-22-018583-index.htm",
        "finalLink": "https://www.sec.gov/Archives/edgar/data/1519401/000156459022018583/rm-10q_20220331.htm"
    },
    {
        "date": "2021-12-31",
        "symbol": "RM",
        "reportedCurrency": "USD",
        "cik": "0001519401",
        "fillingDate": "2022-03-04",
        "acceptedDate": "2022-03-04 17:14:30",
        "calendarYear": "2021",
        "period": "Q4",
        "revenue": 111887000,
        "costOfRevenue": 3187000,
        "grossProfit": 108700000,
        "grossProfitRatio": 0.9715159044,
        "researchAndDevelopmentExpenses": 0,
        "generalAndAdministrativeExpenses": 44590000,
        "sellingAndMarketingExpenses": 4431000,
        "sellingGeneralAndAdministrativeExpenses": 49021000,
        "otherExpenses": -127964000,
        "operatingExpenses": -78943000,
        "costAndExpenses": -78943000,
        "interestIncome": 107117000,
        "interestExpense": 7597000,
        "depreciationAndAmortization": 3187000,
        "ebitda": 35831000,
        "ebitdaratio": 0.3202427449,
        "operatingIncome": 32944000,
        "operatingIncomeRatio": 0.294439926,
        "totalOtherIncomeExpensesNet": -8197000,
        "incomeBeforeTax": 25347000,
        "incomeBeforeTaxRatio": 0.2265410638,
        "incomeTaxExpense": 4569000,
        "netIncome": 20778000,
        "netIncomeRatio": 0.1857052204,
        "eps": 2.18,
        "epsdiluted": 2.04,
        "weightedAverageShsOut": 9545000,
        "weightedAverageShsOutDil": 10177000,
        "link": "https://www.sec.gov/Archives/edgar/data/1519401/000156459022008810/0001564590-22-008810-index.htm",
        "finalLink": "https://www.sec.gov/Archives/edgar/data/1519401/000156459022008810/rm-10k_20211231.htm"
    },
    {
        "date": "2021-09-30",
        "symbol": "RM",
        "reportedCurrency": "USD",
        "cik": "0001519401",
        "fillingDate": "2021-11-04",
        "acceptedDate": "2021-11-04 16:18:31",
        "calendarYear": "2021",
        "period": "Q3",
        "revenue": 102644000,
        "costOfRevenue": 6027000,
        "grossProfit": 96617000,
        "grossProfitRatio": 0.9412824909,
        "researchAndDevelopmentExpenses": 0,
        "generalAndAdministrativeExpenses": 39235000,
        "sellingAndMarketingExpenses": 2488000,
        "sellingGeneralAndAdministrativeExpenses": 41723000,
        "otherExpenses": 0,
        "operatingExpenses": 50238000,
        "costAndExpenses": 56265000,
        "interestIncome": 99355000,
        "interestExpense": 8816000,
        "depreciationAndAmortization": 2894000,
        "ebitda": 55195000,
        "ebitdaratio": 0.5377323565,
        "operatingIncome": 55195000,
        "operatingIncomeRatio": 0.5377323565,
        "totalOtherIncomeExpensesNet": -11710000,
        "incomeBeforeTax": 28798000,
        "incomeBeforeTaxRatio": 0.2805619422,
        "incomeTaxExpense": 6577000,
        "netIncome": 22221000,
        "netIncomeRatio": 0.2164861073,
        "eps": 2.25,
        "epsdiluted": 2.11,
        "weightedAverageShsOut": 9861000,
        "weightedAverageShsOutDil": 10544000,
        "link": "https://www.sec.gov/Archives/edgar/data/1519401/000156459021054501/0001564590-21-054501-index.htm",
        "finalLink": "https://www.sec.gov/Archives/edgar/data/1519401/000156459021054501/rm-10q_20210930.htm"
    },
    {
        "date": "2021-06-30",
        "symbol": "RM",
        "reportedCurrency": "USD",
        "cik": "0001519401",
        "fillingDate": "2021-08-03",
        "acceptedDate": "2021-08-03 16:34:33",
        "calendarYear": "2021",
        "period": "Q2",
        "revenue": 91875000,
        "costOfRevenue": 5568000,
        "grossProfit": 86307000,
        "grossProfitRatio": 0.9393959184,
        "researchAndDevelopmentExpenses": 0,
        "generalAndAdministrativeExpenses": 36045000,
        "sellingAndMarketingExpenses": 4776000,
        "sellingGeneralAndAdministrativeExpenses": 40821000,
        "otherExpenses": -43708000,
        "operatingExpenses": 51165000,
        "costAndExpenses": 56733000,
        "interestIncome": 88793000,
        "interestExpense": 7801000,
        "depreciationAndAmortization": 2681000,
        "ebitda": 35419000,
        "ebitdaratio": 0.3855129252,
        "operatingIncome": 42943000,
        "operatingIncomeRatio": 0.4674068027,
        "totalOtherIncomeExpensesNet": -10028000,
        "incomeBeforeTax": 24937000,
        "incomeBeforeTaxRatio": 0.2714231293,
        "incomeTaxExpense": 4771000,
        "netIncome": 20166000,
        "netIncomeRatio": 0.2194938776,
        "eps": 1.98,
        "epsdiluted": 1.87,
        "weightedAverageShsOut": 10200000,
        "weightedAverageShsOutDil": 10797000,
        "link": "https://www.sec.gov/Archives/edgar/data/1519401/000156459021040278/0001564590-21-040278-index.htm",
        "finalLink": "https://www.sec.gov/Archives/edgar/data/1519401/000156459021040278/rm-10q_20210630.htm"
    },
    {
        "date": "2021-03-31",
        "symbol": "RM",
        "reportedCurrency": "USD",
        "cik": "0001519401",
        "fillingDate": "2021-05-06",
        "acceptedDate": "2021-05-06 16:18:02",
        "calendarYear": "2021",
        "period": "Q1",
        "revenue": 90596000,
        "costOfRevenue": 6020000,
        "grossProfit": 84576000,
        "grossProfitRatio": 0.9335511502,
        "researchAndDevelopmentExpenses": 0,
        "generalAndAdministrativeExpenses": 37113000,
        "sellingAndMarketingExpenses": 2710000,
        "sellingGeneralAndAdministrativeExpenses": 39823000,
        "otherExpenses": -42167000,
        "operatingExpenses": 48553000,
        "costAndExpenses": 54573000,
        "interestIncome": 87279000,
        "interestExpense": 7135000,
        "depreciationAndAmortization": 2891000,
        "ebitda": 43158000,
        "ebitdaratio": 0.4763786481,
        "operatingIncome": 43158000,
        "operatingIncomeRatio": 0.4763786481,
        "totalOtherIncomeExpensesNet": -10811000,
        "incomeBeforeTax": 33391000,
        "incomeBeforeTaxRatio": 0.3685703563,
        "incomeTaxExpense": 7869000,
        "netIncome": 25522000,
        "netIncomeRatio": 0.2817122169,
        "eps": 2.42,
        "epsdiluted": 2.31,
        "weightedAverageShsOut": 10543000,
        "weightedAverageShsOutDil": 11066000,
        "link": "https://www.sec.gov/Archives/edgar/data/1519401/000156459021024996/0001564590-21-024996-index.htm",
        "finalLink": "https://www.sec.gov/Archives/edgar/data/1519401/000156459021024996/rm-10q_20210331.htm"
    },
    {
        "date": "2020-12-31",
        "symbol": "RM",
        "reportedCurrency": "USD",
        "cik": "0001519401",
        "fillingDate": "2021-02-25",
        "acceptedDate": "2021-02-25 16:50:28",
        "calendarYear": "2020",
        "period": "Q4",
        "revenue": 88188000,
        "costOfRevenue": 5700000,
        "grossProfit": 82488000,
        "grossProfitRatio": 0.9353653558,
        "researchAndDevelopmentExpenses": 0,
        "generalAndAdministrativeExpenses": 34910000,
        "sellingAndMarketingExpenses": 3984000,
        "sellingGeneralAndAdministrativeExpenses": 38894000,
        "otherExpenses": 30106000,
        "operatingExpenses": 69000000,
        "costAndExpenses": 186625,
        "interestIncome": 86845000,
        "interestExpense": 9256000,
        "depreciationAndAmortization": 3880000,
        "ebitda": 0,
        "ebitdaratio": 0,
        "operatingIncome": 187217,
        "operatingIncomeRatio": 0.0021229306,
        "totalOtherIncomeExpensesNet": -25646000,
        "incomeBeforeTax": 18694000,
        "incomeBeforeTaxRatio": 0.2119789541,
        "incomeTaxExpense": 4347000,
        "netIncome": 14347000,
        "netIncomeRatio": 0.1626865333,
        "eps": 1.32,
        "epsdiluted": 1.28,
        "weightedAverageShsOut": 10882000,
        "weightedAverageShsOutDil": 11228000,
        "link": "https://www.sec.gov/Archives/edgar/data/1519401/000156459021008906/0001564590-21-008906-index.htm",
        "finalLink": "https://www.sec.gov/Archives/edgar/data/1519401/000156459021008906/rm-10k_20201231.htm"
    },
    {
        "date": "2020-09-30",
        "symbol": "RM",
        "reportedCurrency": "USD",
        "cik": "0001519401",
        "fillingDate": "2020-11-05",
        "acceptedDate": "2020-11-05 17:00:10",
        "calendarYear": "2020",
        "period": "Q3",
        "revenue": 81238000,
        "costOfRevenue": 6851000,
        "grossProfit": 74387000,
        "grossProfitRatio": 0.9156675447,
        "researchAndDevelopmentExpenses": 0,
        "generalAndAdministrativeExpenses": 33654000,
        "sellingAndMarketingExpenses": 3249000,
        "sellingGeneralAndAdministrativeExpenses": 36903000,
        "otherExpenses": 0,
        "operatingExpenses": 47003000,
        "costAndExpenses": 53854000,
        "interestIncome": 81306000,
        "interestExpense": 9300000,
        "depreciationAndAmortization": 3702000,
        "ebitda": 36684000,
        "ebitdaratio": 0.4515620769,
        "operatingIncome": 36684000,
        "operatingIncomeRatio": 0.4515620769,
        "totalOtherIncomeExpensesNet": -13802000,
        "incomeBeforeTax": 15395000,
        "incomeBeforeTaxRatio": 0.1895049115,
        "incomeTaxExpense": 4157000,
        "netIncome": 11238000,
        "netIncomeRatio": 0.1383342771,
        "eps": 1.02,
        "epsdiluted": 1.01,
        "weightedAverageShsOut": 10977000,
        "weightedAverageShsOutDil": 11092000,
        "link": "https://www.sec.gov/Archives/edgar/data/1519401/000156459020051441/0001564590-20-051441-index.htm",
        "finalLink": "https://www.sec.gov/Archives/edgar/data/1519401/000156459020051441/rm-10q_20200930.htm"
    },
    {
        "date": "2020-06-30",
        "symbol": "RM",
        "reportedCurrency": "USD",
        "cik": "0001519401",
        "fillingDate": "2020-08-07",
        "acceptedDate": "2020-08-07 18:26:35",
        "calendarYear": "2020",
        "period": "Q2",
        "revenue": 80713000,
        "costOfRevenue": 6253000,
        "grossProfit": 74460000,
        "grossProfitRatio": 0.9225279695,
        "researchAndDevelopmentExpenses": 0,
        "generalAndAdministrativeExpenses": 33834000,
        "sellingAndMarketingExpenses": 1438000,
        "sellingGeneralAndAdministrativeExpenses": 35272000,
        "otherExpenses": 33728000,
        "operatingExpenses": 69000000,
        "costAndExpenses": 49216000,
        "interestIncome": 80067000,
        "interestExpense": 9137000,
        "depreciationAndAmortization": 2855000,
        "ebitda": 40634000,
        "ebitdaratio": 0.5034381079,
        "operatingIncome": 40634000,
        "operatingIncomeRatio": 0.5034381079,
        "totalOtherIncomeExpensesNet": -11992000,
        "incomeBeforeTax": 11689000,
        "incomeBeforeTaxRatio": 0.1448217759,
        "incomeTaxExpense": 4219000,
        "netIncome": 7470000,
        "netIncomeRatio": 0.0925501468,
        "eps": 0.68,
        "epsdiluted": 0.68,
        "weightedAverageShsOut": 10962000,
        "weightedAverageShsOutDil": 11013000,
        "link": "https://www.sec.gov/Archives/edgar/data/1519401/000119312520213325/0001193125-20-213325-index.htm",
        "finalLink": "https://www.sec.gov/Archives/edgar/data/1519401/000119312520213325/d795190d10q.htm"
    },
    {
        "date": "2020-03-31",
        "symbol": "RM",
        "reportedCurrency": "USD",
        "cik": "0001519401",
        "fillingDate": "2020-05-08",
        "acceptedDate": "2020-05-08 16:19:22",
        "calendarYear": "2020",
        "period": "Q1",
        "revenue": 85915000,
        "costOfRevenue": 5771000,
        "grossProfit": 80144000,
        "grossProfitRatio": 0.9328289589,
        "researchAndDevelopmentExpenses": 0,
        "generalAndAdministrativeExpenses": 38786000,
        "sellingAndMarketingExpenses": 1686000,
        "sellingGeneralAndAdministrativeExpenses": 40472000,
        "otherExpenses": 55528000,
        "operatingExpenses": 96000000,
        "costAndExpenses": 53700000,
        "interestIncome": 86997000,
        "interestExpense": 10159000,
        "depreciationAndAmortization": 2871000,
        "ebitda": 27080000,
        "ebitdaratio": 0.3151952511,
        "operatingIncome": 42374000,
        "operatingIncomeRatio": 0.4932084037,
        "totalOtherIncomeExpensesNet": -30931000,
        "incomeBeforeTax": -9850000,
        "incomeBeforeTaxRatio": -0.1146481988,
        "incomeTaxExpense": -3525000,
        "netIncome": -6325000,
        "netIncomeRatio": -0.0736192749,
        "eps": -0.58,
        "epsdiluted": -0.56,
        "weightedAverageShsOut": 10897000,
        "weightedAverageShsOutDil": 11253000,
        "link": "https://www.sec.gov/Archives/edgar/data/1519401/000119312520137580/0001193125-20-137580-index.htm",
        "finalLink": "https://www.sec.gov/Archives/edgar/data/1519401/000119312520137580/d917038d10q.htm"
    },
    {
        "date": "2019-12-31",
        "symbol": "RM",
        "reportedCurrency": "USD",
        "cik": "0001519401",
        "fillingDate": "2020-03-16",
        "acceptedDate": "2020-03-13 20:28:05",
        "calendarYear": "2019",
        "period": "Q4",
        "revenue": 87699000,
        "costOfRevenue": 26039000,
        "grossProfit": 61660000,
        "grossProfitRatio": 0.7030866943,
        "researchAndDevelopmentExpenses": 0,
        "generalAndAdministrativeExpenses": 33118000,
        "sellingAndMarketingExpenses": 1897000,
        "sellingGeneralAndAdministrativeExpenses": 35015000,
        "otherExpenses": 31985000,
        "operatingExpenses": 67000000,
        "costAndExpenses": 67000000,
        "interestIncome": 87784000,
        "interestExpense": 10285000,
        "depreciationAndAmortization": 2890000,
        "ebitda": 33944000,
        "ebitdaratio": 0.3870511636,
        "operatingIncome": 31054000,
        "operatingIncomeRatio": 0.3540975382,
        "totalOtherIncomeExpensesNet": 20010000,
        "incomeBeforeTax": 20769000,
        "incomeBeforeTaxRatio": 0.2368214005,
        "incomeTaxExpense": 5086000,
        "netIncome": 15683000,
        "netIncomeRatio": 0.1788275807,
        "eps": 1.44,
        "epsdiluted": 1.38,
        "weightedAverageShsOut": 10893000,
        "weightedAverageShsOutDil": 11327000,
        "link": "https://www.sec.gov/Archives/edgar/data/1519401/000119312520073232/0001193125-20-073232-index.htm",
        "finalLink": "https://www.sec.gov/Archives/edgar/data/1519401/000119312520073232/d860904d10k.htm"
    },
    {
        "date": "2019-09-30",
        "symbol": "RM",
        "reportedCurrency": "USD",
        "cik": "0001519401",
        "fillingDate": "2019-11-06",
        "acceptedDate": "2019-11-06 17:26:16",
        "calendarYear": "2019",
        "period": "Q3",
        "revenue": 81359000,
        "costOfRevenue": 6367000,
        "grossProfit": 74992000,
        "grossProfitRatio": 0.9217419093,
        "researchAndDevelopmentExpenses": 0,
        "generalAndAdministrativeExpenses": 31403000,
        "sellingAndMarketingExpenses": 2397000,
        "sellingGeneralAndAdministrativeExpenses": 33800000,
        "otherExpenses": 31200000,
        "operatingExpenses": 65000000,
        "costAndExpenses": 48931000,
        "interestIncome": 83089000,
        "interestExpense": 10348000,
        "depreciationAndAmortization": 2639000,
        "ebitda": 42776000,
        "ebitdaratio": 0.5257685075,
        "operatingIncome": 42776000,
        "operatingIncomeRatio": 0.5257685075,
        "totalOtherIncomeExpensesNet": -12987000,
        "incomeBeforeTax": 16677000,
        "incomeBeforeTaxRatio": 0.2049803955,
        "incomeTaxExpense": 4105000,
        "netIncome": 12572000,
        "netIncomeRatio": 0.1545250065,
        "eps": 1.11,
        "epsdiluted": 1.08,
        "weightedAverageShsOut": 11302000,
        "weightedAverageShsOutDil": 11677000,
        "link": "https://www.sec.gov/Archives/edgar/data/1519401/000119312519286080/0001193125-19-286080-index.htm",
        "finalLink": "https://www.sec.gov/Archives/edgar/data/1519401/000119312519286080/d813239d10q.htm"
    },
    {
        "date": "2019-06-30",
        "symbol": "RM",
        "reportedCurrency": "USD",
        "cik": "0001519401",
        "fillingDate": "2019-07-31",
        "acceptedDate": "2019-07-31 17:08:21",
        "calendarYear": "2019",
        "period": "Q2",
        "revenue": 74503000,
        "costOfRevenue": 6210000,
        "grossProfit": 68293000,
        "grossProfitRatio": 0.9166476518,
        "researchAndDevelopmentExpenses": 0,
        "generalAndAdministrativeExpenses": 29272000,
        "sellingAndMarketingExpenses": 2261000,
        "sellingGeneralAndAdministrativeExpenses": 31533000,
        "otherExpenses": 31467000,
        "operatingExpenses": 63000000,
        "costAndExpenses": 46214000,
        "interestIncome": 75974000,
        "interestExpense": 9771000,
        "depreciationAndAmortization": 2694000,
        "ebitda": 38060000,
        "ebitdaratio": 0.510851912,
        "operatingIncome": 38060000,
        "operatingIncomeRatio": 0.510851912,
        "totalOtherIncomeExpensesNet": -12465000,
        "incomeBeforeTax": 11046000,
        "incomeBeforeTaxRatio": 0.1482624861,
        "incomeTaxExpense": 2677000,
        "netIncome": 8369000,
        "netIncomeRatio": 0.1123310471,
        "eps": 0.71,
        "epsdiluted": 0.7,
        "weightedAverageShsOut": 11706000,
        "weightedAverageShsOutDil": 12022000,
        "link": "https://www.sec.gov/Archives/edgar/data/1519401/000119312519208934/0001193125-19-208934-index.htm",
        "finalLink": "https://www.sec.gov/Archives/edgar/data/1519401/000119312519208934/d760179d10q.htm"
    },
    {
        "date": "2019-03-31",
        "symbol": "RM",
        "reportedCurrency": "USD",
        "cik": "0001519401",
        "fillingDate": "2019-05-08",
        "acceptedDate": "2019-05-08 16:37:08",
        "calendarYear": "2019",
        "period": "Q1",
        "revenue": 72027000,
        "costOfRevenue": 6165000,
        "grossProfit": 65862000,
        "grossProfitRatio": 0.9144070973,
        "researchAndDevelopmentExpenses": 0,
        "generalAndAdministrativeExpenses": 30367000,
        "sellingAndMarketingExpenses": 1651000,
        "sellingGeneralAndAdministrativeExpenses": 32018000,
        "otherExpenses": 29982000,
        "operatingExpenses": 62000000,
        "costAndExpenses": 45999000,
        "interestIncome": 74322000,
        "interestExpense": 9721000,
        "depreciationAndAmortization": 2633000,
        "ebitda": 35749000,
        "ebitdaratio": 0.496327766,
        "operatingIncome": 35749000,
        "operatingIncomeRatio": 0.496327766,
        "totalOtherIncomeExpensesNet": -13254000,
        "incomeBeforeTax": 10501000,
        "incomeBeforeTaxRatio": 0.14579255,
        "incomeTaxExpense": 2393000,
        "netIncome": 8108000,
        "netIncomeRatio": 0.1125688978,
        "eps": 0.69,
        "epsdiluted": 0.67,
        "weightedAverageShsOut": 11712000,
        "weightedAverageShsOutDil": 12076000,
        "link": "https://www.sec.gov/Archives/edgar/data/1519401/000119312519141488/0001193125-19-141488-index.htm",
        "finalLink": "https://www.sec.gov/Archives/edgar/data/1519401/000119312519141488/d886856d10q.htm"
    },
    {
        "date": "2018-12-31",
        "symbol": "RM",
        "reportedCurrency": "USD",
        "cik": "0001519401",
        "fillingDate": "2019-03-08",
        "acceptedDate": "2019-03-08 16:56:23",
        "calendarYear": "2018",
        "period": "Q4",
        "revenue": 74106000,
        "costOfRevenue": 23698000,
        "grossProfit": 50408000,
        "grossProfitRatio": 0.6802148274,
        "researchAndDevelopmentExpenses": 0,
        "generalAndAdministrativeExpenses": 28781000,
        "sellingAndMarketingExpenses": 1902000,
        "sellingGeneralAndAdministrativeExpenses": 30683000,
        "otherExpenses": 29317000,
        "operatingExpenses": 60000000,
        "costAndExpenses": 60000000,
        "interestIncome": 75013000,
        "interestExpense": 9643000,
        "depreciationAndAmortization": 2402000,
        "ebitda": 25837000,
        "ebitdaratio": 0.3486492322,
        "operatingIncome": 23435000,
        "operatingIncomeRatio": 0.3162362022,
        "totalOtherIncomeExpensesNet": 16274000,
        "incomeBeforeTax": 13792000,
        "incomeBeforeTaxRatio": 0.1861117858,
        "incomeTaxExpense": 3022000,
        "netIncome": 10770000,
        "netIncomeRatio": 0.1453323618,
        "eps": 0.92,
        "epsdiluted": 0.9,
        "weightedAverageShsOut": 11672000,
        "weightedAverageShsOutDil": 12010000,
        "link": "https://www.sec.gov/Archives/edgar/data/1519401/000119312519069241/0001193125-19-069241-index.htm",
        "finalLink": "https://www.sec.gov/Archives/edgar/data/1519401/000119312519069241/d683785d10k.htm"
    },
    {
        "date": "2018-09-30",
        "symbol": "RM",
        "reportedCurrency": "USD",
        "cik": "0001519401",
        "fillingDate": "2018-11-08",
        "acceptedDate": "2018-11-08 17:22:11",
        "calendarYear": "2018",
        "period": "Q3",
        "revenue": 69187000,
        "costOfRevenue": 5490000,
        "grossProfit": 63697000,
        "grossProfitRatio": 0.9206498331,
        "researchAndDevelopmentExpenses": 0,
        "generalAndAdministrativeExpenses": 28239000,
        "sellingAndMarketingExpenses": 2132000,
        "sellingGeneralAndAdministrativeExpenses": 30371000,
        "otherExpenses": 29629000,
        "operatingExpenses": 60000000,
        "costAndExpenses": 43483000,
        "interestIncome": 72128000,
        "interestExpense": 8729000,
        "depreciationAndAmortization": 2330000,
        "ebitda": 34433000,
        "ebitdaratio": 0.4976802,
        "operatingIncome": 34433000,
        "operatingIncomeRatio": 0.4976802,
        "totalOtherIncomeExpensesNet": -11059000,
        "incomeBeforeTax": 9686000,
        "incomeBeforeTaxRatio": 0.1399973984,
        "incomeTaxExpense": 2237000,
        "netIncome": 7449000,
        "netIncomeRatio": 0.1076647347,
        "eps": 0.64,
        "epsdiluted": 0.61,
        "weightedAverageShsOut": 11672000,
        "weightedAverageShsOutDil": 12133000,
        "link": "https://www.sec.gov/Archives/edgar/data/1519401/000119312518322715/0001193125-18-322715-index.htm",
        "finalLink": "https://www.sec.gov/Archives/edgar/data/1519401/000119312518322715/d538541d10q.htm"
    },
    {
        "date": "2018-06-30",
        "symbol": "RM",
        "reportedCurrency": "USD",
        "cik": "0001519401",
        "fillingDate": "2018-08-06",
        "acceptedDate": "2018-08-06 16:19:06",
        "calendarYear": "2018",
        "period": "Q2",
        "revenue": 64501000,
        "costOfRevenue": 5478000,
        "grossProfit": 59023000,
        "grossProfitRatio": 0.9150710842,
        "researchAndDevelopmentExpenses": 0,
        "generalAndAdministrativeExpenses": 25479000,
        "sellingAndMarketingExpenses": 2258000,
        "sellingGeneralAndAdministrativeExpenses": 27737000,
        "otherExpenses": 25263000,
        "operatingExpenses": 53000000,
        "costAndExpenses": 40951000,
        "interestIncome": 66829000,
        "interestExpense": 7915000,
        "depreciationAndAmortization": 2047000,
        "ebitda": 31465000,
        "ebitdaratio": 0.4878218942,
        "operatingIncome": 31465000,
        "operatingIncomeRatio": 0.4878218942,
        "totalOtherIncomeExpensesNet": -9962000,
        "incomeBeforeTax": 11083000,
        "incomeBeforeTaxRatio": 0.1718267934,
        "incomeTaxExpense": 2601000,
        "netIncome": 8482000,
        "netIncomeRatio": 0.1315018372,
        "eps": 0.73,
        "epsdiluted": 0.7,
        "weightedAverageShsOut": 11658000,
        "weightedAverageShsOutDil": 12138000,
        "link": "https://www.sec.gov/Archives/edgar/data/1519401/000119312518239703/0001193125-18-239703-index.htm",
        "finalLink": "https://www.sec.gov/Archives/edgar/data/1519401/000119312518239703/d716890d10q.htm"
    },
    {
        "date": "2018-03-31",
        "symbol": "RM",
        "reportedCurrency": "USD",
        "cik": "0001519401",
        "fillingDate": "2018-05-01",
        "acceptedDate": "2018-05-01 16:51:58",
        "calendarYear": "2018",
        "period": "Q1",
        "revenue": 65448000,
        "costOfRevenue": 5618000,
        "grossProfit": 59830000,
        "grossProfitRatio": 0.9141608605,
        "researchAndDevelopmentExpenses": 0,
        "generalAndAdministrativeExpenses": 27521000,
        "sellingAndMarketingExpenses": 1453000,
        "sellingGeneralAndAdministrativeExpenses": 28974000,
        "otherExpenses": 25026000,
        "operatingExpenses": 54000000,
        "costAndExpenses": 41663000,
        "interestIncome": 66151000,
        "interestExpense": 7177000,
        "depreciationAndAmortization": 2024000,
        "ebitda": 30962000,
        "ebitdaratio": 0.4730778633,
        "operatingIncome": 30962000,
        "operatingIncomeRatio": 0.4730778633,
        "totalOtherIncomeExpensesNet": -9201000,
        "incomeBeforeTax": 11341000,
        "incomeBeforeTaxRatio": 0.173282606,
        "incomeTaxExpense": 2697000,
        "netIncome": 8644000,
        "netIncomeRatio": 0.1320743185,
        "eps": 0.74,
        "epsdiluted": 0.72,
        "weightedAverageShsOut": 11618000,
        "weightedAverageShsOutDil": 12030000,
        "link": "https://www.sec.gov/Archives/edgar/data/1519401/000119312518146741/0001193125-18-146741-index.htm",
        "finalLink": "https://www.sec.gov/Archives/edgar/data/1519401/000119312518146741/d571641d10q.htm"
    },
    {
        "date": "2017-12-31",
        "symbol": "RM",
        "reportedCurrency": "USD",
        "cik": "0001519401",
        "fillingDate": "2018-02-23",
        "acceptedDate": "2018-02-23 16:41:21",
        "calendarYear": "2017",
        "period": "Q4",
        "revenue": 65291000,
        "costOfRevenue": 16564000,
        "grossProfit": 48727000,
        "grossProfitRatio": 0.7463050038,
        "researchAndDevelopmentExpenses": 0,
        "generalAndAdministrativeExpenses": 26832000,
        "sellingAndMarketingExpenses": 1841000,
        "sellingGeneralAndAdministrativeExpenses": 28673000,
        "otherExpenses": 24327000,
        "operatingExpenses": 53000000,
        "costAndExpenses": 53000000,
        "interestIncome": 66377000,
        "interestExpense": 6816000,
        "depreciationAndAmortization": 2020000,
        "ebitda": 23544000,
        "ebitdaratio": 0.3606010017,
        "operatingIncome": 18624000,
        "operatingIncomeRatio": 0.2852460523,
        "totalOtherIncomeExpensesNet": 11174000,
        "incomeBeforeTax": 11808000,
        "incomeBeforeTaxRatio": 0.1808518785,
        "incomeTaxExpense": 923000,
        "netIncome": 10885000,
        "netIncomeRatio": 0.1667151675,
        "eps": 0.94,
        "epsdiluted": 0.92,
        "weightedAverageShsOut": 11592000,
        "weightedAverageShsOutDil": 11875000,
        "link": "https://www.sec.gov/Archives/edgar/data/1519401/000119312518056059/0001193125-18-056059-index.htm",
        "finalLink": "https://www.sec.gov/Archives/edgar/data/1519401/000119312518056059/d520221d10k.htm"
    },
    {
        "date": "2017-09-30",
        "symbol": "RM",
        "reportedCurrency": "USD",
        "cik": "0001519401",
        "fillingDate": "2017-11-08",
        "acceptedDate": "2017-11-08 16:34:34",
        "calendarYear": "2017",
        "period": "Q3",
        "revenue": 62536000,
        "costOfRevenue": 5480000,
        "grossProfit": 57056000,
        "grossProfitRatio": 0.9123704746,
        "researchAndDevelopmentExpenses": 0,
        "generalAndAdministrativeExpenses": 26057000,
        "sellingAndMarketingExpenses": 2303000,
        "sellingGeneralAndAdministrativeExpenses": 28360000,
        "otherExpenses": 25640000,
        "operatingExpenses": 54000000,
        "costAndExpenses": 41623000,
        "interestIncome": 63615000,
        "interestExpense": 6658000,
        "depreciationAndAmortization": 2106000,
        "ebitda": 27571000,
        "ebitdaratio": 0.4408820519,
        "operatingIncome": 27571000,
        "operatingIncomeRatio": 0.4408820519,
        "totalOtherIncomeExpensesNet": -8764000,
        "incomeBeforeTax": 8544000,
        "incomeBeforeTaxRatio": 0.1366253038,
        "incomeTaxExpense": 3235000,
        "netIncome": 5309000,
        "netIncomeRatio": 0.0848951004,
        "eps": 0.46,
        "epsdiluted": 0.45,
        "weightedAverageShsOut": 11563000,
        "weightedAverageShsOutDil": 11812000,
        "link": "https://www.sec.gov/Archives/edgar/data/1519401/000119312517337335/0001193125-17-337335-index.htm",
        "finalLink": "https://www.sec.gov/Archives/edgar/data/1519401/000119312517337335/d463890d10q.htm"
    },
    {
        "date": "2017-06-30",
        "symbol": "RM",
        "reportedCurrency": "USD",
        "cik": "0001519401",
        "fillingDate": "2017-08-01",
        "acceptedDate": "2017-08-01 16:44:36",
        "calendarYear": "2017",
        "period": "Q2",
        "revenue": 60117000,
        "costOfRevenue": 5419000,
        "grossProfit": 54698000,
        "grossProfitRatio": 0.9098591081,
        "researchAndDevelopmentExpenses": 0,
        "generalAndAdministrativeExpenses": 24444000,
        "sellingAndMarketingExpenses": 1779000,
        "sellingGeneralAndAdministrativeExpenses": 26223000,
        "otherExpenses": 23777000,
        "operatingExpenses": 50000000,
        "costAndExpenses": 38840000,
        "interestIncome": 59787000,
        "interestExpense": 5221000,
        "depreciationAndAmortization": 1628000,
        "ebitda": 26498000,
        "ebitdaratio": 0.4407738244,
        "operatingIncome": 26498000,
        "operatingIncomeRatio": 0.4407738244,
        "totalOtherIncomeExpensesNet": -7249000,
        "incomeBeforeTax": 9886000,
        "incomeBeforeTaxRatio": 0.164445997,
        "incomeTaxExpense": 3751000,
        "netIncome": 6135000,
        "netIncomeRatio": 0.1020510005,
        "eps": 0.53,
        "epsdiluted": 0.52,
        "weightedAverageShsOut": 11554000,
        "weightedAverageShsOutDil": 11730000,
        "link": "https://www.sec.gov/Archives/edgar/data/1519401/000119312517244339/0001193125-17-244339-index.htm",
        "finalLink": "https://www.sec.gov/Archives/edgar/data/1519401/000119312517244339/d412494d10q.htm"
    },
    {
        "date": "2017-03-31",
        "symbol": "RM",
        "reportedCurrency": "USD",
        "cik": "0001519401",
        "fillingDate": "2017-05-02",
        "acceptedDate": "2017-05-02 16:59:03",
        "calendarYear": "2017",
        "period": "Q1",
        "revenue": 60607000,
        "costOfRevenue": 5285000,
        "grossProfit": 55322000,
        "grossProfitRatio": 0.9127988516,
        "researchAndDevelopmentExpenses": 0,
        "generalAndAdministrativeExpenses": 24964000,
        "sellingAndMarketingExpenses": 1205000,
        "sellingGeneralAndAdministrativeExpenses": 26169000,
        "otherExpenses": 24831000,
        "operatingExpenses": 51000000,
        "costAndExpenses": 37944000,
        "interestIncome": 59255000,
        "interestExpense": 5213000,
        "depreciationAndAmortization": 1603000,
        "ebitda": 27876000,
        "ebitdaratio": 0.4599468708,
        "operatingIncome": 27876000,
        "operatingIncomeRatio": 0.4599468708,
        "totalOtherIncomeExpensesNet": -6816000,
        "incomeBeforeTax": 10019000,
        "incomeBeforeTaxRatio": 0.1653109377,
        "incomeTaxExpense": 2385000,
        "netIncome": 7634000,
        "netIncomeRatio": 0.1259590476,
        "eps": 0.66,
        "epsdiluted": 0.65,
        "weightedAverageShsOut": 11494000,
        "weightedAverageShsOutDil": 11715000,
        "link": "https://www.sec.gov/Archives/edgar/data/1519401/000119312517154149/0001193125-17-154149-index.htm",
        "finalLink": "https://www.sec.gov/Archives/edgar/data/1519401/000119312517154149/d338932d10q.htm"
    },
    {
        "date": "2016-12-31",
        "symbol": "RM",
        "reportedCurrency": "USD",
        "cik": "0001519401",
        "fillingDate": "2017-02-10",
        "acceptedDate": "2017-02-10 17:20:18",
        "calendarYear": "2016",
        "period": "Q4",
        "revenue": 58734000,
        "costOfRevenue": 19427000,
        "grossProfit": 39307000,
        "grossProfitRatio": 0.6692375796,
        "researchAndDevelopmentExpenses": 0,
        "generalAndAdministrativeExpenses": 22101000,
        "sellingAndMarketingExpenses": 1474000,
        "sellingGeneralAndAdministrativeExpenses": 23575000,
        "otherExpenses": 24425000,
        "operatingExpenses": 48000000,
        "costAndExpenses": 48000000,
        "interestIncome": 59654000,
        "interestExpense": 5287000,
        "depreciationAndAmortization": 1496000,
        "ebitda": 17264000,
        "ebitdaratio": 0.2939353696,
        "operatingIncome": 15768000,
        "operatingIncomeRatio": 0.2684646031,
        "totalOtherIncomeExpensesNet": 9180000,
        "incomeBeforeTax": 10481000,
        "incomeBeforeTaxRatio": 0.1784485988,
        "incomeTaxExpense": 4014000,
        "netIncome": 6467000,
        "netIncomeRatio": 0.1101065822,
        "eps": 0.57,
        "epsdiluted": 0.55,
        "weightedAverageShsOut": 11408000,
        "weightedAverageShsOutDil": 11763000,
        "link": "https://www.sec.gov/Archives/edgar/data/1519401/000119312517038556/0001193125-17-038556-index.htm",
        "finalLink": "https://www.sec.gov/Archives/edgar/data/1519401/000119312517038556/d323805d10k.htm"
    },
    {
        "date": "2016-09-30",
        "symbol": "RM",
        "reportedCurrency": "USD",
        "cik": "0001519401",
        "fillingDate": "2016-10-27",
        "acceptedDate": "2016-10-27 16:33:09",
        "calendarYear": "2016",
        "period": "Q3",
        "revenue": 57359000,
        "costOfRevenue": 5175000,
        "grossProfit": 52184000,
        "grossProfitRatio": 0.9097787618,
        "researchAndDevelopmentExpenses": 0,
        "generalAndAdministrativeExpenses": 23492000,
        "sellingAndMarketingExpenses": 1786000,
        "sellingGeneralAndAdministrativeExpenses": 25278000,
        "otherExpenses": 21722000,
        "operatingExpenses": 47000000,
        "costAndExpenses": 37414000,
        "interestIncome": 57420000,
        "interestExpense": 5116000,
        "depreciationAndAmortization": 1615000,
        "ebitda": 25061000,
        "ebitdaratio": 0.4369148695,
        "operatingIncome": 25061000,
        "operatingIncomeRatio": 0.4369148695,
        "totalOtherIncomeExpensesNet": -6731000,
        "incomeBeforeTax": 10496000,
        "incomeBeforeTaxRatio": 0.1829878485,
        "incomeTaxExpense": 4020000,
        "netIncome": 6476000,
        "netIncomeRatio": 0.1129029446,
        "eps": 0.57,
        "epsdiluted": 0.56,
        "weightedAverageShsOut": 11384000,
        "weightedAverageShsOutDil": 11664000,
        "link": "https://www.sec.gov/Archives/edgar/data/1519401/000119312516749779/0001193125-16-749779-index.htm",
        "finalLink": "https://www.sec.gov/Archives/edgar/data/1519401/000119312516749779/d231882d10q.htm"
    },
    {
        "date": "2016-06-30",
        "symbol": "RM",
        "reportedCurrency": "USD",
        "cik": "0001519401",
        "fillingDate": "2016-07-26",
        "acceptedDate": "2016-07-26 17:12:10",
        "calendarYear": "2016",
        "period": "Q2",
        "revenue": 52514000,
        "costOfRevenue": 4770000,
        "grossProfit": 47744000,
        "grossProfitRatio": 0.9091670793,
        "researchAndDevelopmentExpenses": 0,
        "generalAndAdministrativeExpenses": 22716000,
        "sellingAndMarketingExpenses": 2062000,
        "sellingGeneralAndAdministrativeExpenses": 24778000,
        "otherExpenses": 18222000,
        "operatingExpenses": 43000000,
        "costAndExpenses": 36380000,
        "interestIncome": 52589000,
        "interestExpense": 4811000,
        "depreciationAndAmortization": 1802000,
        "ebitda": 20945000,
        "ebitdaratio": 0.398846022,
        "operatingIncome": 20945000,
        "operatingIncomeRatio": 0.398846022,
        "totalOtherIncomeExpensesNet": -6613000,
        "incomeBeforeTax": 9580000,
        "incomeBeforeTaxRatio": 0.1824275431,
        "incomeTaxExpense": 3668000,
        "netIncome": 5912000,
        "netIncomeRatio": 0.1125795026,
        "eps": 0.5,
        "epsdiluted": 0.49,
        "weightedAverageShsOut": 11756000,
        "weightedAverageShsOutDil": 11974000,
        "link": "https://www.sec.gov/Archives/edgar/data/1519401/000119312516658280/0001193125-16-658280-index.htm",
        "finalLink": "https://www.sec.gov/Archives/edgar/data/1519401/000119312516658280/d220126d10q.htm"
    },
    {
        "date": "2016-03-31",
        "symbol": "RM",
        "reportedCurrency": "USD",
        "cik": "0001519401",
        "fillingDate": "2016-04-28",
        "acceptedDate": "2016-04-28 17:22:11",
        "calendarYear": "2016",
        "period": "Q1",
        "revenue": 51987000,
        "costOfRevenue": 4863000,
        "grossProfit": 47124000,
        "grossProfitRatio": 0.9064573836,
        "researchAndDevelopmentExpenses": 0,
        "generalAndAdministrativeExpenses": 23427000,
        "sellingAndMarketingExpenses": 1515000,
        "sellingGeneralAndAdministrativeExpenses": 24942000,
        "otherExpenses": 19058000,
        "operatingExpenses": 44000000,
        "costAndExpenses": 36183000,
        "interestIncome": 51300000,
        "interestExpense": 4710000,
        "depreciationAndAmortization": 1531000,
        "ebitda": 20514000,
        "ebitdaratio": 0.3945986497,
        "operatingIncome": 20514000,
        "operatingIncomeRatio": 0.3945986497,
        "totalOtherIncomeExpensesNet": -6241000,
        "incomeBeforeTax": 8391000,
        "incomeBeforeTaxRatio": 0.161405736,
        "incomeTaxExpense": 3215000,
        "netIncome": 5176000,
        "netIncomeRatio": 0.0995633524,
        "eps": 0.41,
        "epsdiluted": 0.4,
        "weightedAverageShsOut": 12756000,
        "weightedAverageShsOutDil": 12949000,
        "link": "https://www.sec.gov/Archives/edgar/data/1519401/000119312516564254/0001193125-16-564254-index.htm",
        "finalLink": "https://www.sec.gov/Archives/edgar/data/1519401/000119312516564254/d136294d10q.htm"
    },
    {
        "date": "2015-12-31",
        "symbol": "RM",
        "reportedCurrency": "USD",
        "cik": "0001519401",
        "fillingDate": "2016-02-23",
        "acceptedDate": "2016-02-23 16:43:54",
        "calendarYear": "2015",
        "period": "Q4",
        "revenue": 52335000,
        "costOfRevenue": 11449000,
        "grossProfit": 40886000,
        "grossProfitRatio": 0.7812362664,
        "researchAndDevelopmentExpenses": 0,
        "generalAndAdministrativeExpenses": 22425000,
        "sellingAndMarketingExpenses": 1403000,
        "sellingGeneralAndAdministrativeExpenses": 23828000,
        "otherExpenses": 16172000,
        "operatingExpenses": 40000000,
        "costAndExpenses": 40000000,
        "interestIncome": 51320000,
        "interestExpense": 4350000,
        "depreciationAndAmortization": 1055000,
        "ebitda": 13967000,
        "ebitdaratio": 0.2668768511,
        "operatingIncome": 16686000,
        "operatingIncomeRatio": 0.3188306105,
        "totalOtherIncomeExpensesNet": -1823000,
        "incomeBeforeTax": 12336000,
        "incomeBeforeTaxRatio": 0.2357122385,
        "incomeTaxExpense": 4969000,
        "netIncome": 7367000,
        "netIncomeRatio": 0.1407662176,
        "eps": 0.57,
        "epsdiluted": 0.56,
        "weightedAverageShsOut": 12891000,
        "weightedAverageShsOutDil": 13105000,
        "link": "https://www.sec.gov/Archives/edgar/data/1519401/000119312516473676/0001193125-16-473676-index.htm",
        "finalLink": "https://www.sec.gov/Archives/edgar/data/1519401/000119312516473676/d105580d10k.htm"
    },
    {
        "date": "2015-09-30",
        "symbol": "RM",
        "reportedCurrency": "USD",
        "cik": "0001519401",
        "fillingDate": "2015-10-30",
        "acceptedDate": "2015-10-30 16:24:17",
        "calendarYear": "2015",
        "period": "Q3",
        "revenue": 50761000,
        "costOfRevenue": 4590000,
        "grossProfit": 46171000,
        "grossProfitRatio": 0.9095762495,
        "researchAndDevelopmentExpenses": 0,
        "generalAndAdministrativeExpenses": 20458000,
        "sellingAndMarketingExpenses": 1134000,
        "sellingGeneralAndAdministrativeExpenses": 21592000,
        "otherExpenses": 18408000,
        "operatingExpenses": 40000000,
        "costAndExpenses": 31906000,
        "interestIncome": 49741000,
        "interestExpense": 4335000,
        "depreciationAndAmortization": 948000,
        "ebitda": 23190000,
        "ebitdaratio": 0.4568467918,
        "operatingIncome": 23190000,
        "operatingIncomeRatio": 0.4568467918,
        "totalOtherIncomeExpensesNet": -5303000,
        "incomeBeforeTax": 10494000,
        "incomeBeforeTaxRatio": 0.2067335159,
        "incomeTaxExpense": 3987000,
        "netIncome": 6507000,
        "netIncomeRatio": 0.128188964,
        "eps": 0.51,
        "epsdiluted": 0.5,
        "weightedAverageShsOut": 12881000,
        "weightedAverageShsOutDil": 13111000,
        "link": "https://www.sec.gov/Archives/edgar/data/1519401/000119312515360348/0001193125-15-360348-index.htm",
        "finalLink": "https://www.sec.gov/Archives/edgar/data/1519401/000119312515360348/d55945d10q.htm"
    },
    {
        "date": "2015-06-30",
        "symbol": "RM",
        "reportedCurrency": "USD",
        "cik": "0001519401",
        "fillingDate": "2015-07-31",
        "acceptedDate": "2015-07-31 16:02:24",
        "calendarYear": "2015",
        "period": "Q2",
        "revenue": 49069000,
        "costOfRevenue": 4256000,
        "grossProfit": 44813000,
        "grossProfitRatio": 0.9132649942,
        "researchAndDevelopmentExpenses": 0,
        "generalAndAdministrativeExpenses": 21978000,
        "sellingAndMarketingExpenses": 2009000,
        "sellingGeneralAndAdministrativeExpenses": 23987000,
        "otherExpenses": 16013000,
        "operatingExpenses": 40000000,
        "costAndExpenses": 34508000,
        "interestIncome": 47668000,
        "interestExpense": 3932000,
        "depreciationAndAmortization": 908000,
        "ebitda": 18493000,
        "ebitdaratio": 0.3768774583,
        "operatingIncome": 18493000,
        "operatingIncomeRatio": 0.3768774583,
        "totalOtherIncomeExpensesNet": -4859000,
        "incomeBeforeTax": 8724000,
        "incomeBeforeTaxRatio": 0.1777904583,
        "incomeTaxExpense": 3316000,
        "netIncome": 5408000,
        "netIncomeRatio": 0.1102121502,
        "eps": 0.42,
        "epsdiluted": 0.41,
        "weightedAverageShsOut": 12845000,
        "weightedAverageShsOutDil": 13078000,
        "link": "https://www.sec.gov/Archives/edgar/data/1519401/000119312515272919/0001193125-15-272919-index.htm",
        "finalLink": "https://www.sec.gov/Archives/edgar/data/1519401/000119312515272919/d72097d10q.htm"
    },
    {
        "date": "2015-03-31",
        "symbol": "RM",
        "reportedCurrency": "USD",
        "cik": "0001519401",
        "fillingDate": "2015-05-08",
        "acceptedDate": "2015-05-08 16:01:58",
        "calendarYear": "2015",
        "period": "Q1",
        "revenue": 48920000,
        "costOfRevenue": 4125000,
        "grossProfit": 44795000,
        "grossProfitRatio": 0.915678659,
        "researchAndDevelopmentExpenses": 0,
        "generalAndAdministrativeExpenses": 26027000,
        "sellingAndMarketingExpenses": 2471000,
        "sellingGeneralAndAdministrativeExpenses": 28498000,
        "otherExpenses": 13502000,
        "operatingExpenses": 42000000,
        "costAndExpenses": 39219000,
        "interestIncome": 47065000,
        "interestExpense": 3604000,
        "depreciationAndAmortization": 863000,
        "ebitda": 13305000,
        "ebitdaratio": 0.2719746525,
        "operatingIncome": 13305000,
        "operatingIncomeRatio": 0.2719746525,
        "totalOtherIncomeExpensesNet": -4487000,
        "incomeBeforeTax": 6585000,
        "incomeBeforeTaxRatio": 0.1346075225,
        "incomeTaxExpense": 2502000,
        "netIncome": 4083000,
        "netIncomeRatio": 0.0834627964,
        "eps": 0.32,
        "epsdiluted": 0.31,
        "weightedAverageShsOut": 12838000,
        "weightedAverageShsOutDil": 13061000,
        "link": "https://www.sec.gov/Archives/edgar/data/1519401/000119312515179526/0001193125-15-179526-index.htm",
        "finalLink": "https://www.sec.gov/Archives/edgar/data/1519401/000119312515179526/d904812d10q.htm"
    },
    {
        "date": "2014-12-31",
        "symbol": "RM",
        "reportedCurrency": "USD",
        "cik": "0001519401",
        "fillingDate": "2015-03-16",
        "acceptedDate": "2015-03-16 17:11:14",
        "calendarYear": "2014",
        "period": "Q4",
        "revenue": 50012000,
        "costOfRevenue": 13845000,
        "grossProfit": 36167000,
        "grossProfitRatio": 0.7231664401,
        "researchAndDevelopmentExpenses": 0,
        "generalAndAdministrativeExpenses": 22439000,
        "sellingAndMarketingExpenses": 1842000,
        "sellingGeneralAndAdministrativeExpenses": 24281000,
        "otherExpenses": 19720000,
        "operatingExpenses": 44000000,
        "costAndExpenses": 44000000,
        "interestIncome": 48960000,
        "interestExpense": 3780000,
        "depreciationAndAmortization": 895000,
        "ebitda": 0,
        "ebitdaratio": 0,
        "operatingIncome": 9446000,
        "operatingIncomeRatio": 0.1888746701,
        "totalOtherIncomeExpensesNet": -4519000,
        "incomeBeforeTax": 5666000,
        "incomeBeforeTaxRatio": 0.1132928097,
        "incomeTaxExpense": 2285000,
        "netIncome": 3381000,
        "netIncomeRatio": 0.0676037751,
        "eps": 0.27,
        "epsdiluted": 0.26,
        "weightedAverageShsOut": 12743534,
        "weightedAverageShsOutDil": 12954887,
        "link": "https://www.sec.gov/Archives/edgar/data/1519401/000119312515094003/0001193125-15-094003-index.htm",
        "finalLink": "https://www.sec.gov/Archives/edgar/data/1519401/000119312515094003/d861370d10k.htm"
    },
    {
        "date": "2014-09-30",
        "symbol": "RM",
        "reportedCurrency": "USD",
        "cik": "0001519401",
        "fillingDate": "2014-11-10",
        "acceptedDate": "2014-11-10 17:12:24",
        "calendarYear": "2014",
        "period": "Q3",
        "revenue": 50061000,
        "costOfRevenue": 4179000,
        "grossProfit": 45882000,
        "grossProfitRatio": 0.9165218434,
        "researchAndDevelopmentExpenses": 0,
        "generalAndAdministrativeExpenses": 19349000,
        "sellingAndMarketingExpenses": 1756000,
        "sellingGeneralAndAdministrativeExpenses": 21105000,
        "otherExpenses": 26895000,
        "operatingExpenses": 48000000,
        "costAndExpenses": 5935000,
        "interestIncome": 48789000,
        "interestExpense": 3848000,
        "depreciationAndAmortization": 861000,
        "ebitda": 0,
        "ebitdaratio": 0,
        "operatingIncome": 47974000,
        "operatingIncomeRatio": 0.9583108607,
        "totalOtherIncomeExpensesNet": -45739000,
        "incomeBeforeTax": 2235000,
        "incomeBeforeTaxRatio": 0.0446455325,
        "incomeTaxExpense": 838000,
        "netIncome": 1397000,
        "netIncomeRatio": 0.0279059547,
        "eps": 0.11,
        "epsdiluted": 0.11,
        "weightedAverageShsOut": 12713532,
        "weightedAverageShsOutDil": 12934015,
        "link": "https://www.sec.gov/Archives/edgar/data/1519401/000119312514406328/0001193125-14-406328-index.htm",
        "finalLink": "https://www.sec.gov/Archives/edgar/data/1519401/000119312514406328/d800864d10q.htm"
    },
    {
        "date": "2014-06-30",
        "symbol": "RM",
        "reportedCurrency": "USD",
        "cik": "0001519401",
        "fillingDate": "2014-08-07",
        "acceptedDate": "2014-08-07 16:05:39",
        "calendarYear": "2014",
        "period": "Q2",
        "revenue": 43881000,
        "costOfRevenue": 3713000,
        "grossProfit": 40168000,
        "grossProfitRatio": 0.9153847907,
        "researchAndDevelopmentExpenses": 0,
        "generalAndAdministrativeExpenses": 17735000,
        "sellingAndMarketingExpenses": 1750000,
        "sellingGeneralAndAdministrativeExpenses": 19485000,
        "otherExpenses": 17515000,
        "operatingExpenses": 37000000,
        "costAndExpenses": 5463000,
        "interestIncome": 42959000,
        "interestExpense": 3556000,
        "depreciationAndAmortization": 1033000,
        "ebitda": 0,
        "ebitdaratio": 0,
        "operatingIncome": 41974000,
        "operatingIncomeRatio": 0.9565415556,
        "totalOtherIncomeExpensesNet": -1562000,
        "incomeBeforeTax": 7063000,
        "incomeBeforeTaxRatio": 0.1609580456,
        "incomeTaxExpense": 2649000,
        "netIncome": 4414000,
        "netIncomeRatio": 0.1005902327,
        "eps": 0.35,
        "epsdiluted": 0.34,
        "weightedAverageShsOut": 12691227,
        "weightedAverageShsOutDil": 12915673,
        "link": "https://www.sec.gov/Archives/edgar/data/1519401/000119312514300652/0001193125-14-300652-index.htm",
        "finalLink": "https://www.sec.gov/Archives/edgar/data/1519401/000119312514300652/d756710d10q.htm"
    },
    {
        "date": "2014-03-31",
        "symbol": "RM",
        "reportedCurrency": "USD",
        "cik": "0001519401",
        "fillingDate": "2014-05-08",
        "acceptedDate": "2014-05-08 17:21:53",
        "calendarYear": "2014",
        "period": "Q1",
        "revenue": 45818000,
        "costOfRevenue": 3420000,
        "grossProfit": 42398000,
        "grossProfitRatio": 0.9253568467,
        "researchAndDevelopmentExpenses": 0,
        "generalAndAdministrativeExpenses": 15496000,
        "sellingAndMarketingExpenses": 982000,
        "sellingGeneralAndAdministrativeExpenses": 16478000,
        "otherExpenses": 20522000,
        "operatingExpenses": 37000000,
        "costAndExpenses": 4402000,
        "interestIncome": 44078000,
        "interestExpense": 3763000,
        "depreciationAndAmortization": 1001000,
        "ebitda": 0,
        "ebitdaratio": 0,
        "operatingIncome": 45179000,
        "operatingIncomeRatio": 0.9860535161,
        "totalOtherIncomeExpensesNet": -1557000,
        "incomeBeforeTax": 8975000,
        "incomeBeforeTaxRatio": 0.1958837138,
        "incomeTaxExpense": 3365000,
        "netIncome": 5610000,
        "netIncomeRatio": 0.1224409621,
        "eps": 0.44,
        "epsdiluted": 0.43,
        "weightedAverageShsOut": 12654927,
        "weightedAverageShsOutDil": 13005639,
        "link": "https://www.sec.gov/Archives/edgar/data/1519401/000119312514190334/0001193125-14-190334-index.htm",
        "finalLink": "https://www.sec.gov/Archives/edgar/data/1519401/000119312514190334/d709100d10q.htm"
    },
    {
        "date": "2013-12-31",
        "symbol": "RM",
        "reportedCurrency": "USD",
        "cik": "0001519401",
        "fillingDate": "2014-03-17",
        "acceptedDate": "2014-03-17 17:08:06",
        "calendarYear": "2013",
        "period": "Q4",
        "revenue": 44633000,
        "costOfRevenue": 11638000,
        "grossProfit": 32995000,
        "grossProfitRatio": 0.7392512267,
        "researchAndDevelopmentExpenses": 0,
        "generalAndAdministrativeExpenses": 15075000,
        "sellingAndMarketingExpenses": 1144000,
        "sellingGeneralAndAdministrativeExpenses": 16219000,
        "otherExpenses": 14184000,
        "operatingExpenses": 31000000,
        "costAndExpenses": 31000000,
        "interestIncome": 43668000,
        "interestExpense": 3909000,
        "depreciationAndAmortization": 995000,
        "ebitda": 18418000,
        "ebitdaratio": 0.4126543141,
        "operatingIncome": 16497000,
        "operatingIncomeRatio": 0.3696144109,
        "totalOtherIncomeExpensesNet": -4903000,
        "incomeBeforeTax": 13515000,
        "incomeBeforeTaxRatio": 0.3028028589,
        "incomeTaxExpense": 5130000,
        "netIncome": 8385000,
        "netIncomeRatio": 0.1878654807,
        "eps": 0.66,
        "epsdiluted": 0.65,
        "weightedAverageShsOut": 12614503,
        "weightedAverageShsOutDil": 12984270,
        "link": "https://www.sec.gov/Archives/edgar/data/1519401/000119312514102613/0001193125-14-102613-index.htm",
        "finalLink": "https://www.sec.gov/Archives/edgar/data/1519401/000119312514102613/d637504d10k.htm"
    },
    {
        "date": "2013-09-30",
        "symbol": "RM",
        "reportedCurrency": "USD",
        "cik": "0001519401",
        "fillingDate": "2013-11-08",
        "acceptedDate": "2013-11-08 16:50:58",
        "calendarYear": "2013",
        "period": "Q3",
        "revenue": 40553000,
        "costOfRevenue": 3167000,
        "grossProfit": 37386000,
        "grossProfitRatio": 0.921904668,
        "researchAndDevelopmentExpenses": 0,
        "generalAndAdministrativeExpenses": 13222000,
        "sellingAndMarketingExpenses": 983000,
        "sellingGeneralAndAdministrativeExpenses": 14205000,
        "otherExpenses": 14795000,
        "operatingExpenses": 29000000,
        "costAndExpenses": 4150000,
        "interestIncome": 39708000,
        "interestExpense": 3913000,
        "depreciationAndAmortization": 802000,
        "ebitda": 0,
        "ebitdaratio": 0,
        "operatingIncome": 40316000,
        "operatingIncomeRatio": 0.9941557961,
        "totalOtherIncomeExpensesNet": -1832000,
        "incomeBeforeTax": 12103000,
        "incomeBeforeTaxRatio": 0.2984489434,
        "incomeTaxExpense": 4478000,
        "netIncome": 7625000,
        "netIncomeRatio": 0.1880255468,
        "eps": 0.61,
        "epsdiluted": 0.59,
        "weightedAverageShsOut": 12586268,
        "weightedAverageShsOutDil": 12927776,
        "link": "https://www.sec.gov/Archives/edgar/data/1519401/000119312513435393/0001193125-13-435393-index.htm",
        "finalLink": "https://www.sec.gov/Archives/edgar/data/1519401/000119312513435393/d602026d10q.htm"
    },
    {
        "date": "2013-06-30",
        "symbol": "RM",
        "reportedCurrency": "USD",
        "cik": "0001519401",
        "fillingDate": "2013-08-09",
        "acceptedDate": "2013-08-09 16:20:02",
        "calendarYear": "2013",
        "period": "Q2",
        "revenue": 36142000,
        "costOfRevenue": 2697000,
        "grossProfit": 33445000,
        "grossProfitRatio": 0.9253776769,
        "researchAndDevelopmentExpenses": 0,
        "generalAndAdministrativeExpenses": 13128000,
        "sellingAndMarketingExpenses": 1347000,
        "sellingGeneralAndAdministrativeExpenses": 14475000,
        "otherExpenses": 11525000,
        "operatingExpenses": 26000000,
        "costAndExpenses": 4044000,
        "interestIncome": 34920000,
        "interestExpense": 3241000,
        "depreciationAndAmortization": 932000,
        "ebitda": 0,
        "ebitdaratio": 0,
        "operatingIncome": 35339000,
        "operatingIncomeRatio": 0.9777820818,
        "totalOtherIncomeExpensesNet": -2873000,
        "incomeBeforeTax": 10565000,
        "incomeBeforeTaxRatio": 0.2923191854,
        "incomeTaxExpense": 3909000,
        "netIncome": 6656000,
        "netIncomeRatio": 0.1841624703,
        "eps": 0.53,
        "epsdiluted": 0.52,
        "weightedAverageShsOut": 12584942,
        "weightedAverageShsOutDil": 12881117,
        "link": "https://www.sec.gov/Archives/edgar/data/1519401/000119312513329215/0001193125-13-329215-index.htm",
        "finalLink": "https://www.sec.gov/Archives/edgar/data/1519401/000119312513329215/d559223d10q.htm"
    },
    {
        "date": "2013-03-31",
        "symbol": "RM",
        "reportedCurrency": "USD",
        "cik": "0001519401",
        "fillingDate": "2013-05-13",
        "acceptedDate": "2013-05-13 16:22:20",
        "calendarYear": "2013",
        "period": "Q1",
        "revenue": 35488000,
        "costOfRevenue": 2516000,
        "grossProfit": 32972000,
        "grossProfitRatio": 0.9291027953,
        "researchAndDevelopmentExpenses": 0,
        "generalAndAdministrativeExpenses": 13399000,
        "sellingAndMarketingExpenses": 505000,
        "sellingGeneralAndAdministrativeExpenses": 13904000,
        "otherExpenses": 11096000,
        "operatingExpenses": 25000000,
        "costAndExpenses": 3021000,
        "interestIncome": 34046000,
        "interestExpense": 3081000,
        "depreciationAndAmortization": 730000,
        "ebitda": 0,
        "ebitdaratio": 0,
        "operatingIncome": 35548000,
        "operatingIncomeRatio": 1.0016907124,
        "totalOtherIncomeExpensesNet": -2846000,
        "incomeBeforeTax": 10997000,
        "incomeBeforeTaxRatio": 0.3098793959,
        "incomeTaxExpense": 4069000,
        "netIncome": 6928000,
        "netIncomeRatio": 0.1952209197,
        "eps": 0.55,
        "epsdiluted": 0.54,
        "weightedAverageShsOut": 12502378,
        "weightedAverageShsOutDil": 12780508,
        "link": "https://www.sec.gov/Archives/edgar/data/1519401/000119312513216747/0001193125-13-216747-index.htm",
        "finalLink": "https://www.sec.gov/Archives/edgar/data/1519401/000119312513216747/d517149d10q.htm"
    },
    {
        "date": "2012-12-31",
        "symbol": "RM",
        "reportedCurrency": "USD",
        "cik": "0001519401",
        "fillingDate": "2013-03-18",
        "acceptedDate": "2013-03-18 16:29:32",
        "calendarYear": "2012",
        "period": "Q4",
        "revenue": 33977000,
        "costOfRevenue": 8847000,
        "grossProfit": 25130000,
        "grossProfitRatio": 0.7396179769,
        "researchAndDevelopmentExpenses": 0,
        "generalAndAdministrativeExpenses": 11648000,
        "sellingAndMarketingExpenses": 910000,
        "sellingGeneralAndAdministrativeExpenses": 12558000,
        "otherExpenses": 3990000,
        "operatingExpenses": 24000000,
        "costAndExpenses": 24000000,
        "interestIncome": 32902000,
        "interestExpense": 3023000,
        "depreciationAndAmortization": 701000,
        "ebitda": 0,
        "ebitdaratio": 0,
        "operatingIncome": 13220000,
        "operatingIncomeRatio": 0.3890867351,
        "totalOtherIncomeExpensesNet": -2403000,
        "incomeBeforeTax": 10198000,
        "incomeBeforeTaxRatio": 0.3001442152,
        "incomeTaxExpense": 3560000,
        "netIncome": 6638000,
        "netIncomeRatio": 0.1953674545,
        "eps": 0.53,
        "epsdiluted": 0.52,
        "weightedAverageShsOut": 12486727,
        "weightedAverageShsOutDil": 12779515,
        "link": "https://www.sec.gov/Archives/edgar/data/1519401/000119312513112595/0001193125-13-112595-index.htm",
        "finalLink": "https://www.sec.gov/Archives/edgar/data/1519401/000119312513112595/d444327d10k.htm"
    },
    {
        "date": "2012-09-30",
        "symbol": "RM",
        "reportedCurrency": "USD",
        "cik": "0001519401",
        "fillingDate": "2012-11-14",
        "acceptedDate": "2012-11-14 16:13:05",
        "calendarYear": "2012",
        "period": "Q3",
        "revenue": 32785000,
        "costOfRevenue": 2301000,
        "grossProfit": 30484000,
        "grossProfitRatio": 0.9298154644,
        "researchAndDevelopmentExpenses": 0,
        "generalAndAdministrativeExpenses": 8539000,
        "sellingAndMarketingExpenses": 632000,
        "sellingGeneralAndAdministrativeExpenses": 9171000,
        "otherExpenses": 12829000,
        "operatingExpenses": 22000000,
        "costAndExpenses": 2933000,
        "interestIncome": 31089000,
        "interestExpense": 2705000,
        "depreciationAndAmortization": 648000,
        "ebitda": 0,
        "ebitdaratio": 0,
        "operatingIncome": 32557000,
        "operatingIncomeRatio": 0.9930456001,
        "totalOtherIncomeExpensesNet": -2705000,
        "incomeBeforeTax": 11097000,
        "incomeBeforeTaxRatio": 0.3384779625,
        "incomeTaxExpense": 4109000,
        "netIncome": 6988000,
        "netIncomeRatio": 0.2131462559,
        "eps": 0.56,
        "epsdiluted": 0.55,
        "weightedAverageShsOut": 12486727,
        "weightedAverageShsOutDil": 12774488,
        "link": "https://www.sec.gov/Archives/edgar/data/1519401/000119312512470629/0001193125-12-470629-index.htm",
        "finalLink": "https://www.sec.gov/Archives/edgar/data/1519401/000119312512470629/d399057d10q.htm"
    },
    {
        "date": "2012-06-30",
        "symbol": "RM",
        "reportedCurrency": "USD",
        "cik": "0001519401",
        "fillingDate": "2012-08-13",
        "acceptedDate": "2012-08-13 16:06:09",
        "calendarYear": "2012",
        "period": "Q2",
        "revenue": 29675000,
        "costOfRevenue": 2086000,
        "grossProfit": 27589000,
        "grossProfitRatio": 0.929705139,
        "researchAndDevelopmentExpenses": 0,
        "generalAndAdministrativeExpenses": 10541000,
        "sellingAndMarketingExpenses": 632000,
        "sellingGeneralAndAdministrativeExpenses": 11173000,
        "otherExpenses": 10117000,
        "operatingExpenses": 19000000,
        "costAndExpenses": 2718000,
        "interestIncome": 28175000,
        "interestExpense": 2341000,
        "depreciationAndAmortization": 556000,
        "ebitda": 0,
        "ebitdaratio": 0,
        "operatingIncome": 29298000,
        "operatingIncomeRatio": 0.9872957035,
        "totalOtherIncomeExpensesNet": -18790000,
        "incomeBeforeTax": 10508000,
        "incomeBeforeTaxRatio": 0.3541027801,
        "incomeTaxExpense": 3888000,
        "netIncome": 6620000,
        "netIncomeRatio": 0.2230834035,
        "eps": 0.53,
        "epsdiluted": 0.52,
        "weightedAverageShsOut": 12452112,
        "weightedAverageShsOutDil": 12735088,
        "link": "https://www.sec.gov/Archives/edgar/data/1519401/000119312512352364/0001193125-12-352364-index.htm",
        "finalLink": "https://www.sec.gov/Archives/edgar/data/1519401/000119312512352364/d358423d10q.htm"
    },
    {
        "date": "2012-03-31",
        "symbol": "RM",
        "reportedCurrency": "USD",
        "cik": "0001519401",
        "fillingDate": "2012-05-10",
        "acceptedDate": "2012-05-10 15:14:04",
        "calendarYear": "2012",
        "period": "Q1",
        "revenue": 28000000,
        "costOfRevenue": 1894000,
        "grossProfit": 26106000,
        "grossProfitRatio": 0.9323571429,
        "researchAndDevelopmentExpenses": 0,
        "generalAndAdministrativeExpenses": 7975000,
        "sellingAndMarketingExpenses": 593000,
        "sellingGeneralAndAdministrativeExpenses": 8568000,
        "otherExpenses": 11432000,
        "operatingExpenses": 20000000,
        "costAndExpenses": 2487000,
        "interestIncome": 26852000,
        "interestExpense": 3540000,
        "depreciationAndAmortization": 677000,
        "ebitda": 0,
        "ebitdaratio": 0,
        "operatingIncome": 29053000,
        "operatingIncomeRatio": 1.0376071429,
        "totalOtherIncomeExpensesNet": -20923000,
        "incomeBeforeTax": 8130000,
        "incomeBeforeTaxRatio": 0.2903571429,
        "incomeTaxExpense": 3008000,
        "netIncome": 5122000,
        "netIncomeRatio": 0.1829285714,
        "eps": 0.55,
        "epsdiluted": 0.53,
        "weightedAverageShsOut": 9336727,
        "weightedAverageShsOutDil": 9616497,
        "link": "https://www.sec.gov/Archives/edgar/data/1519401/000119312512225178/0001193125-12-225178-index.htm",
        "finalLink": "https://www.sec.gov/Archives/edgar/data/1519401/000119312512225178/d339185d10q.htm"
    },
    {
        "date": "2011-12-31",
        "symbol": "RM",
        "reportedCurrency": "USD",
        "cik": "0001519401",
        "fillingDate": "2011-12-31",
        "acceptedDate": "2011-12-30 19:00:00",
        "calendarYear": "2011",
        "period": "Q4",
        "revenue": 26131000,
        "costOfRevenue": 0,
        "grossProfit": 26131000,
        "grossProfitRatio": 1,
        "researchAndDevelopmentExpenses": 0,
        "generalAndAdministrativeExpenses": 7871000,
        "sellingAndMarketingExpenses": 357000,
        "sellingGeneralAndAdministrativeExpenses": 8228000,
        "otherExpenses": -21055000,
        "operatingExpenses": -12827000,
        "costAndExpenses": -12827000,
        "interestIncome": 25341000,
        "interestExpense": 3297000,
        "depreciationAndAmortization": 357000,
        "ebitda": 0,
        "ebitdaratio": 0,
        "operatingIncome": 13304000,
        "operatingIncomeRatio": 0.5091270904,
        "totalOtherIncomeExpensesNet": -3297000,
        "incomeBeforeTax": 10007000,
        "incomeBeforeTaxRatio": 0.3829551108,
        "incomeTaxExpense": 3603000,
        "netIncome": 6404000,
        "netIncomeRatio": 0.2450729019,
        "eps": 0.69,
        "epsdiluted": 0.69,
        "weightedAverageShsOut": 9336727,
        "weightedAverageShsOutDil": 9336727,
        "link": "",
        "finalLink": ""
    },
    {
        "date": "2011-09-30",
        "symbol": "RM",
        "reportedCurrency": "USD",
        "cik": "0001519401",
        "fillingDate": "2011-09-30",
        "acceptedDate": "2011-09-29 20:00:00",
        "calendarYear": "2011",
        "period": "Q3",
        "revenue": 23392000,
        "costOfRevenue": 0,
        "grossProfit": 23392000,
        "grossProfitRatio": 1,
        "researchAndDevelopmentExpenses": 0,
        "generalAndAdministrativeExpenses": 6565000,
        "sellingAndMarketingExpenses": 406000,
        "sellingGeneralAndAdministrativeExpenses": 6971000,
        "otherExpenses": -18656000,
        "operatingExpenses": -11685000,
        "costAndExpenses": -11685000,
        "interestIncome": 23406000,
        "interestExpense": 3329000,
        "depreciationAndAmortization": 345000,
        "ebitda": 0,
        "ebitdaratio": 0,
        "operatingIncome": 11707000,
        "operatingIncomeRatio": 0.5004702462,
        "totalOtherIncomeExpensesNet": -3329000,
        "incomeBeforeTax": 8378000,
        "incomeBeforeTaxRatio": 0.3581566347,
        "incomeTaxExpense": 3193000,
        "netIncome": 5185000,
        "netIncomeRatio": 0.2216569767,
        "eps": 0.56,
        "epsdiluted": 0.54,
        "weightedAverageShsOut": 9336727,
        "weightedAverageShsOutDil": 9548147,
        "link": "",
        "finalLink": ""
    },
    {
        "date": "2011-06-30",
        "symbol": "RM",
        "reportedCurrency": "USD",
        "cik": "0001519401",
        "fillingDate": "2011-06-30",
        "acceptedDate": "2011-06-29 20:00:00",
        "calendarYear": "2011",
        "period": "Q2",
        "revenue": 21416000,
        "costOfRevenue": 0,
        "grossProfit": 21416000,
        "grossProfitRatio": 1,
        "researchAndDevelopmentExpenses": 0,
        "generalAndAdministrativeExpenses": 6276000,
        "sellingAndMarketingExpenses": 646000,
        "sellingGeneralAndAdministrativeExpenses": 6922000,
        "otherExpenses": -17931000,
        "operatingExpenses": -11009000,
        "costAndExpenses": -11009000,
        "interestIncome": 21494000,
        "interestExpense": 2958000,
        "depreciationAndAmortization": 337000,
        "ebitda": 0,
        "ebitdaratio": 0,
        "operatingIncome": 10407000,
        "operatingIncomeRatio": 0.4859450878,
        "totalOtherIncomeExpensesNet": -2958000,
        "incomeBeforeTax": 7449000,
        "incomeBeforeTaxRatio": 0.3478240568,
        "incomeTaxExpense": 2729000,
        "netIncome": 4720000,
        "netIncomeRatio": 0.2203959656,
        "eps": 0.51,
        "epsdiluted": 0.5,
        "weightedAverageShsOut": 9336727,
        "weightedAverageShsOutDil": 9527703,
        "link": "",
        "finalLink": ""
    },
    {
        "date": "2011-03-31",
        "symbol": "RM",
        "reportedCurrency": "USD",
        "cik": "0001519401",
        "fillingDate": "2011-03-31",
        "acceptedDate": "2011-03-30 20:00:00",
        "calendarYear": "2011",
        "period": "Q1",
        "revenue": 21937000,
        "costOfRevenue": 0,
        "grossProfit": 21937000,
        "grossProfitRatio": 1,
        "researchAndDevelopmentExpenses": 0,
        "generalAndAdministrativeExpenses": 8094000,
        "sellingAndMarketingExpenses": 647000,
        "sellingGeneralAndAdministrativeExpenses": 8741000,
        "otherExpenses": -20340000,
        "operatingExpenses": -11599000,
        "costAndExpenses": -11599000,
        "interestIncome": 21045000,
        "interestExpense": 2759000,
        "depreciationAndAmortization": 305000,
        "ebitda": 0,
        "ebitdaratio": 0,
        "operatingIncome": 10338000,
        "operatingIncomeRatio": 0.4712586042,
        "totalOtherIncomeExpensesNet": -2759000,
        "incomeBeforeTax": 7579000,
        "incomeBeforeTaxRatio": 0.3454893559,
        "incomeTaxExpense": 2644000,
        "netIncome": 4935000,
        "netIncomeRatio": 0.2249623923,
        "eps": 0.53,
        "epsdiluted": 0.51,
        "weightedAverageShsOut": 9336727,
        "weightedAverageShsOutDil": 9648103,
        "link": "",
        "finalLink": ""
    },
    {
        "date": "2010-12-31",
        "symbol": "RM",
        "reportedCurrency": "USD",
        "cik": "0001519401",
        "fillingDate": "2010-12-31",
        "acceptedDate": "2010-12-30 19:00:00",
        "calendarYear": "2010",
        "period": "Q4",
        "revenue": 19958000,
        "costOfRevenue": 0,
        "grossProfit": 19958000,
        "grossProfitRatio": 1,
        "researchAndDevelopmentExpenses": 0,
        "generalAndAdministrativeExpenses": 1969000,
        "sellingAndMarketingExpenses": 493000,
        "sellingGeneralAndAdministrativeExpenses": 2462000,
        "otherExpenses": -13780000,
        "operatingExpenses": -11318000,
        "costAndExpenses": -11318000,
        "interestIncome": 19568000,
        "interestExpense": 2508000,
        "depreciationAndAmortization": 661000,
        "ebitda": 0,
        "ebitdaratio": 0,
        "operatingIncome": 8640000,
        "operatingIncomeRatio": 0.4329091091,
        "totalOtherIncomeExpensesNet": -2508000,
        "incomeBeforeTax": 6132000,
        "incomeBeforeTaxRatio": 0.307245215,
        "incomeTaxExpense": 2287000,
        "netIncome": 3845000,
        "netIncomeRatio": 0.1926545746,
        "eps": 0.41,
        "epsdiluted": 0.41,
        "weightedAverageShsOut": 9336727,
        "weightedAverageShsOutDil": 9336727,
        "link": "",
        "finalLink": ""
    },
    {
        "date": "2010-09-30",
        "symbol": "RM",
        "reportedCurrency": "USD",
        "cik": "0001519401",
        "fillingDate": "2010-09-30",
        "acceptedDate": "2010-09-29 20:00:00",
        "calendarYear": "2010",
        "period": "Q3",
        "revenue": 19551000,
        "costOfRevenue": 0,
        "grossProfit": 19551000,
        "grossProfitRatio": 1,
        "researchAndDevelopmentExpenses": 0,
        "generalAndAdministrativeExpenses": 6608000,
        "sellingAndMarketingExpenses": 493000,
        "sellingGeneralAndAdministrativeExpenses": 7101000,
        "otherExpenses": -16900000,
        "operatingExpenses": -9799000,
        "costAndExpenses": -9799000,
        "interestIncome": 19176000,
        "interestExpense": 2732000,
        "depreciationAndAmortization": 522000,
        "ebitda": 0,
        "ebitdaratio": 0,
        "operatingIncome": 9752000,
        "operatingIncomeRatio": 0.4987980154,
        "totalOtherIncomeExpensesNet": -2732000,
        "incomeBeforeTax": 7020000,
        "incomeBeforeTaxRatio": 0.3590609176,
        "incomeTaxExpense": 2531000,
        "netIncome": 4489000,
        "netIncomeRatio": 0.2296046238,
        "eps": 0.48,
        "epsdiluted": 0.48,
        "weightedAverageShsOut": 9336727,
        "weightedAverageShsOutDil": 9336727,
        "link": "",
        "finalLink": ""
    },
    {
        "date": "2010-06-30",
        "symbol": "RM",
        "reportedCurrency": "USD",
        "cik": "0001519401",
        "fillingDate": "2010-06-30",
        "acceptedDate": "2010-06-29 20:00:00",
        "calendarYear": "2010",
        "period": "Q2",
        "revenue": 18228000,
        "costOfRevenue": 0,
        "grossProfit": 18228000,
        "grossProfitRatio": 1,
        "researchAndDevelopmentExpenses": 0,
        "generalAndAdministrativeExpenses": 6136000,
        "sellingAndMarketingExpenses": 494000,
        "sellingGeneralAndAdministrativeExpenses": 6630000,
        "otherExpenses": -16294000,
        "operatingExpenses": -9664000,
        "costAndExpenses": -9664000,
        "interestIncome": 17452000,
        "interestExpense": 2176000,
        "depreciationAndAmortization": 267000,
        "ebitda": 0,
        "ebitdaratio": 0,
        "operatingIncome": 8564000,
        "operatingIncomeRatio": 0.4698266403,
        "totalOtherIncomeExpensesNet": -2176000,
        "incomeBeforeTax": 6388000,
        "incomeBeforeTaxRatio": 0.3504498574,
        "incomeTaxExpense": 2231000,
        "netIncome": 4157000,
        "netIncomeRatio": 0.2280557384,
        "eps": 0.45,
        "epsdiluted": 0.45,
        "weightedAverageShsOut": 9336727,
        "weightedAverageShsOutDil": 9336727,
        "link": "",
        "finalLink": ""
    },
    {
        "date": "2010-03-31",
        "symbol": "RM",
        "reportedCurrency": "USD",
        "cik": "0001519401",
        "fillingDate": "2010-03-31",
        "acceptedDate": "2010-03-30 20:00:00",
        "calendarYear": "2010",
        "period": "Q1",
        "revenue": 19211000,
        "costOfRevenue": 0,
        "grossProfit": 19211000,
        "grossProfitRatio": 1,
        "researchAndDevelopmentExpenses": 0,
        "generalAndAdministrativeExpenses": 7150000,
        "sellingAndMarketingExpenses": 547000,
        "sellingGeneralAndAdministrativeExpenses": 7697000,
        "otherExpenses": -18358000,
        "operatingExpenses": -10661000,
        "costAndExpenses": -10661000,
        "interestIncome": 18022000,
        "interestExpense": 2468000,
        "depreciationAndAmortization": 293000,
        "ebitda": 0,
        "ebitdaratio": 0,
        "operatingIncome": 8550000,
        "operatingIncomeRatio": 0.4450575191,
        "totalOtherIncomeExpensesNet": -2468000,
        "incomeBeforeTax": 6082000,
        "incomeBeforeTaxRatio": 0.316589454,
        "incomeTaxExpense": 2129000,
        "netIncome": 3953000,
        "netIncomeRatio": 0.205767529,
        "eps": 0.42,
        "epsdiluted": 0.41,
        "weightedAverageShsOut": 9336727,
        "weightedAverageShsOutDil": 9548147,
        "link": "",
        "finalLink": ""
    }
]