[
    {
        "date": "2025-09-30",
        "symbol": "ROL",
        "reportedCurrency": "USD",
        "cik": "0000084839",
        "fillingDate": "2025-10-30",
        "acceptedDate": "2025-10-30 15:37:25",
        "calendarYear": "2025",
        "period": "Q3",
        "revenue": 1026106000,
        "costOfRevenue": 467450000,
        "grossProfit": 558656000,
        "grossProfitRatio": 0.5444427769,
        "researchAndDevelopmentExpenses": 0,
        "generalAndAdministrativeExpenses": 0,
        "sellingAndMarketingExpenses": 0,
        "sellingGeneralAndAdministrativeExpenses": 301404000,
        "otherExpenses": 32231000,
        "operatingExpenses": 333635000,
        "costAndExpenses": 801085000,
        "interestIncome": 0,
        "interestExpense": 7942000,
        "depreciationAndAmortization": 32231000,
        "ebitda": 257602000,
        "ebitdaratio": 0.2510481373,
        "operatingIncome": 225021000,
        "operatingIncomeRatio": 0.2192960571,
        "totalOtherIncomeExpensesNet": -7592000,
        "incomeBeforeTax": 217429000,
        "incomeBeforeTaxRatio": 0.2118972114,
        "incomeTaxExpense": 53902000,
        "netIncome": 163527000,
        "netIncomeRatio": 0.1593665762,
        "eps": 0.34,
        "epsdiluted": 0.34,
        "weightedAverageShsOut": 484670000,
        "weightedAverageShsOutDil": 484670000,
        "link": "https://www.sec.gov/Archives/edgar/data/84839/000008483925000100/0000084839-25-000100-index.htm",
        "finalLink": "https://www.sec.gov/Archives/edgar/data/84839/000008483925000100/rol-20250930.htm"
    },
    {
        "date": "2025-06-30",
        "symbol": "ROL",
        "reportedCurrency": "USD",
        "cik": "0000084839",
        "fillingDate": "2025-07-24",
        "acceptedDate": "2025-07-24 17:22:01",
        "calendarYear": "2025",
        "period": "Q2",
        "revenue": 999527000,
        "costOfRevenue": 461861000,
        "grossProfit": 537666000,
        "grossProfitRatio": 0.5379204364,
        "researchAndDevelopmentExpenses": 0,
        "generalAndAdministrativeExpenses": 0,
        "sellingAndMarketingExpenses": 0,
        "sellingGeneralAndAdministrativeExpenses": 306496000,
        "otherExpenses": 32837000,
        "operatingExpenses": 339333000,
        "costAndExpenses": 801194000,
        "interestIncome": 0,
        "interestExpense": 7380000,
        "depreciationAndAmortization": 31737000,
        "ebitda": 231170000,
        "ebitdaratio": 0.2312793952,
        "operatingIncome": 198333000,
        "operatingIncomeRatio": 0.1984268559,
        "totalOtherIncomeExpensesNet": -7088000,
        "incomeBeforeTax": 191245000,
        "incomeBeforeTaxRatio": 0.1913355017,
        "incomeTaxExpense": 49756000,
        "netIncome": 141489000,
        "netIncomeRatio": 0.141555956,
        "eps": 0.29,
        "epsdiluted": 0.29,
        "weightedAverageShsOut": 484530000,
        "weightedAverageShsOutDil": 484559000,
        "link": "https://www.sec.gov/Archives/edgar/data/84839/000008483925000087/0000084839-25-000087-index.htm",
        "finalLink": "https://www.sec.gov/Archives/edgar/data/84839/000008483925000087/rol-20250630.htm"
    },
    {
        "date": "2025-03-31",
        "symbol": "ROL",
        "reportedCurrency": "USD",
        "cik": "0000084839",
        "fillingDate": "2025-04-24",
        "acceptedDate": "2025-04-24 16:39:33",
        "calendarYear": "2025",
        "period": "Q1",
        "revenue": 822504000,
        "costOfRevenue": 400134000,
        "grossProfit": 422370000,
        "grossProfitRatio": 0.5135172595,
        "researchAndDevelopmentExpenses": 0,
        "generalAndAdministrativeExpenses": 0,
        "sellingAndMarketingExpenses": 0,
        "sellingGeneralAndAdministrativeExpenses": 250513000,
        "otherExpenses": 29209000,
        "operatingExpenses": 279722000,
        "costAndExpenses": 679856000,
        "interestIncome": 0,
        "interestExpense": 5796000,
        "depreciationAndAmortization": 29209000,
        "ebitda": 171857000,
        "ebitdaratio": 0.2089436647,
        "operatingIncome": 142648000,
        "operatingIncomeRatio": 0.1734313754,
        "totalOtherIncomeExpensesNet": -5104000,
        "incomeBeforeTax": 137544000,
        "incomeBeforeTaxRatio": 0.1672259345,
        "incomeTaxExpense": 32296000,
        "netIncome": 105248000,
        "netIncomeRatio": 0.1279604719,
        "eps": 0.22,
        "epsdiluted": 0.22,
        "weightedAverageShsOut": 484414000,
        "weightedAverageShsOutDil": 484434000,
        "link": "https://www.sec.gov/Archives/edgar/data/84839/000008483925000069/0000084839-25-000069-index.htm",
        "finalLink": "https://www.sec.gov/Archives/edgar/data/84839/000008483925000069/rol-20250331.htm"
    },
    {
        "date": "2024-12-31",
        "symbol": "ROL",
        "reportedCurrency": "USD",
        "cik": "0000084839",
        "fillingDate": "2025-02-13",
        "acceptedDate": "2025-02-13 16:17:39",
        "calendarYear": "2024",
        "period": "Q4",
        "revenue": 832169000,
        "costOfRevenue": 405462000,
        "grossProfit": 426707000,
        "grossProfitRatio": 0.512764835,
        "researchAndDevelopmentExpenses": 0,
        "generalAndAdministrativeExpenses": 126972000,
        "sellingAndMarketingExpenses": 119573000,
        "sellingGeneralAndAdministrativeExpenses": 246545000,
        "otherExpenses": 29535000,
        "operatingExpenses": 276080000,
        "costAndExpenses": 681542000,
        "interestIncome": 0,
        "interestExpense": 5027000,
        "depreciationAndAmortization": 30535000,
        "ebitda": 180162000,
        "ebitdaratio": 0.2164968895,
        "operatingIncome": 150627000,
        "operatingIncomeRatio": 0.1810053006,
        "totalOtherIncomeExpensesNet": -5277000,
        "incomeBeforeTax": 145350000,
        "incomeBeforeTaxRatio": 0.1746640406,
        "incomeTaxExpense": 39675000,
        "netIncome": 105675000,
        "netIncomeRatio": 0.1269874268,
        "eps": 0.22,
        "epsdiluted": 0.22,
        "weightedAverageShsOut": 484304000,
        "weightedAverageShsOutDil": 484351000,
        "link": "https://www.sec.gov/Archives/edgar/data/84839/000008483925000024/0000084839-25-000024-index.htm",
        "finalLink": "https://www.sec.gov/Archives/edgar/data/84839/000008483925000024/rol-20241231.htm"
    },
    {
        "date": "2024-09-30",
        "symbol": "ROL",
        "reportedCurrency": "USD",
        "cik": "0000084839",
        "fillingDate": "2024-10-24",
        "acceptedDate": "2024-10-24 15:02:16",
        "calendarYear": "2024",
        "period": "Q3",
        "revenue": 916270000,
        "costOfRevenue": 421892000,
        "grossProfit": 494378000,
        "grossProfitRatio": 0.5395549347,
        "researchAndDevelopmentExpenses": 0,
        "generalAndAdministrativeExpenses": 0,
        "sellingAndMarketingExpenses": 0,
        "sellingGeneralAndAdministrativeExpenses": 274918000,
        "otherExpenses": 27664000,
        "operatingExpenses": 302582000,
        "costAndExpenses": 724474000,
        "interestIncome": 0,
        "interestExpense": 7150000,
        "depreciationAndAmortization": 27664000,
        "ebitda": 219460000,
        "ebitdaratio": 0.2395145536,
        "operatingIncome": 191796000,
        "operatingIncomeRatio": 0.2093225796,
        "totalOtherIncomeExpensesNet": -6568000,
        "incomeBeforeTax": 185228000,
        "incomeBeforeTaxRatio": 0.2021543868,
        "incomeTaxExpense": 48315000,
        "netIncome": 136913000,
        "netIncomeRatio": 0.1494242963,
        "eps": 0.28,
        "epsdiluted": 0.28,
        "weightedAverageShsOut": 484317000,
        "weightedAverageShsOutDil": 484359000,
        "link": "https://www.sec.gov/Archives/edgar/data/84839/000008483924000106/0000084839-24-000106-index.htm",
        "finalLink": "https://www.sec.gov/Archives/edgar/data/84839/000008483924000106/rol-20240930.htm"
    },
    {
        "date": "2024-06-30",
        "symbol": "ROL",
        "reportedCurrency": "USD",
        "cik": "0000084839",
        "fillingDate": "2024-07-25",
        "acceptedDate": "2024-07-25 16:10:34",
        "calendarYear": "2024",
        "period": "Q2",
        "revenue": 891920000,
        "costOfRevenue": 410285000,
        "grossProfit": 481635000,
        "grossProfitRatio": 0.5399979819,
        "researchAndDevelopmentExpenses": 0,
        "generalAndAdministrativeExpenses": 0,
        "sellingAndMarketingExpenses": 0,
        "sellingGeneralAndAdministrativeExpenses": 271547000,
        "otherExpenses": 27711000,
        "operatingExpenses": 299258000,
        "costAndExpenses": 709543000,
        "interestIncome": 0,
        "interestExpense": 7775000,
        "depreciationAndAmortization": 27711000,
        "ebitda": 210088000,
        "ebitdaratio": 0.2355457889,
        "operatingIncome": 182377000,
        "operatingIncomeRatio": 0.2044768589,
        "totalOtherIncomeExpensesNet": -7363000,
        "incomeBeforeTax": 175014000,
        "incomeBeforeTaxRatio": 0.1962216342,
        "incomeTaxExpense": 45617000,
        "netIncome": 129396999,
        "netIncomeRatio": 0.1450769116,
        "eps": 0.27,
        "epsdiluted": 0.27,
        "weightedAverageShsOut": 484244000,
        "weightedAverageShsOutDil": 484419000,
        "link": "https://www.sec.gov/Archives/edgar/data/84839/000008483924000094/0000084839-24-000094-index.htm",
        "finalLink": "https://www.sec.gov/Archives/edgar/data/84839/000008483924000094/rol-20240630.htm"
    },
    {
        "date": "2024-03-31",
        "symbol": "ROL",
        "reportedCurrency": "USD",
        "cik": "0000084839",
        "fillingDate": "2024-04-25",
        "acceptedDate": "2024-04-25 16:05:43",
        "calendarYear": "2024",
        "period": "Q1",
        "revenue": 748349000,
        "costOfRevenue": 365558000,
        "grossProfit": 382791000,
        "grossProfitRatio": 0.5115140128,
        "researchAndDevelopmentExpenses": 0,
        "generalAndAdministrativeExpenses": 0,
        "sellingAndMarketingExpenses": 0,
        "sellingGeneralAndAdministrativeExpenses": 223057000,
        "otherExpenses": 27310000,
        "operatingExpenses": 250367000,
        "costAndExpenses": 615925000,
        "interestIncome": 0,
        "interestExpense": 7725000,
        "depreciationAndAmortization": 27310000,
        "ebitda": 159734000,
        "ebitdaratio": 0.213448538,
        "operatingIncome": 132424000,
        "operatingIncomeRatio": 0.17695487,
        "totalOtherIncomeExpensesNet": -7786000,
        "incomeBeforeTax": 124638000,
        "incomeBeforeTaxRatio": 0.1665506335,
        "incomeTaxExpense": 30244000,
        "netIncome": 94394000,
        "netIncomeRatio": 0.1261363348,
        "eps": 0.2,
        "epsdiluted": 0.19,
        "weightedAverageShsOut": 484131000,
        "weightedAverageShsOutDil": 484318000,
        "link": "https://www.sec.gov/Archives/edgar/data/84839/000008483924000070/0000084839-24-000070-index.htm",
        "finalLink": "https://www.sec.gov/Archives/edgar/data/84839/000008483924000070/rol-20240331.htm"
    },
    {
        "date": "2023-12-31",
        "symbol": "ROL",
        "reportedCurrency": "USD",
        "cik": "0000084839",
        "fillingDate": "2024-02-15",
        "acceptedDate": "2024-02-15 16:15:28",
        "calendarYear": "2023",
        "period": "Q4",
        "revenue": 754086000,
        "costOfRevenue": 370305000,
        "grossProfit": 383781000,
        "grossProfitRatio": 0.5089353204,
        "researchAndDevelopmentExpenses": 0,
        "generalAndAdministrativeExpenses": 102578000,
        "sellingAndMarketingExpenses": 115987000,
        "sellingGeneralAndAdministrativeExpenses": 218565000,
        "otherExpenses": 26143000,
        "operatingExpenses": 244708000,
        "costAndExpenses": 615013000,
        "interestIncome": 0,
        "interestExpense": 8257999,
        "depreciationAndAmortization": 26143000,
        "ebitda": 165216000,
        "ebitdaratio": 0.2190943739,
        "operatingIncome": 139073000,
        "operatingIncomeRatio": 0.1844259143,
        "totalOtherIncomeExpensesNet": 7602000,
        "incomeBeforeTax": 146675000,
        "incomeBeforeTaxRatio": 0.1945069926,
        "incomeTaxExpense": 37872000,
        "netIncome": 108803000,
        "netIncomeRatio": 0.1442846041,
        "eps": 0.22,
        "epsdiluted": 0.22,
        "weightedAverageShsOut": 483922000,
        "weightedAverageShsOutDil": 484112000,
        "link": "https://www.sec.gov/Archives/edgar/data/84839/000008483924000025/0000084839-24-000025-index.htm",
        "finalLink": "https://www.sec.gov/Archives/edgar/data/84839/000008483924000025/rol-20231231.htm"
    },
    {
        "date": "2023-09-30",
        "symbol": "ROL",
        "reportedCurrency": "USD",
        "cik": "0000084839",
        "fillingDate": "2023-10-26",
        "acceptedDate": "2023-10-26 16:12:59",
        "calendarYear": "2023",
        "period": "Q3",
        "revenue": 840427000,
        "costOfRevenue": 388533000,
        "grossProfit": 451894000,
        "grossProfitRatio": 0.537695719,
        "researchAndDevelopmentExpenses": 0,
        "generalAndAdministrativeExpenses": 0,
        "sellingAndMarketingExpenses": 0,
        "sellingGeneralAndAdministrativeExpenses": 244906000,
        "otherExpenses": 29864000,
        "operatingExpenses": 274770000,
        "costAndExpenses": 663303000,
        "interestIncome": 0,
        "interestExpense": 5547000,
        "depreciationAndAmortization": 24668000,
        "ebitda": 206988000,
        "ebitdaratio": 0.2462890888,
        "operatingIncome": 177124000,
        "operatingIncomeRatio": 0.2107547711,
        "totalOtherIncomeExpensesNet": -5054000,
        "incomeBeforeTax": 172070000,
        "incomeBeforeTaxRatio": 0.2047411613,
        "incomeTaxExpense": 44293000,
        "netIncome": 127777000,
        "netIncomeRatio": 0.1520381901,
        "eps": 0.26,
        "epsdiluted": 0.26,
        "weightedAverageShsOut": 490775000,
        "weightedAverageShsOutDil": 490965000,
        "link": "https://www.sec.gov/Archives/edgar/data/84839/000008483923000078/0000084839-23-000078-index.htm",
        "finalLink": "https://www.sec.gov/Archives/edgar/data/84839/000008483923000078/rol-20230930.htm"
    },
    {
        "date": "2023-06-30",
        "symbol": "ROL",
        "reportedCurrency": "USD",
        "cik": "0000084839",
        "fillingDate": "2023-07-27",
        "acceptedDate": "2023-07-27 17:02:11",
        "calendarYear": "2023",
        "period": "Q2",
        "revenue": 820750000,
        "costOfRevenue": 384191000,
        "grossProfit": 436559000,
        "grossProfitRatio": 0.5319025282,
        "researchAndDevelopmentExpenses": 0,
        "generalAndAdministrativeExpenses": 0,
        "sellingAndMarketingExpenses": 0,
        "sellingGeneralAndAdministrativeExpenses": 255331000,
        "otherExpenses": 26439000,
        "operatingExpenses": 281770000,
        "costAndExpenses": 665961000,
        "interestIncome": 0,
        "interestExpense": 4785000,
        "depreciationAndAmortization": 26439000,
        "ebitda": 181228000,
        "ebitdaratio": 0.2208077977,
        "operatingIncome": 154789000,
        "operatingIncomeRatio": 0.1885945781,
        "totalOtherIncomeExpensesNet": -3766000,
        "incomeBeforeTax": 151023000,
        "incomeBeforeTaxRatio": 0.184006092,
        "incomeTaxExpense": 40880000,
        "netIncome": 110143000,
        "netIncomeRatio": 0.1341979896,
        "eps": 0.22,
        "epsdiluted": 0.22,
        "weightedAverageShsOut": 492700000,
        "weightedAverageShsOutDil": 492891000,
        "link": "https://www.sec.gov/Archives/edgar/data/84839/000008483923000059/0000084839-23-000059-index.htm",
        "finalLink": "https://www.sec.gov/Archives/edgar/data/84839/000008483923000059/rol-20230630.htm"
    },
    {
        "date": "2023-03-31",
        "symbol": "ROL",
        "reportedCurrency": "USD",
        "cik": "0000084839",
        "fillingDate": "2023-04-27",
        "acceptedDate": "2023-04-27 17:13:56",
        "calendarYear": "2023",
        "period": "Q1",
        "revenue": 658015000,
        "costOfRevenue": 326842000,
        "grossProfit": 331173000,
        "grossProfitRatio": 0.5032909584,
        "researchAndDevelopmentExpenses": 0,
        "generalAndAdministrativeExpenses": 0,
        "sellingAndMarketingExpenses": 0,
        "sellingGeneralAndAdministrativeExpenses": 196431000,
        "otherExpenses": 22502000,
        "operatingExpenses": 218933000,
        "costAndExpenses": 545775000,
        "interestIncome": 0,
        "interestExpense": 465000,
        "depreciationAndAmortization": 22502000,
        "ebitda": 134742000,
        "ebitdaratio": 0.204770408,
        "operatingIncome": 112240000,
        "operatingIncomeRatio": 0.1705736191,
        "totalOtherIncomeExpensesNet": 4249000,
        "incomeBeforeTax": 116489000,
        "incomeBeforeTaxRatio": 0.1770309187,
        "incomeTaxExpense": 28255000,
        "netIncome": 88234000,
        "netIncomeRatio": 0.1340911681,
        "eps": 0.18,
        "epsdiluted": 0.18,
        "weightedAverageShsOut": 492516000,
        "weightedAverageShsOutDil": 492701000,
        "link": "https://www.sec.gov/Archives/edgar/data/84839/000008483923000018/0000084839-23-000018-index.htm",
        "finalLink": "https://www.sec.gov/Archives/edgar/data/84839/000008483923000018/rol-20230331.htm"
    },
    {
        "date": "2022-12-31",
        "symbol": "ROL",
        "reportedCurrency": "USD",
        "cik": "0000084839",
        "fillingDate": "2023-02-16",
        "acceptedDate": "2023-02-16 16:30:17",
        "calendarYear": "2022",
        "period": "Q4",
        "revenue": 661390000,
        "costOfRevenue": 328083000,
        "grossProfit": 333307000,
        "grossProfitRatio": 0.5039492584,
        "researchAndDevelopmentExpenses": 0,
        "generalAndAdministrativeExpenses": 87398000,
        "sellingAndMarketingExpenses": 102959000,
        "sellingGeneralAndAdministrativeExpenses": 190357000,
        "otherExpenses": 23033000,
        "operatingExpenses": 213390000,
        "costAndExpenses": 541473000,
        "interestIncome": 0,
        "interestExpense": 344000,
        "depreciationAndAmortization": 23033000,
        "ebitda": 142950000,
        "ebitdaratio": 0.2161357142,
        "operatingIncome": 119917000,
        "operatingIncomeRatio": 0.1813105732,
        "totalOtherIncomeExpensesNet": 2653000,
        "incomeBeforeTax": 122570000,
        "incomeBeforeTaxRatio": 0.1853218222,
        "incomeTaxExpense": 38300000,
        "netIncome": 84270000,
        "netIncomeRatio": 0.1274134777,
        "eps": 0.17,
        "epsdiluted": 0.17,
        "weightedAverageShsOut": 492344000,
        "weightedAverageShsOutDil": 492457000,
        "link": "https://www.sec.gov/Archives/edgar/data/84839/000008483923000006/0000084839-23-000006-index.htm",
        "finalLink": "https://www.sec.gov/Archives/edgar/data/84839/000008483923000006/rol-20221231x10k.htm"
    },
    {
        "date": "2022-09-30",
        "symbol": "ROL",
        "reportedCurrency": "USD",
        "cik": "0000084839",
        "fillingDate": "2022-10-27",
        "acceptedDate": "2022-10-27 16:21:45",
        "calendarYear": "2022",
        "period": "Q3",
        "revenue": 729704000,
        "costOfRevenue": 348158000,
        "grossProfit": 381546000,
        "grossProfitRatio": 0.5228777696,
        "researchAndDevelopmentExpenses": 0,
        "generalAndAdministrativeExpenses": 0,
        "sellingAndMarketingExpenses": 0,
        "sellingGeneralAndAdministrativeExpenses": 213581000,
        "otherExpenses": 22561000,
        "operatingExpenses": 236142000,
        "costAndExpenses": 584300000,
        "interestIncome": 0,
        "interestExpense": 846000,
        "depreciationAndAmortization": 22561000,
        "ebitda": 167965000,
        "ebitdaratio": 0.2301823753,
        "operatingIncome": 145404000,
        "operatingIncomeRatio": 0.1992643592,
        "totalOtherIncomeExpensesNet": 1134000,
        "incomeBeforeTax": 146538000,
        "incomeBeforeTaxRatio": 0.200818414,
        "incomeTaxExpense": 37595000,
        "netIncome": 108943000,
        "netIncomeRatio": 0.1492975234,
        "eps": 0.22,
        "epsdiluted": 0.22,
        "weightedAverageShsOut": 492316000,
        "weightedAverageShsOutDil": 492430000,
        "link": "https://www.sec.gov/Archives/edgar/data/84839/000008483922000059/0000084839-22-000059-index.htm",
        "finalLink": "https://www.sec.gov/Archives/edgar/data/84839/000008483922000059/rol-20220930x10q.htm"
    },
    {
        "date": "2022-06-30",
        "symbol": "ROL",
        "reportedCurrency": "USD",
        "cik": "0000084839",
        "fillingDate": "2022-07-28",
        "acceptedDate": "2022-07-28 16:36:58",
        "calendarYear": "2022",
        "period": "Q2",
        "revenue": 714049000,
        "costOfRevenue": 336780000,
        "grossProfit": 377269000,
        "grossProfitRatio": 0.5283516958,
        "researchAndDevelopmentExpenses": 0,
        "generalAndAdministrativeExpenses": 0,
        "sellingAndMarketingExpenses": 0,
        "sellingGeneralAndAdministrativeExpenses": 219987000,
        "otherExpenses": 22605000,
        "operatingExpenses": 242592000,
        "costAndExpenses": 579372000,
        "interestIncome": 0,
        "interestExpense": 880000,
        "depreciationAndAmortization": 22605000,
        "ebitda": 157282000,
        "ebitdaratio": 0.2202677967,
        "operatingIncome": 134677000,
        "operatingIncomeRatio": 0.1886103055,
        "totalOtherIncomeExpensesNet": 1031000,
        "incomeBeforeTax": 135708000,
        "incomeBeforeTaxRatio": 0.190054184,
        "incomeTaxExpense": 34088000,
        "netIncome": 101620000,
        "netIncomeRatio": 0.1423151632,
        "eps": 0.21,
        "epsdiluted": 0.21,
        "weightedAverageShsOut": 492327000,
        "weightedAverageShsOutDil": 492440000,
        "link": "https://www.sec.gov/Archives/edgar/data/84839/000008483922000048/0000084839-22-000048-index.htm",
        "finalLink": "https://www.sec.gov/Archives/edgar/data/84839/000008483922000048/rol-20220630x10q.htm"
    },
    {
        "date": "2022-03-31",
        "symbol": "ROL",
        "reportedCurrency": "USD",
        "cik": "0000084839",
        "fillingDate": "2022-04-28",
        "acceptedDate": "2022-04-28 16:33:09",
        "calendarYear": "2022",
        "period": "Q1",
        "revenue": 590680000,
        "costOfRevenue": 295378000,
        "grossProfit": 295302000,
        "grossProfitRatio": 0.4999356674,
        "researchAndDevelopmentExpenses": 0,
        "generalAndAdministrativeExpenses": 0,
        "sellingAndMarketingExpenses": 0,
        "sellingGeneralAndAdministrativeExpenses": 178785000,
        "otherExpenses": 23127000,
        "operatingExpenses": 201912000,
        "costAndExpenses": 497290000,
        "interestIncome": 0,
        "interestExpense": 568000,
        "depreciationAndAmortization": 23127000,
        "ebitda": 116517000,
        "ebitdaratio": 0.1972590912,
        "operatingIncome": 93390000,
        "operatingIncomeRatio": 0.1581059118,
        "totalOtherIncomeExpensesNet": 711000,
        "incomeBeforeTax": 94101000,
        "incomeBeforeTaxRatio": 0.1593096093,
        "incomeTaxExpense": 20335000,
        "netIncome": 73766000,
        "netIncomeRatio": 0.1248831855,
        "eps": 0.15,
        "epsdiluted": 0.15,
        "weightedAverageShsOut": 492213000,
        "weightedAverageShsOutDil": 492325000,
        "link": "https://www.sec.gov/Archives/edgar/data/84839/000008483922000033/0000084839-22-000033-index.htm",
        "finalLink": "https://www.sec.gov/Archives/edgar/data/84839/000008483922000033/rol-20220331x10q.htm"
    },
    {
        "date": "2021-12-31",
        "symbol": "ROL",
        "reportedCurrency": "USD",
        "cik": "0000084839",
        "fillingDate": "2022-02-25",
        "acceptedDate": "2022-02-25 17:24:40",
        "calendarYear": "2021",
        "period": "Q4",
        "revenue": 600343000,
        "costOfRevenue": 297729000,
        "grossProfit": 302614000,
        "grossProfitRatio": 0.5040685075,
        "researchAndDevelopmentExpenses": 0,
        "generalAndAdministrativeExpenses": 95659000,
        "sellingAndMarketingExpenses": 91879000,
        "sellingGeneralAndAdministrativeExpenses": 187538000,
        "otherExpenses": 16039000,
        "operatingExpenses": 203577000,
        "costAndExpenses": 501306000,
        "interestIncome": 504000,
        "interestExpense": 0,
        "depreciationAndAmortization": 16039000,
        "ebitda": 115076000,
        "ebitdaratio": 0.1916837541,
        "operatingIncome": 99037000,
        "operatingIncomeRatio": 0.1649673603,
        "totalOtherIncomeExpensesNet": 2585000,
        "incomeBeforeTax": 101622000,
        "incomeBeforeTaxRatio": 0.1692732321,
        "incomeTaxExpense": 30407000,
        "netIncome": 71215000,
        "netIncomeRatio": 0.1186238534,
        "eps": 0.13,
        "epsdiluted": 0.13,
        "weightedAverageShsOut": 492041000,
        "weightedAverageShsOutDil": 492041000,
        "link": "https://www.sec.gov/Archives/edgar/data/84839/000008483922000011/0000084839-22-000011-index.htm",
        "finalLink": "https://www.sec.gov/Archives/edgar/data/84839/000008483922000011/rol-20211231x10k.htm"
    },
    {
        "date": "2021-09-30",
        "symbol": "ROL",
        "reportedCurrency": "USD",
        "cik": "0000084839",
        "fillingDate": "2021-10-29",
        "acceptedDate": "2021-10-29 15:16:53",
        "calendarYear": "2021",
        "period": "Q3",
        "revenue": 650199000,
        "costOfRevenue": 305474000,
        "grossProfit": 344725000,
        "grossProfitRatio": 0.530183836,
        "researchAndDevelopmentExpenses": 0,
        "generalAndAdministrativeExpenses": 0,
        "sellingAndMarketingExpenses": 0,
        "sellingGeneralAndAdministrativeExpenses": 194261000,
        "otherExpenses": 23617000,
        "operatingExpenses": 217878000,
        "costAndExpenses": 523352000,
        "interestIncome": 0,
        "interestExpense": 322000,
        "depreciationAndAmortization": 23617000,
        "ebitda": 150464000,
        "ebitdaratio": 0.2314122292,
        "operatingIncome": 126847000,
        "operatingIncomeRatio": 0.1950895034,
        "totalOtherIncomeExpensesNet": 225000,
        "incomeBeforeTax": 127072000,
        "incomeBeforeTaxRatio": 0.1954355513,
        "incomeTaxExpense": 33219000,
        "netIncome": 93853000,
        "netIncomeRatio": 0.144345039,
        "eps": 0.19,
        "epsdiluted": 0.19,
        "weightedAverageShsOut": 492069000,
        "weightedAverageShsOutDil": 492069000,
        "link": "https://www.sec.gov/Archives/edgar/data/84839/000008483921000017/0000084839-21-000017-index.htm",
        "finalLink": "https://www.sec.gov/Archives/edgar/data/84839/000008483921000017/rol-20210930x10q.htm"
    },
    {
        "date": "2021-06-30",
        "symbol": "ROL",
        "reportedCurrency": "USD",
        "cik": "0000084839",
        "fillingDate": "2021-07-30",
        "acceptedDate": "2021-07-30 14:57:15",
        "calendarYear": "2021",
        "period": "Q2",
        "revenue": 638204000,
        "costOfRevenue": 297862000,
        "grossProfit": 340342000,
        "grossProfitRatio": 0.5332808945,
        "researchAndDevelopmentExpenses": 0,
        "generalAndAdministrativeExpenses": 0,
        "sellingAndMarketingExpenses": 0,
        "sellingGeneralAndAdministrativeExpenses": 183482000,
        "otherExpenses": 23306000,
        "operatingExpenses": 206788000,
        "costAndExpenses": 504650000,
        "interestIncome": 0,
        "interestExpense": 606000,
        "depreciationAndAmortization": 23306000,
        "ebitda": 156860000,
        "ebitdaratio": 0.2457834799,
        "operatingIncome": 133554000,
        "operatingIncomeRatio": 0.209265376,
        "totalOtherIncomeExpensesNet": 385000,
        "incomeBeforeTax": 133939000,
        "incomeBeforeTaxRatio": 0.2098686313,
        "incomeTaxExpense": 35085000,
        "netIncome": 98854000,
        "netIncomeRatio": 0.1548940464,
        "eps": 0.2,
        "epsdiluted": 0.2,
        "weightedAverageShsOut": 491999000,
        "weightedAverageShsOutDil": 491999000,
        "link": "https://www.sec.gov/Archives/edgar/data/84839/000117120021000285/0001171200-21-000285-index.htm",
        "finalLink": "https://www.sec.gov/Archives/edgar/data/84839/000117120021000285/i21487_rol-10q.htm"
    },
    {
        "date": "2021-03-31",
        "symbol": "ROL",
        "reportedCurrency": "USD",
        "cik": "0000084839",
        "fillingDate": "2021-04-30",
        "acceptedDate": "2021-04-30 14:01:06",
        "calendarYear": "2021",
        "period": "Q1",
        "revenue": 535554000,
        "costOfRevenue": 261552000,
        "grossProfit": 274002000,
        "grossProfitRatio": 0.5116234777,
        "researchAndDevelopmentExpenses": 0,
        "generalAndAdministrativeExpenses": 0,
        "sellingAndMarketingExpenses": 0,
        "sellingGeneralAndAdministrativeExpenses": 162208000,
        "otherExpenses": 23596000,
        "operatingExpenses": 185804000,
        "costAndExpenses": 447356000,
        "interestIncome": 0,
        "interestExpense": 606000,
        "depreciationAndAmortization": 23596000,
        "ebitda": 111794000,
        "ebitdaratio": 0.2087445897,
        "operatingIncome": 88198000,
        "operatingIncomeRatio": 0.1646855406,
        "totalOtherIncomeExpensesNet": 31654000,
        "incomeBeforeTax": 119852000,
        "incomeBeforeTaxRatio": 0.2237906915,
        "incomeTaxExpense": 27209000,
        "netIncome": 92643000,
        "netIncomeRatio": 0.1729853572,
        "eps": 0.19,
        "epsdiluted": 0.19,
        "weightedAverageShsOut": 492003000,
        "weightedAverageShsOutDil": 492003000,
        "link": "https://www.sec.gov/Archives/edgar/data/84839/000117120021000229/0001171200-21-000229-index.htm",
        "finalLink": "https://www.sec.gov/Archives/edgar/data/84839/000117120021000229/i21259_rol-10q.htm"
    },
    {
        "date": "2020-12-31",
        "symbol": "ROL",
        "reportedCurrency": "USD",
        "cik": "0000084839",
        "fillingDate": "2021-02-26",
        "acceptedDate": "2021-02-26 16:00:58",
        "calendarYear": "2020",
        "period": "Q4",
        "revenue": 536292000,
        "costOfRevenue": 266344000,
        "grossProfit": 269948000,
        "grossProfitRatio": 0.5033601098,
        "researchAndDevelopmentExpenses": 0,
        "generalAndAdministrativeExpenses": 72772000,
        "sellingAndMarketingExpenses": 86314000,
        "sellingGeneralAndAdministrativeExpenses": 159086000,
        "otherExpenses": -257230000,
        "operatingExpenses": -98144000,
        "costAndExpenses": 168200000,
        "interestIncome": 0,
        "interestExpense": 391000,
        "depreciationAndAmortization": 22403000,
        "ebitda": 110862000,
        "ebitdaratio": 0.2067194737,
        "operatingIncome": 368092000,
        "operatingIncomeRatio": 0.6863648908,
        "totalOtherIncomeExpensesNet": -281194000,
        "incomeBeforeTax": 86898000,
        "incomeBeforeTaxRatio": 0.1620348616,
        "incomeTaxExpense": 24279000,
        "netIncome": 62619000,
        "netIncomeRatio": 0.1167628829,
        "eps": 0.13,
        "epsdiluted": 0.13,
        "weightedAverageShsOut": 491619000,
        "weightedAverageShsOutDil": 491619000,
        "link": "https://www.sec.gov/Archives/edgar/data/84839/000117120021000076/0001171200-21-000076-index.htm",
        "finalLink": "https://www.sec.gov/Archives/edgar/data/84839/000117120021000076/i21062_rol-10k.htm"
    },
    {
        "date": "2020-09-30",
        "symbol": "ROL",
        "reportedCurrency": "USD",
        "cik": "0000084839",
        "fillingDate": "2020-10-28",
        "acceptedDate": "2020-10-28 10:40:49",
        "calendarYear": "2020",
        "period": "Q3",
        "revenue": 583698000,
        "costOfRevenue": 275474000,
        "grossProfit": 308224000,
        "grossProfitRatio": 0.5280538909,
        "researchAndDevelopmentExpenses": 0,
        "generalAndAdministrativeExpenses": 0,
        "sellingAndMarketingExpenses": 0,
        "sellingGeneralAndAdministrativeExpenses": 168006000,
        "otherExpenses": 0,
        "operatingExpenses": 168006000,
        "costAndExpenses": 443480000,
        "interestIncome": 0,
        "interestExpense": 566000,
        "depreciationAndAmortization": 22404000,
        "ebitda": 140218000,
        "ebitdaratio": 0.2402235403,
        "operatingIncome": 140218000,
        "operatingIncomeRatio": 0.2402235403,
        "totalOtherIncomeExpensesNet": -31316000,
        "incomeBeforeTax": 108902000,
        "incomeBeforeTaxRatio": 0.1865725084,
        "incomeTaxExpense": 29323000,
        "netIncome": 79579000,
        "netIncomeRatio": 0.1363359134,
        "eps": 0.16,
        "epsdiluted": 0.16,
        "weightedAverageShsOut": 491631000,
        "weightedAverageShsOutDil": 491631000,
        "link": "https://www.sec.gov/Archives/edgar/data/84839/000117120020000617/0001171200-20-000617-index.htm",
        "finalLink": "https://www.sec.gov/Archives/edgar/data/84839/000117120020000617/i20550_rol-10q.htm"
    },
    {
        "date": "2020-06-30",
        "symbol": "ROL",
        "reportedCurrency": "USD",
        "cik": "0000084839",
        "fillingDate": "2020-07-31",
        "acceptedDate": "2020-07-31 15:00:48",
        "calendarYear": "2020",
        "period": "Q2",
        "revenue": 553329000,
        "costOfRevenue": 255622000,
        "grossProfit": 297707000,
        "grossProfitRatio": 0.5380289123,
        "researchAndDevelopmentExpenses": 0,
        "generalAndAdministrativeExpenses": 0,
        "sellingAndMarketingExpenses": 0,
        "sellingGeneralAndAdministrativeExpenses": 171253000,
        "otherExpenses": 0,
        "operatingExpenses": 171253000,
        "costAndExpenses": 426875000,
        "interestIncome": 0,
        "interestExpense": 1260000,
        "depreciationAndAmortization": 21925000,
        "ebitda": 126454000,
        "ebitdaratio": 0.228533115,
        "operatingIncome": 126454000,
        "operatingIncomeRatio": 0.228533115,
        "totalOtherIncomeExpensesNet": -22934000,
        "incomeBeforeTax": 103520000,
        "incomeBeforeTaxRatio": 0.1870858025,
        "incomeTaxExpense": 28162000,
        "netIncome": 75358000,
        "netIncomeRatio": 0.1361902232,
        "eps": 0.15,
        "epsdiluted": 0.15,
        "weightedAverageShsOut": 491644500,
        "weightedAverageShsOutDil": 491645000,
        "link": "https://www.sec.gov/Archives/edgar/data/84839/000117120020000501/0001171200-20-000501-index.htm",
        "finalLink": "https://www.sec.gov/Archives/edgar/data/84839/000117120020000501/i20440_rol-10q.htm"
    },
    {
        "date": "2020-03-31",
        "symbol": "ROL",
        "reportedCurrency": "USD",
        "cik": "0000084839",
        "fillingDate": "2020-04-30",
        "acceptedDate": "2020-04-30 15:16:31",
        "calendarYear": "2020",
        "period": "Q1",
        "revenue": 487901000,
        "costOfRevenue": 251152000,
        "grossProfit": 236749000,
        "grossProfitRatio": 0.4852398335,
        "researchAndDevelopmentExpenses": 0,
        "generalAndAdministrativeExpenses": 0,
        "sellingAndMarketingExpenses": 0,
        "sellingGeneralAndAdministrativeExpenses": 157862000,
        "otherExpenses": 0,
        "operatingExpenses": 157862000,
        "costAndExpenses": 409014000,
        "interestIncome": 0,
        "interestExpense": 2165000,
        "depreciationAndAmortization": 21597000,
        "ebitda": 78887000,
        "ebitdaratio": 0.1616864897,
        "operatingIncome": 78887000,
        "operatingIncomeRatio": 0.1616864897,
        "totalOtherIncomeExpensesNet": -23487000,
        "incomeBeforeTax": 55400000,
        "incomeBeforeTaxRatio": 0.1135476254,
        "incomeTaxExpense": 12132000,
        "netIncome": 43268000,
        "netIncomeRatio": 0.0886819252,
        "eps": 0.09,
        "epsdiluted": 0.09,
        "weightedAverageShsOut": 491523000,
        "weightedAverageShsOutDil": 491524000,
        "link": "https://www.sec.gov/Archives/edgar/data/84839/000117120020000327/0001171200-20-000327-index.htm",
        "finalLink": "https://www.sec.gov/Archives/edgar/data/84839/000117120020000327/i20282_rol-10q.htm"
    },
    {
        "date": "2019-12-31",
        "symbol": "ROL",
        "reportedCurrency": "USD",
        "cik": "0000084839",
        "fillingDate": "2020-02-28",
        "acceptedDate": "2020-02-28 17:02:41",
        "calendarYear": "2019",
        "period": "Q4",
        "revenue": 505985000,
        "costOfRevenue": 254284000,
        "grossProfit": 251701000,
        "grossProfitRatio": 0.4974475528,
        "researchAndDevelopmentExpenses": 0,
        "generalAndAdministrativeExpenses": 73621000,
        "sellingAndMarketingExpenses": 81174000,
        "sellingGeneralAndAdministrativeExpenses": 154795000,
        "otherExpenses": 0,
        "operatingExpenses": 154795000,
        "costAndExpenses": 409079000,
        "interestIncome": 0,
        "interestExpense": 2440000,
        "depreciationAndAmortization": 22606000,
        "ebitda": 96906000,
        "ebitdaratio": 0.1915195114,
        "operatingIncome": 96906000,
        "operatingIncomeRatio": 0.1915195114,
        "totalOtherIncomeExpensesNet": -24897000,
        "incomeBeforeTax": 72009000,
        "incomeBeforeTaxRatio": 0.1423144955,
        "incomeTaxExpense": 21244000,
        "netIncome": 50765000,
        "netIncomeRatio": 0.1003290611,
        "eps": 0.11,
        "epsdiluted": 0.11,
        "weightedAverageShsOut": 491158500,
        "weightedAverageShsOutDil": 491158500,
        "link": "https://www.sec.gov/Archives/edgar/data/84839/000117120020000103/0001171200-20-000103-index.htm",
        "finalLink": "https://www.sec.gov/Archives/edgar/data/84839/000117120020000103/i20108_rol-10k.htm"
    },
    {
        "date": "2019-09-30",
        "symbol": "ROL",
        "reportedCurrency": "USD",
        "cik": "0000084839",
        "fillingDate": "2019-10-25",
        "acceptedDate": "2019-10-25 15:35:45",
        "calendarYear": "2019",
        "period": "Q3",
        "revenue": 556466000,
        "costOfRevenue": 268718000,
        "grossProfit": 287748000,
        "grossProfitRatio": 0.5170989782,
        "researchAndDevelopmentExpenses": 0,
        "generalAndAdministrativeExpenses": 0,
        "sellingAndMarketingExpenses": 0,
        "sellingGeneralAndAdministrativeExpenses": 167168000,
        "otherExpenses": 0,
        "operatingExpenses": 167168000,
        "costAndExpenses": 435886000,
        "interestIncome": 0,
        "interestExpense": 2708000,
        "depreciationAndAmortization": 21690000,
        "ebitda": 120580000,
        "ebitdaratio": 0.2166888902,
        "operatingIncome": 120580000,
        "operatingIncomeRatio": 0.2166888902,
        "totalOtherIncomeExpensesNet": -74441000,
        "incomeBeforeTax": 46139000,
        "incomeBeforeTaxRatio": 0.08291432,
        "incomeTaxExpense": 2077999,
        "netIncome": 44061000,
        "netIncomeRatio": 0.0791800398,
        "eps": 0.0867,
        "epsdiluted": 0.0867,
        "weightedAverageShsOut": 491188500,
        "weightedAverageShsOutDil": 491188500,
        "link": "https://www.sec.gov/Archives/edgar/data/84839/000117120019000351/0001171200-19-000351-index.htm",
        "finalLink": "https://www.sec.gov/Archives/edgar/data/84839/000117120019000351/i19447_rol-10q.htm"
    },
    {
        "date": "2019-06-30",
        "symbol": "ROL",
        "reportedCurrency": "USD",
        "cik": "0000084839",
        "fillingDate": "2019-07-26",
        "acceptedDate": "2019-07-26 15:05:23",
        "calendarYear": "2019",
        "period": "Q2",
        "revenue": 523957000,
        "costOfRevenue": 253333000,
        "grossProfit": 270624000,
        "grossProfitRatio": 0.5165003998,
        "researchAndDevelopmentExpenses": 0,
        "generalAndAdministrativeExpenses": 0,
        "sellingAndMarketingExpenses": 0,
        "sellingGeneralAndAdministrativeExpenses": 161886000,
        "otherExpenses": 0,
        "operatingExpenses": 161886000,
        "costAndExpenses": 415219000,
        "interestIncome": 0,
        "interestExpense": 2156000,
        "depreciationAndAmortization": 20132000,
        "ebitda": 108738000,
        "ebitdaratio": 0.2075322975,
        "operatingIncome": 108738000,
        "operatingIncomeRatio": 0.2075322975,
        "totalOtherIncomeExpensesNet": -21779000,
        "incomeBeforeTax": 86959000,
        "incomeBeforeTaxRatio": 0.1659659094,
        "incomeTaxExpense": 22664000,
        "netIncome": 64295000,
        "netIncomeRatio": 0.1227104514,
        "eps": 0.13,
        "epsdiluted": 0.13,
        "weightedAverageShsOut": 491259000,
        "weightedAverageShsOutDil": 491259000,
        "link": "https://www.sec.gov/Archives/edgar/data/84839/000117120019000278/0001171200-19-000278-index.htm",
        "finalLink": "https://www.sec.gov/Archives/edgar/data/84839/000117120019000278/i19356_rol-10q.htm"
    },
    {
        "date": "2019-03-31",
        "symbol": "ROL",
        "reportedCurrency": "USD",
        "cik": "0000084839",
        "fillingDate": "2019-04-26",
        "acceptedDate": "2019-04-26 15:01:16",
        "calendarYear": "2019",
        "period": "Q1",
        "revenue": 429069000,
        "costOfRevenue": 217258000,
        "grossProfit": 211811000,
        "grossProfitRatio": 0.4936525361,
        "researchAndDevelopmentExpenses": 0,
        "generalAndAdministrativeExpenses": 0,
        "sellingAndMarketingExpenses": 0,
        "sellingGeneralAndAdministrativeExpenses": 139530000,
        "otherExpenses": 0,
        "operatingExpenses": 139530000,
        "costAndExpenses": 356788000,
        "interestIncome": 0,
        "interestExpense": 0,
        "depreciationAndAmortization": 16683000,
        "ebitda": 72281000,
        "ebitdaratio": 0.1684600845,
        "operatingIncome": 72281000,
        "operatingIncomeRatio": 0.1684600845,
        "totalOtherIncomeExpensesNet": -16228000,
        "incomeBeforeTax": 56053000,
        "incomeBeforeTaxRatio": 0.1306386618,
        "incomeTaxExpense": 11827000,
        "netIncome": 44226000,
        "netIncomeRatio": 0.1030743307,
        "eps": 0.0933,
        "epsdiluted": 0.0933,
        "weightedAverageShsOut": 491259000,
        "weightedAverageShsOutDil": 491259000,
        "link": "https://www.sec.gov/Archives/edgar/data/84839/000117120019000188/0001171200-19-000188-index.htm",
        "finalLink": "https://www.sec.gov/Archives/edgar/data/84839/000117120019000188/i19231_rol-10q.htm"
    },
    {
        "date": "2018-12-31",
        "symbol": "ROL",
        "reportedCurrency": "USD",
        "cik": "0000084839",
        "fillingDate": "2019-03-01",
        "acceptedDate": "2019-03-01 16:46:47",
        "calendarYear": "2018",
        "period": "Q4",
        "revenue": 444623000,
        "costOfRevenue": 221235000,
        "grossProfit": 223388000,
        "grossProfitRatio": 0.5024211523,
        "researchAndDevelopmentExpenses": 0,
        "generalAndAdministrativeExpenses": 65885000,
        "sellingAndMarketingExpenses": 69875000,
        "sellingGeneralAndAdministrativeExpenses": 135760000,
        "otherExpenses": 0,
        "operatingExpenses": 135760000,
        "costAndExpenses": 356995000,
        "interestIncome": 290000,
        "interestExpense": 0,
        "depreciationAndAmortization": 16643000,
        "ebitda": 87628000,
        "ebitdaratio": 0.1970838216,
        "operatingIncome": 87628000,
        "operatingIncomeRatio": 0.1970838216,
        "totalOtherIncomeExpensesNet": -16156000,
        "incomeBeforeTax": 71472000,
        "incomeBeforeTaxRatio": 0.1607474197,
        "incomeTaxExpense": 20504000,
        "netIncome": 50968000,
        "netIncomeRatio": 0.1146319466,
        "eps": 0.11,
        "epsdiluted": 0.11,
        "weightedAverageShsOut": 490974000,
        "weightedAverageShsOutDil": 490974000,
        "link": "https://www.sec.gov/Archives/edgar/data/84839/000117120019000087/0001171200-19-000087-index.htm",
        "finalLink": "https://www.sec.gov/Archives/edgar/data/84839/000117120019000087/i19083_rol-10k.htm"
    },
    {
        "date": "2018-09-30",
        "symbol": "ROL",
        "reportedCurrency": "USD",
        "cik": "0000084839",
        "fillingDate": "2018-10-26",
        "acceptedDate": "2018-10-26 12:01:41",
        "calendarYear": "2018",
        "period": "Q3",
        "revenue": 487739000,
        "costOfRevenue": 236287000,
        "grossProfit": 251452000,
        "grossProfitRatio": 0.5155462245,
        "researchAndDevelopmentExpenses": 0,
        "generalAndAdministrativeExpenses": 0,
        "sellingAndMarketingExpenses": 0,
        "sellingGeneralAndAdministrativeExpenses": 145072000,
        "otherExpenses": 0,
        "operatingExpenses": 145072000,
        "costAndExpenses": 381359000,
        "interestIncome": 0,
        "interestExpense": 0,
        "depreciationAndAmortization": 16867000,
        "ebitda": 106380000,
        "ebitdaratio": 0.2181084555,
        "operatingIncome": 106380000,
        "operatingIncomeRatio": 0.2181084555,
        "totalOtherIncomeExpensesNet": -16490000,
        "incomeBeforeTax": 89890000,
        "incomeBeforeTaxRatio": 0.1842993896,
        "incomeTaxExpense": 23262000,
        "netIncome": 66628000,
        "netIncomeRatio": 0.1366058486,
        "eps": 0.14,
        "epsdiluted": 0.14,
        "weightedAverageShsOut": 490981500,
        "weightedAverageShsOutDil": 490981500,
        "link": "https://www.sec.gov/Archives/edgar/data/84839/000117120018000227/0001171200-18-000227-index.htm",
        "finalLink": "https://www.sec.gov/Archives/edgar/data/84839/000117120018000227/i18372_rol-10q.htm"
    },
    {
        "date": "2018-06-30",
        "symbol": "ROL",
        "reportedCurrency": "USD",
        "cik": "0000084839",
        "fillingDate": "2018-07-27",
        "acceptedDate": "2018-07-27 14:25:26",
        "calendarYear": "2018",
        "period": "Q2",
        "revenue": 480461000,
        "costOfRevenue": 230772000,
        "grossProfit": 249689000,
        "grossProfitRatio": 0.5196863013,
        "researchAndDevelopmentExpenses": 0,
        "generalAndAdministrativeExpenses": 0,
        "sellingAndMarketingExpenses": 0,
        "sellingGeneralAndAdministrativeExpenses": 143379000,
        "otherExpenses": 0,
        "operatingExpenses": 143379000,
        "costAndExpenses": 374151000,
        "interestIncome": 0,
        "interestExpense": 0,
        "depreciationAndAmortization": 16366000,
        "ebitda": 106310000,
        "ebitdaratio": 0.2212666585,
        "operatingIncome": 106310000,
        "operatingIncomeRatio": 0.2212666585,
        "totalOtherIncomeExpensesNet": -16133000,
        "incomeBeforeTax": 90177000,
        "incomeBeforeTaxRatio": 0.1876884908,
        "incomeTaxExpense": 24635000,
        "netIncome": 65542000,
        "netIncomeRatio": 0.1364148183,
        "eps": 0.13,
        "epsdiluted": 0.13,
        "weightedAverageShsOut": 490923000,
        "weightedAverageShsOutDil": 490923000,
        "link": "https://www.sec.gov/Archives/edgar/data/84839/000008483918000126/0000084839-18-000126-index.htm",
        "finalLink": "https://www.sec.gov/Archives/edgar/data/84839/000008483918000126/rol-063018x10q.htm"
    },
    {
        "date": "2018-03-31",
        "symbol": "ROL",
        "reportedCurrency": "USD",
        "cik": "0000084839",
        "fillingDate": "2018-04-27",
        "acceptedDate": "2018-04-27 16:21:14",
        "calendarYear": "2018",
        "period": "Q1",
        "revenue": 408742000,
        "costOfRevenue": 206143000,
        "grossProfit": 202599000,
        "grossProfitRatio": 0.495664747,
        "researchAndDevelopmentExpenses": 0,
        "generalAndAdministrativeExpenses": 0,
        "sellingAndMarketingExpenses": 0,
        "sellingGeneralAndAdministrativeExpenses": 126487000,
        "otherExpenses": 0,
        "operatingExpenses": 126487000,
        "costAndExpenses": 332630000,
        "interestIncome": 0,
        "interestExpense": 0,
        "depreciationAndAmortization": 16916000,
        "ebitda": 76112000,
        "ebitdaratio": 0.1862103723,
        "operatingIncome": 76112000,
        "operatingIncomeRatio": 0.1862103723,
        "totalOtherIncomeExpensesNet": -16918000,
        "incomeBeforeTax": 59194000,
        "incomeBeforeTaxRatio": 0.1448199598,
        "incomeTaxExpense": 10669000,
        "netIncome": 48525000,
        "netIncomeRatio": 0.1187179199,
        "eps": 0.0978,
        "epsdiluted": 0.0978,
        "weightedAverageShsOut": 490866750,
        "weightedAverageShsOutDil": 490866750,
        "link": "https://www.sec.gov/Archives/edgar/data/84839/000008483918000097/0000084839-18-000097-index.htm",
        "finalLink": "https://www.sec.gov/Archives/edgar/data/84839/000008483918000097/rol-033118x10q.htm"
    },
    {
        "date": "2017-12-31",
        "symbol": "ROL",
        "reportedCurrency": "USD",
        "cik": "0000084839",
        "fillingDate": "2018-02-26",
        "acceptedDate": "2018-02-26 16:25:12",
        "calendarYear": "2017",
        "period": "Q4",
        "revenue": 414713000,
        "costOfRevenue": 207519000,
        "grossProfit": 207194000,
        "grossProfitRatio": 0.4996081628,
        "researchAndDevelopmentExpenses": 0,
        "generalAndAdministrativeExpenses": 57565000,
        "sellingAndMarketingExpenses": 66114999,
        "sellingGeneralAndAdministrativeExpenses": 123680000,
        "otherExpenses": 0,
        "operatingExpenses": 123680000,
        "costAndExpenses": 331199000,
        "interestIncome": 0,
        "interestExpense": 0,
        "depreciationAndAmortization": 13903000,
        "ebitda": 82467000,
        "ebitdaratio": 0.1988531828,
        "operatingIncome": 83514000,
        "operatingIncomeRatio": 0.2013778203,
        "totalOtherIncomeExpensesNet": -14970000,
        "incomeBeforeTax": 68544000,
        "incomeBeforeTaxRatio": 0.1652805675,
        "incomeTaxExpense": 34809000,
        "netIncome": 33735000,
        "netIncomeRatio": 0.0813454124,
        "eps": 0.0667,
        "epsdiluted": 0.0667,
        "weightedAverageShsOut": 490475250,
        "weightedAverageShsOutDil": 490475250,
        "link": "https://www.sec.gov/Archives/edgar/data/84839/000008483918000065/0000084839-18-000065-index.htm",
        "finalLink": "https://www.sec.gov/Archives/edgar/data/84839/000008483918000065/rol-123117x10k.htm"
    },
    {
        "date": "2017-09-30",
        "symbol": "ROL",
        "reportedCurrency": "USD",
        "cik": "0000084839",
        "fillingDate": "2017-10-27",
        "acceptedDate": "2017-10-27 12:17:51",
        "calendarYear": "2017",
        "period": "Q3",
        "revenue": 450442000,
        "costOfRevenue": 218781000,
        "grossProfit": 231661000,
        "grossProfitRatio": 0.5142970682,
        "researchAndDevelopmentExpenses": 0,
        "generalAndAdministrativeExpenses": 0,
        "sellingAndMarketingExpenses": 0,
        "sellingGeneralAndAdministrativeExpenses": 134932000,
        "otherExpenses": 0,
        "operatingExpenses": 134932000,
        "costAndExpenses": 353713000,
        "interestIncome": 79000,
        "interestExpense": 0,
        "depreciationAndAmortization": 14313000,
        "ebitda": 96729000,
        "ebitdaratio": 0.2147424086,
        "operatingIncome": 96729000,
        "operatingIncomeRatio": 0.2147424086,
        "totalOtherIncomeExpensesNet": -14168000,
        "incomeBeforeTax": 82561000,
        "incomeBeforeTaxRatio": 0.1832888585,
        "incomeTaxExpense": 31131000,
        "netIncome": 51430000,
        "netIncomeRatio": 0.114176742,
        "eps": 0.11,
        "epsdiluted": 0.11,
        "weightedAverageShsOut": 490473000,
        "weightedAverageShsOutDil": 490473000,
        "link": "https://www.sec.gov/Archives/edgar/data/84839/000117120017000410/0001171200-17-000410-index.htm",
        "finalLink": "https://www.sec.gov/Archives/edgar/data/84839/000117120017000410/i17466_rol-10q.htm"
    },
    {
        "date": "2017-06-30",
        "symbol": "ROL",
        "reportedCurrency": "USD",
        "cik": "0000084839",
        "fillingDate": "2017-07-28",
        "acceptedDate": "2017-07-28 15:46:02",
        "calendarYear": "2017",
        "period": "Q2",
        "revenue": 433555000,
        "costOfRevenue": 204480000,
        "grossProfit": 229075000,
        "grossProfitRatio": 0.5283643367,
        "researchAndDevelopmentExpenses": 0,
        "generalAndAdministrativeExpenses": 0,
        "sellingAndMarketingExpenses": 0,
        "sellingGeneralAndAdministrativeExpenses": 129667000,
        "otherExpenses": 0,
        "operatingExpenses": 129667000,
        "costAndExpenses": 334147000,
        "interestIncome": 190000,
        "interestExpense": 0,
        "depreciationAndAmortization": 13546000,
        "ebitda": 99407000,
        "ebitdaratio": 0.2292834819,
        "operatingIncome": 99408000,
        "operatingIncomeRatio": 0.2292857884,
        "totalOtherIncomeExpensesNet": -13269000,
        "incomeBeforeTax": 86139000,
        "incomeBeforeTaxRatio": 0.1986806749,
        "incomeTaxExpense": 32450000,
        "netIncome": 53689000,
        "netIncomeRatio": 0.1238343463,
        "eps": 0.11,
        "epsdiluted": 0.11,
        "weightedAverageShsOut": 490504500,
        "weightedAverageShsOutDil": 490504500,
        "link": "https://www.sec.gov/Archives/edgar/data/84839/000117120017000339/0001171200-17-000339-index.htm",
        "finalLink": "https://www.sec.gov/Archives/edgar/data/84839/000117120017000339/i17365_rol-10q.htm"
    },
    {
        "date": "2017-03-31",
        "symbol": "ROL",
        "reportedCurrency": "USD",
        "cik": "0000084839",
        "fillingDate": "2017-04-28",
        "acceptedDate": "2017-04-28 10:01:07",
        "calendarYear": "2017",
        "period": "Q1",
        "revenue": 375247000,
        "costOfRevenue": 189163000,
        "grossProfit": 186084000,
        "grossProfitRatio": 0.4958973689,
        "researchAndDevelopmentExpenses": 0,
        "generalAndAdministrativeExpenses": 0,
        "sellingAndMarketingExpenses": 0,
        "sellingGeneralAndAdministrativeExpenses": 115154000,
        "otherExpenses": 0,
        "operatingExpenses": 115154000,
        "costAndExpenses": 304317000,
        "interestIncome": 73000,
        "interestExpense": 0,
        "depreciationAndAmortization": 13771000,
        "ebitda": 70930000,
        "ebitdaratio": 0.1890221641,
        "operatingIncome": 70930000,
        "operatingIncomeRatio": 0.1890221641,
        "totalOtherIncomeExpensesNet": -13672000,
        "incomeBeforeTax": 57258000,
        "incomeBeforeTaxRatio": 0.1525874957,
        "incomeTaxExpense": 16988000,
        "netIncome": 40270000,
        "netIncomeRatio": 0.1073159812,
        "eps": 0.08,
        "epsdiluted": 0.08,
        "weightedAverageShsOut": 490434750,
        "weightedAverageShsOutDil": 490434750,
        "link": "https://www.sec.gov/Archives/edgar/data/84839/000117120017000223/0001171200-17-000223-index.htm",
        "finalLink": "https://www.sec.gov/Archives/edgar/data/84839/000117120017000223/i17220_rol-10q.htm"
    },
    {
        "date": "2016-12-31",
        "symbol": "ROL",
        "reportedCurrency": "USD",
        "cik": "0000084839",
        "fillingDate": "2017-02-24",
        "acceptedDate": "2017-02-24 10:46:27",
        "calendarYear": "2016",
        "period": "Q4",
        "revenue": 385614000,
        "costOfRevenue": 192995000,
        "grossProfit": 192619000,
        "grossProfitRatio": 0.4995124658,
        "researchAndDevelopmentExpenses": 0,
        "generalAndAdministrativeExpenses": 65063000,
        "sellingAndMarketingExpenses": 61258000,
        "sellingGeneralAndAdministrativeExpenses": 126321000,
        "otherExpenses": 0,
        "operatingExpenses": 126321000,
        "costAndExpenses": 319316000,
        "interestIncome": 4000,
        "interestExpense": 0,
        "depreciationAndAmortization": 13829000,
        "ebitda": 66298000,
        "ebitdaratio": 0.1719284051,
        "operatingIncome": 66298000,
        "operatingIncomeRatio": 0.1719284051,
        "totalOtherIncomeExpensesNet": -13768000,
        "incomeBeforeTax": 52530000,
        "incomeBeforeTaxRatio": 0.1362243072,
        "incomeTaxExpense": 14523000,
        "netIncome": 38007000,
        "netIncomeRatio": 0.0985622929,
        "eps": 0.0756,
        "epsdiluted": 0.0756,
        "weightedAverageShsOut": 490092750,
        "weightedAverageShsOutDil": 490092750,
        "link": "https://www.sec.gov/Archives/edgar/data/84839/000117120017000077/0001171200-17-000077-index.htm",
        "finalLink": "https://www.sec.gov/Archives/edgar/data/84839/000117120017000077/i17072_rol-10k.htm"
    },
    {
        "date": "2016-09-30",
        "symbol": "ROL",
        "reportedCurrency": "USD",
        "cik": "0000084839",
        "fillingDate": "2016-10-28",
        "acceptedDate": "2016-10-28 11:08:27",
        "calendarYear": "2016",
        "period": "Q3",
        "revenue": 423994000,
        "costOfRevenue": 205608000,
        "grossProfit": 218386000,
        "grossProfitRatio": 0.5150686095,
        "researchAndDevelopmentExpenses": 0,
        "generalAndAdministrativeExpenses": 0,
        "sellingAndMarketingExpenses": 0,
        "sellingGeneralAndAdministrativeExpenses": 125407000,
        "otherExpenses": 0,
        "operatingExpenses": 125407000,
        "costAndExpenses": 331015000,
        "interestIncome": 18000,
        "interestExpense": 0,
        "depreciationAndAmortization": 13083000,
        "ebitda": 92979000,
        "ebitdaratio": 0.2192931975,
        "operatingIncome": 92979000,
        "operatingIncomeRatio": 0.2192931975,
        "totalOtherIncomeExpensesNet": -13013000,
        "incomeBeforeTax": 79966000,
        "incomeBeforeTaxRatio": 0.1886017255,
        "incomeTaxExpense": 30315000,
        "netIncome": 49651000,
        "netIncomeRatio": 0.1171030722,
        "eps": 0.1,
        "epsdiluted": 0.1,
        "weightedAverageShsOut": 490587750,
        "weightedAverageShsOutDil": 490587750,
        "link": "https://www.sec.gov/Archives/edgar/data/84839/000155278116002022/0001552781-16-002022-index.htm",
        "finalLink": "https://www.sec.gov/Archives/edgar/data/84839/000155278116002022/e00546_rol-10q.htm"
    },
    {
        "date": "2016-06-30",
        "symbol": "ROL",
        "reportedCurrency": "USD",
        "cik": "0000084839",
        "fillingDate": "2016-07-28",
        "acceptedDate": "2016-07-28 10:01:18",
        "calendarYear": "2016",
        "period": "Q2",
        "revenue": 411133000,
        "costOfRevenue": 195943000,
        "grossProfit": 215190000,
        "grossProfitRatio": 0.5234072672,
        "researchAndDevelopmentExpenses": 0,
        "generalAndAdministrativeExpenses": 0,
        "sellingAndMarketingExpenses": 0,
        "sellingGeneralAndAdministrativeExpenses": 126545000,
        "otherExpenses": 0,
        "operatingExpenses": 126545000,
        "costAndExpenses": 322488000,
        "interestIncome": 0,
        "interestExpense": 0,
        "depreciationAndAmortization": 12350000,
        "ebitda": 88645000,
        "ebitdaratio": 0.2156114931,
        "operatingIncome": 88645000,
        "operatingIncomeRatio": 0.2156114931,
        "totalOtherIncomeExpensesNet": -11683000,
        "incomeBeforeTax": 76962000,
        "incomeBeforeTaxRatio": 0.187194898,
        "incomeTaxExpense": 29179000,
        "netIncome": 47783000,
        "netIncomeRatio": 0.1162227308,
        "eps": 0.0978,
        "epsdiluted": 0.0978,
        "weightedAverageShsOut": 491483250,
        "weightedAverageShsOutDil": 491483250,
        "link": "https://www.sec.gov/Archives/edgar/data/84839/000155278116001857/0001552781-16-001857-index.htm",
        "finalLink": "https://www.sec.gov/Archives/edgar/data/84839/000155278116001857/e00419_rol-10q.htm"
    },
    {
        "date": "2016-03-31",
        "symbol": "ROL",
        "reportedCurrency": "USD",
        "cik": "0000084839",
        "fillingDate": "2016-04-28",
        "acceptedDate": "2016-04-28 10:01:33",
        "calendarYear": "2016",
        "period": "Q1",
        "revenue": 352736000,
        "costOfRevenue": 177802000,
        "grossProfit": 174934000,
        "grossProfitRatio": 0.4959346367,
        "researchAndDevelopmentExpenses": 0,
        "generalAndAdministrativeExpenses": 0,
        "sellingAndMarketingExpenses": 0,
        "sellingGeneralAndAdministrativeExpenses": 112255000,
        "otherExpenses": 0,
        "operatingExpenses": 112255000,
        "costAndExpenses": 290057000,
        "interestIncome": 0,
        "interestExpense": 0,
        "depreciationAndAmortization": 11640000,
        "ebitda": 62679000,
        "ebitdaratio": 0.1776937993,
        "operatingIncome": 62679000,
        "operatingIncomeRatio": 0.1776937993,
        "totalOtherIncomeExpensesNet": -11501000,
        "incomeBeforeTax": 51178000,
        "incomeBeforeTaxRatio": 0.1450886782,
        "incomeTaxExpense": 19250000,
        "netIncome": 31928000,
        "netIncomeRatio": 0.0905152862,
        "eps": 0.0667,
        "epsdiluted": 0.0667,
        "weightedAverageShsOut": 492043500,
        "weightedAverageShsOutDil": 492043500,
        "link": "https://www.sec.gov/Archives/edgar/data/84839/000155278116001596/0001552781-16-001596-index.htm",
        "finalLink": "https://www.sec.gov/Archives/edgar/data/84839/000155278116001596/e00254_rol-10q.htm"
    },
    {
        "date": "2015-12-31",
        "symbol": "ROL",
        "reportedCurrency": "USD",
        "cik": "0000084839",
        "fillingDate": "2016-02-24",
        "acceptedDate": "2016-02-24 13:49:44",
        "calendarYear": "2015",
        "period": "Q4",
        "revenue": 362500000,
        "costOfRevenue": 182235000,
        "grossProfit": 180265000,
        "grossProfitRatio": 0.4972827586,
        "researchAndDevelopmentExpenses": 0,
        "generalAndAdministrativeExpenses": 59896000,
        "sellingAndMarketingExpenses": 57705000,
        "sellingGeneralAndAdministrativeExpenses": 117601000,
        "otherExpenses": 0,
        "operatingExpenses": 117601000,
        "costAndExpenses": 299836000,
        "interestIncome": 0,
        "interestExpense": 1459000,
        "depreciationAndAmortization": 11340000,
        "ebitda": 62664000,
        "ebitdaratio": 0.1728662069,
        "operatingIncome": 62664000,
        "operatingIncomeRatio": 0.1728662069,
        "totalOtherIncomeExpensesNet": -10865000,
        "incomeBeforeTax": 51799000,
        "incomeBeforeTaxRatio": 0.1428937931,
        "incomeTaxExpense": 20050000,
        "netIncome": 31749000,
        "netIncomeRatio": 0.0875834483,
        "eps": 0.0667,
        "epsdiluted": 0.0667,
        "weightedAverageShsOut": 491816250,
        "weightedAverageShsOutDil": 491816250,
        "link": "https://www.sec.gov/Archives/edgar/data/84839/000155278116001318/0001552781-16-001318-index.htm",
        "finalLink": "https://www.sec.gov/Archives/edgar/data/84839/000155278116001318/e00081_rol-10k.htm"
    },
    {
        "date": "2015-09-30",
        "symbol": "ROL",
        "reportedCurrency": "USD",
        "cik": "0000084839",
        "fillingDate": "2015-10-29",
        "acceptedDate": "2015-10-29 10:00:58",
        "calendarYear": "2015",
        "period": "Q3",
        "revenue": 399746000,
        "costOfRevenue": 195489000,
        "grossProfit": 204257000,
        "grossProfitRatio": 0.510966964,
        "researchAndDevelopmentExpenses": 0,
        "generalAndAdministrativeExpenses": 0,
        "sellingAndMarketingExpenses": 0,
        "sellingGeneralAndAdministrativeExpenses": 121944000,
        "otherExpenses": 0,
        "operatingExpenses": 121944000,
        "costAndExpenses": 317433000,
        "interestIncome": 0,
        "interestExpense": 0,
        "depreciationAndAmortization": 11156000,
        "ebitda": 82313000,
        "ebitdaratio": 0.2059132549,
        "operatingIncome": 82313000,
        "operatingIncomeRatio": 0.2059132549,
        "totalOtherIncomeExpensesNet": -9880000,
        "incomeBeforeTax": 72433000,
        "incomeBeforeTaxRatio": 0.1811975605,
        "incomeTaxExpense": 27387000,
        "netIncome": 45046000,
        "netIncomeRatio": 0.112686556,
        "eps": 0.0933,
        "epsdiluted": 0.0933,
        "weightedAverageShsOut": 491836500,
        "weightedAverageShsOutDil": 491836500,
        "link": "https://www.sec.gov/Archives/edgar/data/84839/000155278115000957/0001552781-15-000957-index.htm",
        "finalLink": "https://www.sec.gov/Archives/edgar/data/84839/000155278115000957/e00383_rol-10q.htm"
    },
    {
        "date": "2015-06-30",
        "symbol": "ROL",
        "reportedCurrency": "USD",
        "cik": "0000084839",
        "fillingDate": "2015-07-29",
        "acceptedDate": "2015-07-29 15:26:27",
        "calendarYear": "2015",
        "period": "Q2",
        "revenue": 392150000,
        "costOfRevenue": 190209000,
        "grossProfit": 201941000,
        "grossProfitRatio": 0.5149585618,
        "researchAndDevelopmentExpenses": 0,
        "generalAndAdministrativeExpenses": 0,
        "sellingAndMarketingExpenses": 0,
        "sellingGeneralAndAdministrativeExpenses": 118622000,
        "otherExpenses": 0,
        "operatingExpenses": 118622000,
        "costAndExpenses": 308831000,
        "interestIncome": 0,
        "interestExpense": 0,
        "depreciationAndAmortization": 11245000,
        "ebitda": 83319000,
        "ebitdaratio": 0.2124671682,
        "operatingIncome": 83319000,
        "operatingIncomeRatio": 0.2124671682,
        "totalOtherIncomeExpensesNet": -10985000,
        "incomeBeforeTax": 72334000,
        "incomeBeforeTaxRatio": 0.184454928,
        "incomeTaxExpense": 27261000,
        "netIncome": 45073000,
        "netIncomeRatio": 0.1149381614,
        "eps": 0.0933,
        "epsdiluted": 0.0933,
        "weightedAverageShsOut": 491879250,
        "weightedAverageShsOutDil": 491879250,
        "link": "https://www.sec.gov/Archives/edgar/data/84839/000155278115000727/0001552781-15-000727-index.htm",
        "finalLink": "https://www.sec.gov/Archives/edgar/data/84839/000155278115000727/e00291_rol-10q.htm"
    },
    {
        "date": "2015-03-31",
        "symbol": "ROL",
        "reportedCurrency": "USD",
        "cik": "0000084839",
        "fillingDate": "2015-04-30",
        "acceptedDate": "2015-04-30 10:00:35",
        "calendarYear": "2015",
        "period": "Q1",
        "revenue": 330909000,
        "costOfRevenue": 168043000,
        "grossProfit": 162866000,
        "grossProfitRatio": 0.4921776077,
        "researchAndDevelopmentExpenses": 0,
        "generalAndAdministrativeExpenses": 0,
        "sellingAndMarketingExpenses": 0,
        "sellingGeneralAndAdministrativeExpenses": 105575000,
        "otherExpenses": 0,
        "operatingExpenses": 105575000,
        "costAndExpenses": 273618000,
        "interestIncome": 0,
        "interestExpense": 0,
        "depreciationAndAmortization": 10781000,
        "ebitda": 57291000,
        "ebitdaratio": 0.1731321904,
        "operatingIncome": 57291000,
        "operatingIncomeRatio": 0.1731321904,
        "totalOtherIncomeExpensesNet": -10679000,
        "incomeBeforeTax": 46612000,
        "incomeBeforeTaxRatio": 0.1408604783,
        "incomeTaxExpense": 16331000,
        "netIncome": 30281000,
        "netIncomeRatio": 0.0915085416,
        "eps": 0.0622,
        "epsdiluted": 0.0622,
        "weightedAverageShsOut": 491717250,
        "weightedAverageShsOutDil": 491717250,
        "link": "https://www.sec.gov/Archives/edgar/data/84839/000155278115000531/0001552781-15-000531-index.htm",
        "finalLink": "https://www.sec.gov/Archives/edgar/data/84839/000155278115000531/e00205_rol-10q.htm"
    },
    {
        "date": "2014-12-31",
        "symbol": "ROL",
        "reportedCurrency": "USD",
        "cik": "0000084839",
        "fillingDate": "2015-02-25",
        "acceptedDate": "2015-02-25 10:18:52",
        "calendarYear": "2014",
        "period": "Q4",
        "revenue": 343951000,
        "costOfRevenue": 174979000,
        "grossProfit": 168972000,
        "grossProfitRatio": 0.4912676515,
        "researchAndDevelopmentExpenses": 0,
        "generalAndAdministrativeExpenses": 56448000,
        "sellingAndMarketingExpenses": 54909000,
        "sellingGeneralAndAdministrativeExpenses": 111357000,
        "otherExpenses": 0,
        "operatingExpenses": 111357000,
        "costAndExpenses": 286336000,
        "interestIncome": 0,
        "interestExpense": 498000,
        "depreciationAndAmortization": 11250000,
        "ebitda": 57615000,
        "ebitdaratio": 0.1675093255,
        "operatingIncome": 57615000,
        "operatingIncomeRatio": 0.1675093255,
        "totalOtherIncomeExpensesNet": -11080000,
        "incomeBeforeTax": 46535000,
        "incomeBeforeTaxRatio": 0.1352954345,
        "incomeTaxExpense": 16617999,
        "netIncome": 29917000,
        "netIncomeRatio": 0.0869804129,
        "eps": 0.0622,
        "epsdiluted": 0.0622,
        "weightedAverageShsOut": 491143500,
        "weightedAverageShsOutDil": 491143500,
        "link": "https://www.sec.gov/Archives/edgar/data/84839/000155278115000273/0001552781-15-000273-index.htm",
        "finalLink": "https://www.sec.gov/Archives/edgar/data/84839/000155278115000273/e00088-rol_10k.htm"
    },
    {
        "date": "2014-09-30",
        "symbol": "ROL",
        "reportedCurrency": "USD",
        "cik": "0000084839",
        "fillingDate": "2014-10-29",
        "acceptedDate": "2014-10-29 17:00:35",
        "calendarYear": "2014",
        "period": "Q3",
        "revenue": 384870000,
        "costOfRevenue": 188810000,
        "grossProfit": 196060000,
        "grossProfitRatio": 0.5094187648,
        "researchAndDevelopmentExpenses": 0,
        "generalAndAdministrativeExpenses": 0,
        "sellingAndMarketingExpenses": 0,
        "sellingGeneralAndAdministrativeExpenses": 118765000,
        "otherExpenses": 0,
        "operatingExpenses": 118765000,
        "costAndExpenses": 307575000,
        "interestIncome": 0,
        "interestExpense": 24000,
        "depreciationAndAmortization": 11437000,
        "ebitda": 77295000,
        "ebitdaratio": 0.2008340479,
        "operatingIncome": 77295000,
        "operatingIncomeRatio": 0.2008340479,
        "totalOtherIncomeExpensesNet": -11375000,
        "incomeBeforeTax": 65920000,
        "incomeBeforeTaxRatio": 0.1712786136,
        "incomeTaxExpense": 24799000,
        "netIncome": 41121000,
        "netIncomeRatio": 0.1068438694,
        "eps": 0.0844,
        "epsdiluted": 0.0844,
        "weightedAverageShsOut": 492075000,
        "weightedAverageShsOutDil": 492075000,
        "link": "https://www.sec.gov/Archives/edgar/data/84839/000155278114000912/0001552781-14-000912-index.htm",
        "finalLink": "https://www.sec.gov/Archives/edgar/data/84839/000155278114000912/e00333_rol-10q.htm"
    },
    {
        "date": "2014-06-30",
        "symbol": "ROL",
        "reportedCurrency": "USD",
        "cik": "0000084839",
        "fillingDate": "2014-07-25",
        "acceptedDate": "2014-07-25 10:00:49",
        "calendarYear": "2014",
        "period": "Q2",
        "revenue": 369357000,
        "costOfRevenue": 182642000,
        "grossProfit": 186715000,
        "grossProfitRatio": 0.5055136359,
        "researchAndDevelopmentExpenses": 0,
        "generalAndAdministrativeExpenses": 0,
        "sellingAndMarketingExpenses": 0,
        "sellingGeneralAndAdministrativeExpenses": 110752000,
        "otherExpenses": 0,
        "operatingExpenses": 110752000,
        "costAndExpenses": 293394000,
        "interestIncome": 0,
        "interestExpense": 0,
        "depreciationAndAmortization": 10608000,
        "ebitda": 75963000,
        "ebitdaratio": 0.205662814,
        "operatingIncome": 75963000,
        "operatingIncomeRatio": 0.205662814,
        "totalOtherIncomeExpensesNet": -10292000,
        "incomeBeforeTax": 65671000,
        "incomeBeforeTaxRatio": 0.1777981736,
        "incomeTaxExpense": 24811000,
        "netIncome": 40860000,
        "netIncomeRatio": 0.1106246802,
        "eps": 0.083,
        "epsdiluted": 0.083,
        "weightedAverageShsOut": 492328125,
        "weightedAverageShsOutDil": 492328125,
        "link": "https://www.sec.gov/Archives/edgar/data/84839/000155278114000669/0001552781-14-000669-index.htm",
        "finalLink": "https://www.sec.gov/Archives/edgar/data/84839/000155278114000669/e00243_rol-10q.htm"
    },
    {
        "date": "2014-03-31",
        "symbol": "ROL",
        "reportedCurrency": "USD",
        "cik": "0000084839",
        "fillingDate": "2014-04-25",
        "acceptedDate": "2014-04-25 10:00:25",
        "calendarYear": "2014",
        "period": "Q1",
        "revenue": 313388000,
        "costOfRevenue": 161308000,
        "grossProfit": 152080000,
        "grossProfitRatio": 0.4852770368,
        "researchAndDevelopmentExpenses": 0,
        "generalAndAdministrativeExpenses": 0,
        "sellingAndMarketingExpenses": 0,
        "sellingGeneralAndAdministrativeExpenses": 100832000,
        "otherExpenses": 0,
        "operatingExpenses": 100832000,
        "costAndExpenses": 262140000,
        "interestIncome": 0,
        "interestExpense": 0,
        "depreciationAndAmortization": 10214000,
        "ebitda": 51248000,
        "ebitdaratio": 0.1635289162,
        "operatingIncome": 51248000,
        "operatingIncomeRatio": 0.1635289162,
        "totalOtherIncomeExpensesNet": -9890000,
        "incomeBeforeTax": 41358000,
        "incomeBeforeTaxRatio": 0.1319705924,
        "incomeTaxExpense": 15592000,
        "netIncome": 25766000,
        "netIncomeRatio": 0.0822175706,
        "eps": 0.0533,
        "epsdiluted": 0.0533,
        "weightedAverageShsOut": 492719625,
        "weightedAverageShsOutDil": 492719625,
        "link": "https://www.sec.gov/Archives/edgar/data/84839/000155278114000346/0001552781-14-000346-index.htm",
        "finalLink": "https://www.sec.gov/Archives/edgar/data/84839/000155278114000346/e00141_rol-10q.htm"
    },
    {
        "date": "2013-12-31",
        "symbol": "ROL",
        "reportedCurrency": "USD",
        "cik": "0000084839",
        "fillingDate": "2014-02-26",
        "acceptedDate": "2014-02-26 11:10:41",
        "calendarYear": "2013",
        "period": "Q4",
        "revenue": 324707000,
        "costOfRevenue": 167357000,
        "grossProfit": 157350000,
        "grossProfitRatio": 0.4845907233,
        "researchAndDevelopmentExpenses": 0,
        "generalAndAdministrativeExpenses": 51326000,
        "sellingAndMarketingExpenses": 55282000,
        "sellingGeneralAndAdministrativeExpenses": 106608000,
        "otherExpenses": 0,
        "operatingExpenses": 106608000,
        "costAndExpenses": 273965000,
        "interestIncome": 0,
        "interestExpense": 0,
        "depreciationAndAmortization": 9833000,
        "ebitda": 50742000,
        "ebitdaratio": 0.1562701143,
        "operatingIncome": 50742000,
        "operatingIncomeRatio": 0.1562701143,
        "totalOtherIncomeExpensesNet": -9556000,
        "incomeBeforeTax": 41186000,
        "incomeBeforeTaxRatio": 0.1268405054,
        "incomeTaxExpense": 13229000,
        "netIncome": 27957000,
        "netIncomeRatio": 0.0860991602,
        "eps": 0.0563,
        "epsdiluted": 0.0563,
        "weightedAverageShsOut": 492318000,
        "weightedAverageShsOutDil": 492318000,
        "link": "https://www.sec.gov/Archives/edgar/data/84839/000155278114000153/0001552781-14-000153-index.htm",
        "finalLink": "https://www.sec.gov/Archives/edgar/data/84839/000155278114000153/e00043_rol-10k.htm"
    },
    {
        "date": "2013-09-30",
        "symbol": "ROL",
        "reportedCurrency": "USD",
        "cik": "0000084839",
        "fillingDate": "2013-10-25",
        "acceptedDate": "2013-10-25 10:00:39",
        "calendarYear": "2013",
        "period": "Q3",
        "revenue": 362155000,
        "costOfRevenue": 181135000,
        "grossProfit": 181020000,
        "grossProfitRatio": 0.4998412282,
        "researchAndDevelopmentExpenses": 0,
        "generalAndAdministrativeExpenses": 0,
        "sellingAndMarketingExpenses": 0,
        "sellingGeneralAndAdministrativeExpenses": 113028000,
        "otherExpenses": 0,
        "operatingExpenses": 113028000,
        "costAndExpenses": 294163000,
        "interestIncome": 0,
        "interestExpense": 0,
        "depreciationAndAmortization": 10076000,
        "ebitda": 67992000,
        "ebitdaratio": 0.1877428173,
        "operatingIncome": 67992000,
        "operatingIncomeRatio": 0.1877428173,
        "totalOtherIncomeExpensesNet": -9975000,
        "incomeBeforeTax": 58017000,
        "incomeBeforeTaxRatio": 0.1601993622,
        "incomeTaxExpense": 21817000,
        "netIncome": 36200000,
        "netIncomeRatio": 0.0999572006,
        "eps": 0.0741,
        "epsdiluted": 0.0741,
        "weightedAverageShsOut": 492773625,
        "weightedAverageShsOutDil": 492773625,
        "link": "https://www.sec.gov/Archives/edgar/data/84839/000155278113000025/0001552781-13-000025-index.htm",
        "finalLink": "https://www.sec.gov/Archives/edgar/data/84839/000155278113000025/e00090_rol-10q.htm"
    },
    {
        "date": "2013-06-30",
        "symbol": "ROL",
        "reportedCurrency": "USD",
        "cik": "0000084839",
        "fillingDate": "2013-07-26",
        "acceptedDate": "2013-07-26 10:00:54",
        "calendarYear": "2013",
        "period": "Q2",
        "revenue": 350798000,
        "costOfRevenue": 174361000,
        "grossProfit": 176437000,
        "grossProfitRatio": 0.5029589678,
        "researchAndDevelopmentExpenses": 0,
        "generalAndAdministrativeExpenses": 0,
        "sellingAndMarketingExpenses": 0,
        "sellingGeneralAndAdministrativeExpenses": 109518000,
        "otherExpenses": 0,
        "operatingExpenses": 119286000,
        "costAndExpenses": 293647000,
        "interestIncome": 0,
        "interestExpense": 0,
        "depreciationAndAmortization": 9768000,
        "ebitda": 66919000,
        "ebitdaratio": 0.190762205,
        "operatingIncome": 57151000,
        "operatingIncomeRatio": 0.1629171204,
        "totalOtherIncomeExpensesNet": 127000,
        "incomeBeforeTax": 57278000,
        "incomeBeforeTaxRatio": 0.1632791521,
        "incomeTaxExpense": 21284000,
        "netIncome": 35994000,
        "netIncomeRatio": 0.1026060582,
        "eps": 0.0741,
        "epsdiluted": 0.0741,
        "weightedAverageShsOut": 493458750,
        "weightedAverageShsOutDil": 493458750,
        "link": "https://www.sec.gov/Archives/edgar/data/84839/000110465913056914/0001104659-13-056914-index.htm",
        "finalLink": "https://www.sec.gov/Archives/edgar/data/84839/000110465913056914/a13-13852_110q.htm"
    },
    {
        "date": "2013-03-31",
        "symbol": "ROL",
        "reportedCurrency": "USD",
        "cik": "0000084839",
        "fillingDate": "2013-04-26",
        "acceptedDate": "2013-04-26 10:01:29",
        "calendarYear": "2013",
        "period": "Q1",
        "revenue": 299714000,
        "costOfRevenue": 155606000,
        "grossProfit": 144108000,
        "grossProfitRatio": 0.4808183802,
        "researchAndDevelopmentExpenses": 0,
        "generalAndAdministrativeExpenses": 0,
        "sellingAndMarketingExpenses": 0,
        "sellingGeneralAndAdministrativeExpenses": 99134000,
        "otherExpenses": 0,
        "operatingExpenses": 109028000,
        "costAndExpenses": 264634000,
        "interestIncome": 0,
        "interestExpense": 0,
        "depreciationAndAmortization": 9894000,
        "ebitda": 44974000,
        "ebitdaratio": 0.1500563871,
        "operatingIncome": 35080000,
        "operatingIncomeRatio": 0.1170449162,
        "totalOtherIncomeExpensesNet": 45000,
        "incomeBeforeTax": 35125000,
        "incomeBeforeTaxRatio": 0.1171950593,
        "incomeTaxExpense": 11946000,
        "netIncome": 23179000,
        "netIncomeRatio": 0.0773370613,
        "eps": 0.0474,
        "epsdiluted": 0.0474,
        "weightedAverageShsOut": 493553250,
        "weightedAverageShsOutDil": 493553250,
        "link": "https://www.sec.gov/Archives/edgar/data/84839/000110465913033308/0001104659-13-033308-index.htm",
        "finalLink": "https://www.sec.gov/Archives/edgar/data/84839/000110465913033308/a13-8541_110q.htm"
    },
    {
        "date": "2012-12-31",
        "symbol": "ROL",
        "reportedCurrency": "USD",
        "cik": "0000084839",
        "fillingDate": "2013-02-27",
        "acceptedDate": "2013-02-27 10:11:44",
        "calendarYear": "2012",
        "period": "Q4",
        "revenue": 306393000,
        "costOfRevenue": 163025000,
        "grossProfit": 143368000,
        "grossProfitRatio": 0.4679219173,
        "researchAndDevelopmentExpenses": 0,
        "generalAndAdministrativeExpenses": 0,
        "sellingAndMarketingExpenses": 48909000,
        "sellingGeneralAndAdministrativeExpenses": 98076000,
        "otherExpenses": 0,
        "operatingExpenses": 108417999,
        "costAndExpenses": 271442999,
        "interestIncome": 0,
        "interestExpense": 456000,
        "depreciationAndAmortization": 9810000,
        "ebitda": 45292000,
        "ebitdaratio": 0.1478232205,
        "operatingIncome": 35482000,
        "operatingIncomeRatio": 0.1158055178,
        "totalOtherIncomeExpensesNet": -456000,
        "incomeBeforeTax": 35026000,
        "incomeBeforeTaxRatio": 0.1143172331,
        "incomeTaxExpense": 12112000,
        "netIncome": 22914000,
        "netIncomeRatio": 0.0747863039,
        "eps": 0.0474,
        "epsdiluted": 0.0474,
        "weightedAverageShsOut": 492844500,
        "weightedAverageShsOutDil": 492847875,
        "link": "https://www.sec.gov/Archives/edgar/data/84839/000104746913001764/0001047469-13-001764-index.htm",
        "finalLink": "https://www.sec.gov/Archives/edgar/data/84839/000104746913001764/a2213058z10-k.htm"
    },
    {
        "date": "2012-09-30",
        "symbol": "ROL",
        "reportedCurrency": "USD",
        "cik": "0000084839",
        "fillingDate": "2012-10-26",
        "acceptedDate": "2012-10-26 10:03:53",
        "calendarYear": "2012",
        "period": "Q3",
        "revenue": 340179000,
        "costOfRevenue": 170478000,
        "grossProfit": 169701000,
        "grossProfitRatio": 0.4988579542,
        "researchAndDevelopmentExpenses": 0,
        "generalAndAdministrativeExpenses": 0,
        "sellingAndMarketingExpenses": 0,
        "sellingGeneralAndAdministrativeExpenses": 108520000,
        "otherExpenses": 0,
        "operatingExpenses": 117984999,
        "costAndExpenses": 52493000,
        "interestIncome": 0,
        "interestExpense": 19000,
        "depreciationAndAmortization": 9465000,
        "ebitda": 61181000,
        "ebitdaratio": 0.1798494322,
        "operatingIncome": 51716000,
        "operatingIncomeRatio": 0.1520258452,
        "totalOtherIncomeExpensesNet": -19000,
        "incomeBeforeTax": 51697000,
        "incomeBeforeTaxRatio": 0.1519699923,
        "incomeTaxExpense": 19486000,
        "netIncome": 32211000,
        "netIncomeRatio": 0.0946883846,
        "eps": 0.0652,
        "epsdiluted": 0.0652,
        "weightedAverageShsOut": 492949125,
        "weightedAverageShsOutDil": 492955875,
        "link": "https://www.sec.gov/Archives/edgar/data/84839/000110465912071430/0001104659-12-071430-index.htm",
        "finalLink": "https://www.sec.gov/Archives/edgar/data/84839/000110465912071430/a12-20047_110q.htm"
    },
    {
        "date": "2012-06-30",
        "symbol": "ROL",
        "reportedCurrency": "USD",
        "cik": "0000084839",
        "fillingDate": "2012-07-27",
        "acceptedDate": "2012-07-27 10:01:05",
        "calendarYear": "2012",
        "period": "Q2",
        "revenue": 334872000,
        "costOfRevenue": 165993000,
        "grossProfit": 168879000,
        "grossProfitRatio": 0.5043091092,
        "researchAndDevelopmentExpenses": 0,
        "generalAndAdministrativeExpenses": 106068000,
        "sellingAndMarketingExpenses": 0,
        "sellingGeneralAndAdministrativeExpenses": 106068000,
        "otherExpenses": 62811000,
        "operatingExpenses": 168879000,
        "costAndExpenses": 334872000,
        "interestIncome": 0,
        "interestExpense": 20000,
        "depreciationAndAmortization": 9613000,
        "ebitda": 62811000,
        "ebitdaratio": 0.1875671899,
        "operatingIncome": 53198000,
        "operatingIncomeRatio": 0.158860699,
        "totalOtherIncomeExpensesNet": -20000,
        "incomeBeforeTax": 53178000,
        "incomeBeforeTaxRatio": 0.1588009747,
        "incomeTaxExpense": 20051000,
        "netIncome": 33127000,
        "netIncomeRatio": 0.0989243651,
        "eps": 0.0681,
        "epsdiluted": 0.0681,
        "weightedAverageShsOut": 494157375,
        "weightedAverageShsOutDil": 494194500,
        "link": "https://www.sec.gov/Archives/edgar/data/84839/000110465912051673/0001104659-12-051673-index.htm",
        "finalLink": "https://www.sec.gov/Archives/edgar/data/84839/000110465912051673/a12-13916_110q.htm"
    },
    {
        "date": "2012-03-31",
        "symbol": "ROL",
        "reportedCurrency": "USD",
        "cik": "0000084839",
        "fillingDate": "2012-04-27",
        "acceptedDate": "2012-04-27 10:01:18",
        "calendarYear": "2012",
        "period": "Q1",
        "revenue": 289465000,
        "costOfRevenue": 148082000,
        "grossProfit": 141383000,
        "grossProfitRatio": 0.4884286529,
        "researchAndDevelopmentExpenses": 0,
        "generalAndAdministrativeExpenses": 94824000,
        "sellingAndMarketingExpenses": 0,
        "sellingGeneralAndAdministrativeExpenses": 94824000,
        "otherExpenses": 46559000,
        "operatingExpenses": 141383000,
        "costAndExpenses": 289465000,
        "interestIncome": 0,
        "interestExpense": 51000,
        "depreciationAndAmortization": 9767000,
        "ebitda": 46559000,
        "ebitdaratio": 0.1608450072,
        "operatingIncome": 36792000,
        "operatingIncomeRatio": 0.1271034495,
        "totalOtherIncomeExpensesNet": -51000,
        "incomeBeforeTax": 36741000,
        "incomeBeforeTaxRatio": 0.1269272624,
        "incomeTaxExpense": 13661000,
        "netIncome": 23080000,
        "netIncomeRatio": 0.0797333011,
        "eps": 0.0474,
        "epsdiluted": 0.0474,
        "weightedAverageShsOut": 495102375,
        "weightedAverageShsOutDil": 495159750,
        "link": "https://www.sec.gov/Archives/edgar/data/84839/000110465912029465/0001104659-12-029465-index.htm",
        "finalLink": "https://www.sec.gov/Archives/edgar/data/84839/000110465912029465/a12-8764_110q.htm"
    },
    {
        "date": "2011-12-31",
        "symbol": "ROL",
        "reportedCurrency": "USD",
        "cik": "0000084839",
        "fillingDate": "2012-02-28",
        "acceptedDate": "2012-02-28 10:01:06",
        "calendarYear": "2011",
        "period": "Q4",
        "revenue": 289056000,
        "costOfRevenue": 151202000,
        "grossProfit": 137854000,
        "grossProfitRatio": 0.4769110484,
        "researchAndDevelopmentExpenses": 0,
        "generalAndAdministrativeExpenses": 0,
        "sellingAndMarketingExpenses": 0,
        "sellingGeneralAndAdministrativeExpenses": 93059000,
        "otherExpenses": 44795000,
        "operatingExpenses": 137854000,
        "costAndExpenses": 289056000,
        "interestIncome": 0,
        "interestExpense": 59000,
        "depreciationAndAmortization": 9678000,
        "ebitda": 44390000,
        "ebitdaratio": 0.1535688586,
        "operatingIncome": 34712000,
        "operatingIncomeRatio": 0.1200874571,
        "totalOtherIncomeExpensesNet": -59000,
        "incomeBeforeTax": 34653000,
        "incomeBeforeTaxRatio": 0.1198833444,
        "incomeTaxExpense": 13058000,
        "netIncome": 21595000,
        "netIncomeRatio": 0.074708707,
        "eps": 0.0436,
        "epsdiluted": 0.0436,
        "weightedAverageShsOut": 493661250,
        "weightedAverageShsOutDil": 495102375,
        "link": "https://www.sec.gov/Archives/edgar/data/84839/000104746912001690/0001047469-12-001690-index.htm",
        "finalLink": "https://www.sec.gov/Archives/edgar/data/84839/000104746912001690/a2207495z10-k.htm"
    },
    {
        "date": "2011-09-30",
        "symbol": "ROL",
        "reportedCurrency": "USD",
        "cik": "0000084839",
        "fillingDate": "2011-10-28",
        "acceptedDate": "2011-10-28 10:51:55",
        "calendarYear": "2011",
        "period": "Q3",
        "revenue": 323929000,
        "costOfRevenue": 165097000,
        "grossProfit": 158832000,
        "grossProfitRatio": 0.490329671,
        "researchAndDevelopmentExpenses": 0,
        "generalAndAdministrativeExpenses": 0,
        "sellingAndMarketingExpenses": 0,
        "sellingGeneralAndAdministrativeExpenses": 102396000,
        "otherExpenses": 56436000,
        "operatingExpenses": 158832000,
        "costAndExpenses": 323929000,
        "interestIncome": 0,
        "interestExpense": 79000,
        "depreciationAndAmortization": 9337000,
        "ebitda": 56436000,
        "ebitdaratio": 0.1742233638,
        "operatingIncome": 47099000,
        "operatingIncomeRatio": 0.1453991461,
        "totalOtherIncomeExpensesNet": -79000,
        "incomeBeforeTax": 47020000,
        "incomeBeforeTaxRatio": 0.1451552655,
        "incomeTaxExpense": 17605000,
        "netIncome": 29415000,
        "netIncomeRatio": 0.0908069361,
        "eps": 0.0593,
        "epsdiluted": 0.0593,
        "weightedAverageShsOut": 494602875,
        "weightedAverageShsOutDil": 494805375,
        "link": "https://www.sec.gov/Archives/edgar/data/84839/000110465911058676/0001104659-11-058676-index.htm",
        "finalLink": "https://www.sec.gov/Archives/edgar/data/84839/000110465911058676/a11-25850_110q.htm"
    },
    {
        "date": "2011-06-30",
        "symbol": "ROL",
        "reportedCurrency": "USD",
        "cik": "0000084839",
        "fillingDate": "2011-07-29",
        "acceptedDate": "2011-07-29 10:05:14",
        "calendarYear": "2011",
        "period": "Q2",
        "revenue": 320436000,
        "costOfRevenue": 159645000,
        "grossProfit": 160791000,
        "grossProfitRatio": 0.5017881886,
        "researchAndDevelopmentExpenses": 0,
        "generalAndAdministrativeExpenses": 0,
        "sellingAndMarketingExpenses": 0,
        "sellingGeneralAndAdministrativeExpenses": 101757000,
        "otherExpenses": 59034000,
        "operatingExpenses": 160791000,
        "costAndExpenses": 320436000,
        "interestIncome": 0,
        "interestExpense": 178000,
        "depreciationAndAmortization": 9288000,
        "ebitda": 59034000,
        "ebitdaratio": 0.1842302363,
        "operatingIncome": 49746000,
        "operatingIncomeRatio": 0.1552447291,
        "totalOtherIncomeExpensesNet": -178000,
        "incomeBeforeTax": 49568000,
        "incomeBeforeTaxRatio": 0.1546892359,
        "incomeTaxExpense": 18507000,
        "netIncome": 31061000,
        "netIncomeRatio": 0.096933553,
        "eps": 0.0622,
        "epsdiluted": 0.0622,
        "weightedAverageShsOut": 496951875,
        "weightedAverageShsOutDil": 497184750,
        "link": "https://www.sec.gov/Archives/edgar/data/84839/000110465911041697/0001104659-11-041697-index.htm",
        "finalLink": "https://www.sec.gov/Archives/edgar/data/84839/000110465911041697/a11-14095_110q.htm"
    },
    {
        "date": "2011-03-31",
        "symbol": "ROL",
        "reportedCurrency": "USD",
        "cik": "0000084839",
        "fillingDate": "2011-04-29",
        "acceptedDate": "2011-04-29 10:27:33",
        "calendarYear": "2011",
        "period": "Q1",
        "revenue": 271643000,
        "costOfRevenue": 140898000,
        "grossProfit": 130745000,
        "grossProfitRatio": 0.4813118689,
        "researchAndDevelopmentExpenses": 0,
        "generalAndAdministrativeExpenses": 0,
        "sellingAndMarketingExpenses": 0,
        "sellingGeneralAndAdministrativeExpenses": 91498000,
        "otherExpenses": 39247000,
        "operatingExpenses": 130745000,
        "costAndExpenses": 271643000,
        "interestIncome": 0,
        "interestExpense": 192000,
        "depreciationAndAmortization": 9200000,
        "ebitda": 39247000,
        "ebitdaratio": 0.1444800713,
        "operatingIncome": 30047000,
        "operatingIncomeRatio": 0.1106120901,
        "totalOtherIncomeExpensesNet": -192000,
        "incomeBeforeTax": 29855000,
        "incomeBeforeTaxRatio": 0.1099052801,
        "incomeTaxExpense": 11215000,
        "netIncome": 18640000,
        "netIncomeRatio": 0.0686194748,
        "eps": 0.0385,
        "epsdiluted": 0.0385,
        "weightedAverageShsOut": 497721375,
        "weightedAverageShsOutDil": 498048750,
        "link": "https://www.sec.gov/Archives/edgar/data/84839/000110465911024010/0001104659-11-024010-index.htm",
        "finalLink": "https://www.sec.gov/Archives/edgar/data/84839/000110465911024010/a11-9517_110q.htm"
    },
    {
        "date": "2010-12-31",
        "symbol": "ROL",
        "reportedCurrency": "USD",
        "cik": "0000084839",
        "fillingDate": "2011-03-01",
        "acceptedDate": "2011-03-01 17:03:06",
        "calendarYear": "2010",
        "period": "Q4",
        "revenue": 279928000,
        "costOfRevenue": 147622000,
        "grossProfit": 132306000,
        "grossProfitRatio": 0.4726429653,
        "researchAndDevelopmentExpenses": 0,
        "generalAndAdministrativeExpenses": 0,
        "sellingAndMarketingExpenses": 0,
        "sellingGeneralAndAdministrativeExpenses": 92506000,
        "otherExpenses": 39800000,
        "operatingExpenses": 132306000,
        "costAndExpenses": 279928000,
        "interestIncome": 0,
        "interestExpense": 172000,
        "depreciationAndAmortization": 9365000,
        "ebitda": 39682000,
        "ebitdaratio": 0.1417578806,
        "operatingIncome": 30440000,
        "operatingIncomeRatio": 0.108742248,
        "totalOtherIncomeExpensesNet": -295000,
        "incomeBeforeTax": 30145000,
        "incomeBeforeTaxRatio": 0.1076884056,
        "incomeTaxExpense": 10939000,
        "netIncome": 19206000,
        "netIncomeRatio": 0.0686104998,
        "eps": 0.0386,
        "epsdiluted": 0.0386,
        "weightedAverageShsOut": 496715625,
        "weightedAverageShsOutDil": 497721375,
        "link": "https://www.sec.gov/Archives/edgar/data/84839/000110465911011515/0001104659-11-011515-index.htm",
        "finalLink": "https://www.sec.gov/Archives/edgar/data/84839/000110465911011515/a10-24360_410ka.htm"
    },
    {
        "date": "2010-09-30",
        "symbol": "ROL",
        "reportedCurrency": "USD",
        "cik": "0000084839",
        "fillingDate": "2010-10-29",
        "acceptedDate": "2010-10-29 12:49:56",
        "calendarYear": "2010",
        "period": "Q3",
        "revenue": 305118000,
        "costOfRevenue": 156064000,
        "grossProfit": 149054000,
        "grossProfitRatio": 0.488512641,
        "researchAndDevelopmentExpenses": 0,
        "generalAndAdministrativeExpenses": 0,
        "sellingAndMarketingExpenses": 0,
        "sellingGeneralAndAdministrativeExpenses": 98909000,
        "otherExpenses": 50145000,
        "operatingExpenses": 149054000,
        "costAndExpenses": 305118000,
        "interestIncome": 0,
        "interestExpense": 100000,
        "depreciationAndAmortization": 9076000,
        "ebitda": 50145000,
        "ebitdaratio": 0.1643462529,
        "operatingIncome": 41069000,
        "operatingIncomeRatio": 0.1346003841,
        "totalOtherIncomeExpensesNet": -100000,
        "incomeBeforeTax": 40969000,
        "incomeBeforeTaxRatio": 0.1342726421,
        "incomeTaxExpense": 15456000,
        "netIncome": 25513000,
        "netIncomeRatio": 0.0836168302,
        "eps": 0.0514,
        "epsdiluted": 0.0514,
        "weightedAverageShsOut": 498089250,
        "weightedAverageShsOutDil": 498681562,
        "link": "https://www.sec.gov/Archives/edgar/data/84839/000110465910054606/0001104659-10-054606-index.htm",
        "finalLink": "https://www.sec.gov/Archives/edgar/data/84839/000110465910054606/a10-17625_110q.htm"
    },
    {
        "date": "2010-06-30",
        "symbol": "ROL",
        "reportedCurrency": "USD",
        "cik": "0000084839",
        "fillingDate": "2010-07-30",
        "acceptedDate": "2010-07-30 14:45:23",
        "calendarYear": "2010",
        "period": "Q2",
        "revenue": 298803000,
        "costOfRevenue": 148428000,
        "grossProfit": 150375000,
        "grossProfitRatio": 0.5032579994,
        "researchAndDevelopmentExpenses": 0,
        "generalAndAdministrativeExpenses": 0,
        "sellingAndMarketingExpenses": 0,
        "sellingGeneralAndAdministrativeExpenses": 96963000,
        "otherExpenses": 53412000,
        "operatingExpenses": 150375000,
        "costAndExpenses": 298803000,
        "interestIncome": 0,
        "interestExpense": 66000,
        "depreciationAndAmortization": 8967000,
        "ebitda": 53412000,
        "ebitdaratio": 0.1787532254,
        "operatingIncome": 44445000,
        "operatingIncomeRatio": 0.1487434865,
        "totalOtherIncomeExpensesNet": -66000,
        "incomeBeforeTax": 44379000,
        "incomeBeforeTaxRatio": 0.1485226052,
        "incomeTaxExpense": 16679000,
        "netIncome": 27700000,
        "netIncomeRatio": 0.0927032192,
        "eps": 0.0563,
        "epsdiluted": 0.0563,
        "weightedAverageShsOut": 501410250,
        "weightedAverageShsOutDil": 502193250,
        "link": "https://www.sec.gov/Archives/edgar/data/84839/000110465910040777/0001104659-10-040777-index.htm",
        "finalLink": "https://www.sec.gov/Archives/edgar/data/84839/000110465910040777/a10-12997_110q.htm"
    },
    {
        "date": "2010-03-31",
        "symbol": "ROL",
        "reportedCurrency": "USD",
        "cik": "0000084839",
        "fillingDate": "2010-04-30",
        "acceptedDate": "2010-04-30 10:41:07",
        "calendarYear": "2010",
        "period": "Q1",
        "revenue": 253041000,
        "costOfRevenue": 130975000,
        "grossProfit": 122066000,
        "grossProfitRatio": 0.4823961334,
        "researchAndDevelopmentExpenses": 0,
        "generalAndAdministrativeExpenses": 0,
        "sellingAndMarketingExpenses": 0,
        "sellingGeneralAndAdministrativeExpenses": 84915000,
        "otherExpenses": 37151000,
        "operatingExpenses": 122066000,
        "costAndExpenses": 253041000,
        "interestIncome": 0,
        "interestExpense": 99000,
        "depreciationAndAmortization": 9000000,
        "ebitda": 37151000,
        "ebitdaratio": 0.1468181046,
        "operatingIncome": 28151000,
        "operatingIncomeRatio": 0.1112507459,
        "totalOtherIncomeExpensesNet": -99000,
        "incomeBeforeTax": 28052000,
        "incomeBeforeTaxRatio": 0.110859505,
        "incomeTaxExpense": 10469000,
        "netIncome": 17583000,
        "netIncomeRatio": 0.069486763,
        "eps": 0.0356,
        "epsdiluted": 0.0356,
        "weightedAverageShsOut": 502230375,
        "weightedAverageShsOutDil": 503177062,
        "link": "https://www.sec.gov/Archives/edgar/data/84839/000110465910023723/0001104659-10-023723-index.htm",
        "finalLink": "https://www.sec.gov/Archives/edgar/data/84839/000110465910023723/a10-6248_110q.htm"
    },
    {
        "date": "2009-12-31",
        "symbol": "ROL",
        "reportedCurrency": "USD",
        "cik": "0000084839",
        "fillingDate": "2010-02-25",
        "acceptedDate": "2010-02-25 10:02:04",
        "calendarYear": "2009",
        "period": "Q4",
        "revenue": 259567000,
        "costOfRevenue": 136562000,
        "grossProfit": 123005000,
        "grossProfitRatio": 0.4738853552,
        "researchAndDevelopmentExpenses": 0,
        "generalAndAdministrativeExpenses": 0,
        "sellingAndMarketingExpenses": 0,
        "sellingGeneralAndAdministrativeExpenses": 88563000,
        "otherExpenses": 34442000,
        "operatingExpenses": 123005000,
        "costAndExpenses": 259567000,
        "interestIncome": 0,
        "interestExpense": 118000,
        "depreciationAndAmortization": 9045000,
        "ebitda": 31507000,
        "ebitdaratio": 0.1213829185,
        "operatingIncome": 25397000,
        "operatingIncomeRatio": 0.0978437167,
        "totalOtherIncomeExpensesNet": -3053000,
        "incomeBeforeTax": 22344000,
        "incomeBeforeTaxRatio": 0.0860818209,
        "incomeTaxExpense": 2383000,
        "netIncome": 19961000,
        "netIncomeRatio": 0.0769011469,
        "eps": 0.0397,
        "epsdiluted": 0.0397,
        "weightedAverageShsOut": 500998500,
        "weightedAverageShsOutDil": 502230375,
        "link": "https://www.sec.gov/Archives/edgar/data/84839/000104746910001320/0001047469-10-001320-index.htm",
        "finalLink": "https://www.sec.gov/Archives/edgar/data/84839/000104746910001320/a2196759z10-k.htm"
    },
    {
        "date": "2009-09-30",
        "symbol": "ROL",
        "reportedCurrency": "USD",
        "cik": "0000084839",
        "fillingDate": "2009-10-30",
        "acceptedDate": "2009-10-30 14:22:48",
        "calendarYear": "2009",
        "period": "Q3",
        "revenue": 286852000,
        "costOfRevenue": 147436000,
        "grossProfit": 139416000,
        "grossProfitRatio": 0.4860206657,
        "researchAndDevelopmentExpenses": 0,
        "generalAndAdministrativeExpenses": 0,
        "sellingAndMarketingExpenses": 0,
        "sellingGeneralAndAdministrativeExpenses": 93233000,
        "otherExpenses": 46183000,
        "operatingExpenses": 139416000,
        "costAndExpenses": 286852000,
        "interestIncome": 0,
        "interestExpense": 159000,
        "depreciationAndAmortization": 9321000,
        "ebitda": 46153000,
        "ebitdaratio": 0.1608948168,
        "operatingIncome": 36832000,
        "operatingIncomeRatio": 0.1284007084,
        "totalOtherIncomeExpensesNet": -159000,
        "incomeBeforeTax": 36673000,
        "incomeBeforeTaxRatio": 0.1278464156,
        "incomeTaxExpense": 13940000,
        "netIncome": 22733000,
        "netIncomeRatio": 0.0792499268,
        "eps": 0.0454,
        "epsdiluted": 0.0454,
        "weightedAverageShsOut": 501820312,
        "weightedAverageShsOutDil": 503354250,
        "link": "https://www.sec.gov/Archives/edgar/data/84839/000110465909061467/0001104659-09-061467-index.htm",
        "finalLink": "https://www.sec.gov/Archives/edgar/data/84839/000110465909061467/a09-31216_110q.htm"
    },
    {
        "date": "2009-06-30",
        "symbol": "ROL",
        "reportedCurrency": "USD",
        "cik": "0000084839",
        "fillingDate": "2009-07-31",
        "acceptedDate": "2009-07-31 08:36:15",
        "calendarYear": "2009",
        "period": "Q2",
        "revenue": 284567000,
        "costOfRevenue": 141633000,
        "grossProfit": 142934000,
        "grossProfitRatio": 0.5022859291,
        "researchAndDevelopmentExpenses": 0,
        "generalAndAdministrativeExpenses": 0,
        "sellingAndMarketingExpenses": 0,
        "sellingGeneralAndAdministrativeExpenses": 91806000,
        "otherExpenses": 51128000,
        "operatingExpenses": 142934000,
        "costAndExpenses": 284567000,
        "interestIncome": 0,
        "interestExpense": 259000,
        "depreciationAndAmortization": 9374000,
        "ebitda": 51146000,
        "ebitdaratio": 0.1797327167,
        "operatingIncome": 41772000,
        "operatingIncomeRatio": 0.146791441,
        "totalOtherIncomeExpensesNet": -259000,
        "incomeBeforeTax": 41513000,
        "incomeBeforeTaxRatio": 0.1458812863,
        "incomeTaxExpense": 16031000,
        "netIncome": 25482000,
        "netIncomeRatio": 0.0895465743,
        "eps": 0.0514,
        "epsdiluted": 0.0514,
        "weightedAverageShsOut": 494742937,
        "weightedAverageShsOutDil": 498777750,
        "link": "https://www.sec.gov/Archives/edgar/data/84839/000110465909046150/0001104659-09-046150-index.htm",
        "finalLink": "https://www.sec.gov/Archives/edgar/data/84839/000110465909046150/a09-18905_110q.htm"
    },
    {
        "date": "2009-03-31",
        "symbol": "ROL",
        "reportedCurrency": "USD",
        "cik": "0000084839",
        "fillingDate": "2009-05-01",
        "acceptedDate": "2009-05-01 07:28:42",
        "calendarYear": "2009",
        "period": "Q1",
        "revenue": 242972000,
        "costOfRevenue": 125371000,
        "grossProfit": 117601000,
        "grossProfitRatio": 0.4840105033,
        "researchAndDevelopmentExpenses": 0,
        "generalAndAdministrativeExpenses": 0,
        "sellingAndMarketingExpenses": 0,
        "sellingGeneralAndAdministrativeExpenses": 81988000,
        "otherExpenses": 35613000,
        "operatingExpenses": 117601000,
        "costAndExpenses": 242972000,
        "interestIncome": 0,
        "interestExpense": 428000,
        "depreciationAndAmortization": 9429000,
        "ebitda": 35618000,
        "ebitdaratio": 0.1465930231,
        "operatingIncome": 26189000,
        "operatingIncomeRatio": 0.1077860823,
        "totalOtherIncomeExpensesNet": -428000,
        "incomeBeforeTax": 25761000,
        "incomeBeforeTaxRatio": 0.1060245625,
        "incomeTaxExpense": 9953000,
        "netIncome": 15808000,
        "netIncomeRatio": 0.0650609947,
        "eps": 0.0316,
        "epsdiluted": 0.0316,
        "weightedAverageShsOut": 507019500,
        "weightedAverageShsOutDil": 508619250,
        "link": "https://www.sec.gov/Archives/edgar/data/84839/000110465909028190/0001104659-09-028190-index.htm",
        "finalLink": "https://www.sec.gov/Archives/edgar/data/84839/000110465909028190/a09-12294_110q.htm"
    },
    {
        "date": "2008-12-31",
        "symbol": "ROL",
        "reportedCurrency": "USD",
        "cik": "0000084839",
        "fillingDate": "2009-03-02",
        "acceptedDate": "2009-03-02 16:22:47",
        "calendarYear": "2008",
        "period": "Q4",
        "revenue": 248076000,
        "costOfRevenue": 133050000,
        "grossProfit": 115026000,
        "grossProfitRatio": 0.463672423,
        "researchAndDevelopmentExpenses": 0,
        "generalAndAdministrativeExpenses": 0,
        "sellingAndMarketingExpenses": 0,
        "sellingGeneralAndAdministrativeExpenses": 84120000,
        "otherExpenses": 30906000,
        "operatingExpenses": 115026000,
        "costAndExpenses": 248076000,
        "interestIncome": 0,
        "interestExpense": 1102000,
        "depreciationAndAmortization": 9096000,
        "ebitda": 31072000,
        "ebitdaratio": 0.1252519389,
        "operatingIncome": 21976000,
        "operatingIncomeRatio": 0.088585756,
        "totalOtherIncomeExpensesNet": -1102000,
        "incomeBeforeTax": 20874000,
        "incomeBeforeTaxRatio": 0.0841435689,
        "incomeTaxExpense": 8321000,
        "netIncome": 12553000,
        "netIncomeRatio": 0.0506014286,
        "eps": 0.0252,
        "epsdiluted": 0.0252,
        "weightedAverageShsOut": 497805750,
        "weightedAverageShsOutDil": 497805750,
        "link": "https://www.sec.gov/Archives/edgar/data/84839/000104746909002119/0001047469-09-002119-index.htm",
        "finalLink": "https://www.sec.gov/Archives/edgar/data/84839/000104746909002119/a2191137z10-k.htm"
    },
    {
        "date": "2008-09-30",
        "symbol": "ROL",
        "reportedCurrency": "USD",
        "cik": "0000084839",
        "fillingDate": "2008-10-31",
        "acceptedDate": "2008-10-31 16:49:11",
        "calendarYear": "2008",
        "period": "Q3",
        "revenue": 277911000,
        "costOfRevenue": 145415000,
        "grossProfit": 132496000,
        "grossProfitRatio": 0.4767569474,
        "researchAndDevelopmentExpenses": 0,
        "generalAndAdministrativeExpenses": 0,
        "sellingAndMarketingExpenses": 0,
        "sellingGeneralAndAdministrativeExpenses": 91440000,
        "otherExpenses": 41056000,
        "operatingExpenses": 132496000,
        "costAndExpenses": 277911000,
        "interestIncome": 0,
        "interestExpense": 0,
        "depreciationAndAmortization": 9031000,
        "ebitda": 41056000,
        "ebitdaratio": 0.1477307483,
        "operatingIncome": 32025000,
        "operatingIncomeRatio": 0.1152347334,
        "totalOtherIncomeExpensesNet": -20000,
        "incomeBeforeTax": 32005000,
        "incomeBeforeTaxRatio": 0.1151627679,
        "incomeTaxExpense": 12201000,
        "netIncome": 19804000,
        "netIncomeRatio": 0.0712602236,
        "eps": 0.0395,
        "epsdiluted": 0.0395,
        "weightedAverageShsOut": 502367062,
        "weightedAverageShsOutDil": 506736000,
        "link": "https://www.sec.gov/Archives/edgar/data/84839/000008483908000105/0000084839-08-000105-index.htm",
        "finalLink": "https://www.sec.gov/Archives/edgar/data/84839/000008483908000105/f10q3q2008.htm"
    },
    {
        "date": "2008-06-30",
        "symbol": "ROL",
        "reportedCurrency": "USD",
        "cik": "0000084839",
        "fillingDate": "2008-07-28",
        "acceptedDate": "2008-07-28 17:20:01",
        "calendarYear": "2008",
        "period": "Q2",
        "revenue": 284499000,
        "costOfRevenue": 146076000,
        "grossProfit": 138423000,
        "grossProfitRatio": 0.4865500406,
        "researchAndDevelopmentExpenses": 0,
        "generalAndAdministrativeExpenses": 0,
        "sellingAndMarketingExpenses": 0,
        "sellingGeneralAndAdministrativeExpenses": 92030000,
        "otherExpenses": 46393000,
        "operatingExpenses": 138423000,
        "costAndExpenses": 284499000,
        "interestIncome": 0,
        "interestExpense": 365000,
        "depreciationAndAmortization": 8685000,
        "ebitda": 46393000,
        "ebitdaratio": 0.1630691145,
        "operatingIncome": 37708000,
        "operatingIncomeRatio": 0.1325417664,
        "totalOtherIncomeExpensesNet": -379000,
        "incomeBeforeTax": 37329000,
        "incomeBeforeTaxRatio": 0.1312096,
        "incomeTaxExpense": 14591000,
        "netIncome": 22738000,
        "netIncomeRatio": 0.0799229523,
        "eps": 0.0454,
        "epsdiluted": 0.0454,
        "weightedAverageShsOut": 503055562,
        "weightedAverageShsOutDil": 507115687,
        "link": "https://www.sec.gov/Archives/edgar/data/84839/000008483908000087/0000084839-08-000087-index.htm",
        "finalLink": "https://www.sec.gov/Archives/edgar/data/84839/000008483908000087/f10q22008.htm"
    },
    {
        "date": "2008-03-31",
        "symbol": "ROL",
        "reportedCurrency": "USD",
        "cik": "0000084839",
        "fillingDate": "2008-04-30",
        "acceptedDate": "2008-04-30 17:24:13",
        "calendarYear": "2008",
        "period": "Q1",
        "revenue": 210078000,
        "costOfRevenue": 110359000,
        "grossProfit": 99719000,
        "grossProfitRatio": 0.4746760727,
        "researchAndDevelopmentExpenses": 0,
        "generalAndAdministrativeExpenses": 0,
        "sellingAndMarketingExpenses": 0,
        "sellingGeneralAndAdministrativeExpenses": 70760000,
        "otherExpenses": 28959000,
        "operatingExpenses": 99719000,
        "costAndExpenses": 210078000,
        "interestIncome": 0,
        "interestExpense": 0,
        "depreciationAndAmortization": 6631000,
        "ebitda": 28959000,
        "ebitdaratio": 0.137848799,
        "operatingIncome": 22328000,
        "operatingIncomeRatio": 0.1062843325,
        "totalOtherIncomeExpensesNet": 418000,
        "incomeBeforeTax": 22746000,
        "incomeBeforeTaxRatio": 0.1082740696,
        "incomeTaxExpense": 8907000,
        "netIncome": 13839000,
        "netIncomeRatio": 0.0658755319,
        "eps": 0.0277,
        "epsdiluted": 0.0277,
        "weightedAverageShsOut": 503151750,
        "weightedAverageShsOutDil": 508280062,
        "link": "https://www.sec.gov/Archives/edgar/data/84839/000008483908000074/0000084839-08-000074-index.htm",
        "finalLink": "https://www.sec.gov/Archives/edgar/data/84839/000008483908000074/f10q12008.htm"
    },
    {
        "date": "2007-12-31",
        "symbol": "ROL",
        "reportedCurrency": "USD",
        "cik": "0000084839",
        "fillingDate": "2008-02-29",
        "acceptedDate": "2008-02-29 15:34:31",
        "calendarYear": "2007",
        "period": "Q4",
        "revenue": 215954000,
        "costOfRevenue": 117199000,
        "grossProfit": 98755000,
        "grossProfitRatio": 0.4572964613,
        "researchAndDevelopmentExpenses": 0,
        "generalAndAdministrativeExpenses": 0,
        "sellingAndMarketingExpenses": 0,
        "sellingGeneralAndAdministrativeExpenses": 74633000,
        "otherExpenses": 24122000,
        "operatingExpenses": 98755000,
        "costAndExpenses": 215954000,
        "interestIncome": 104000,
        "interestExpense": 1766000,
        "depreciationAndAmortization": 6586000,
        "ebitda": 24122000,
        "ebitdaratio": 0.1116997138,
        "operatingIncome": 17536000,
        "operatingIncomeRatio": 0.0812024783,
        "totalOtherIncomeExpensesNet": 688000,
        "incomeBeforeTax": 18224000,
        "incomeBeforeTaxRatio": 0.084388342,
        "incomeTaxExpense": 6290000,
        "netIncome": 11934000,
        "netIncomeRatio": 0.0552617687,
        "eps": 0.0237,
        "epsdiluted": 0.0237,
        "weightedAverageShsOut": 503151750,
        "weightedAverageShsOutDil": 503151750,
        "link": "https://www.sec.gov/Archives/edgar/data/84839/000104746908002054/0001047469-08-002054-index.htm",
        "finalLink": "https://www.sec.gov/Archives/edgar/data/84839/000104746908002054/a2183133z10-k.htm"
    },
    {
        "date": "2007-09-30",
        "symbol": "ROL",
        "reportedCurrency": "USD",
        "cik": "0000084839",
        "fillingDate": "2007-10-31",
        "acceptedDate": "2007-10-31 09:31:26",
        "calendarYear": "2007",
        "period": "Q3",
        "revenue": 238116000,
        "costOfRevenue": 123029000,
        "grossProfit": 115087000,
        "grossProfitRatio": 0.4833232542,
        "researchAndDevelopmentExpenses": 0,
        "generalAndAdministrativeExpenses": 0,
        "sellingAndMarketingExpenses": 0,
        "sellingGeneralAndAdministrativeExpenses": 78154000,
        "otherExpenses": 36933000,
        "operatingExpenses": 115087000,
        "costAndExpenses": 238116000,
        "interestIncome": 0,
        "interestExpense": 0,
        "depreciationAndAmortization": 6885000,
        "ebitda": 36933000,
        "ebitdaratio": 0.1551050748,
        "operatingIncome": 30048000,
        "operatingIncomeRatio": 0.1261905962,
        "totalOtherIncomeExpensesNet": 483000,
        "incomeBeforeTax": 30531000,
        "incomeBeforeTaxRatio": 0.1282190193,
        "incomeTaxExpense": 11766000,
        "netIncome": 18765000,
        "netIncomeRatio": 0.0788061281,
        "eps": 0.0369,
        "epsdiluted": 0.0369,
        "weightedAverageShsOut": 505804500,
        "weightedAverageShsOutDil": 511196062,
        "link": "https://www.sec.gov/Archives/edgar/data/84839/000008483907000072/0000084839-07-000072-index.htm",
        "finalLink": "https://www.sec.gov/Archives/edgar/data/84839/000008483907000072/f10q3q2007.htm"
    },
    {
        "date": "2007-06-30",
        "symbol": "ROL",
        "reportedCurrency": "USD",
        "cik": "0000084839",
        "fillingDate": "2007-08-01",
        "acceptedDate": "2007-08-01 08:10:46",
        "calendarYear": "2007",
        "period": "Q2",
        "revenue": 239618000,
        "costOfRevenue": 121601000,
        "grossProfit": 118017000,
        "grossProfitRatio": 0.4925214299,
        "researchAndDevelopmentExpenses": 0,
        "generalAndAdministrativeExpenses": 0,
        "sellingAndMarketingExpenses": 0,
        "sellingGeneralAndAdministrativeExpenses": 76787000,
        "otherExpenses": 41230000,
        "operatingExpenses": 118017000,
        "costAndExpenses": 239618000,
        "interestIncome": 0,
        "interestExpense": 0,
        "depreciationAndAmortization": 6911000,
        "ebitda": 41230000,
        "ebitdaratio": 0.1720655376,
        "operatingIncome": 34319000,
        "operatingIncomeRatio": 0.1432237979,
        "totalOtherIncomeExpensesNet": 611000,
        "incomeBeforeTax": 34930000,
        "incomeBeforeTaxRatio": 0.1457736898,
        "incomeTaxExpense": 13691000,
        "netIncome": 21239000,
        "netIncomeRatio": 0.0886369138,
        "eps": 0.0421,
        "epsdiluted": 0.0408,
        "weightedAverageShsOut": 508606593,
        "weightedAverageShsOutDil": 513907031,
        "link": "https://www.sec.gov/Archives/edgar/data/84839/000008483907000047/0000084839-07-000047-index.htm",
        "finalLink": "https://www.sec.gov/Archives/edgar/data/84839/000008483907000047/f10q2q2007.htm"
    },
    {
        "date": "2007-03-31",
        "symbol": "ROL",
        "reportedCurrency": "USD",
        "cik": "0000084839",
        "fillingDate": "2007-05-01",
        "acceptedDate": "2007-04-30 20:42:57",
        "calendarYear": "2007",
        "period": "Q1",
        "revenue": 201232000,
        "costOfRevenue": 106836000,
        "grossProfit": 94396000,
        "grossProfitRatio": 0.4690904031,
        "researchAndDevelopmentExpenses": 0,
        "generalAndAdministrativeExpenses": 0,
        "sellingAndMarketingExpenses": 0,
        "sellingGeneralAndAdministrativeExpenses": 67041000,
        "otherExpenses": 27355000,
        "operatingExpenses": 94396000,
        "costAndExpenses": 201232000,
        "interestIncome": 0,
        "interestExpense": 0,
        "depreciationAndAmortization": 6686000,
        "ebitda": 27355000,
        "ebitdaratio": 0.1359376242,
        "operatingIncome": 20669000,
        "operatingIncomeRatio": 0.1027122923,
        "totalOtherIncomeExpensesNet": 559000,
        "incomeBeforeTax": 21228000,
        "incomeBeforeTaxRatio": 0.1054901805,
        "incomeTaxExpense": 8435000,
        "netIncome": 12793000,
        "netIncomeRatio": 0.0635733879,
        "eps": 0.0257,
        "epsdiluted": 0.0257,
        "weightedAverageShsOut": 511221375,
        "weightedAverageShsOutDil": 521913375,
        "link": "https://www.sec.gov/Archives/edgar/data/84839/000008483907000030/0000084839-07-000030-index.htm",
        "finalLink": "https://www.sec.gov/Archives/edgar/data/84839/000008483907000030/f10q1q2007.htm"
    },
    {
        "date": "2006-12-31",
        "symbol": "ROL",
        "reportedCurrency": "USD",
        "cik": "0000084839",
        "fillingDate": "2007-02-28",
        "acceptedDate": "2007-02-28 06:54:36",
        "calendarYear": "2006",
        "period": "Q4",
        "revenue": 204653000,
        "costOfRevenue": 112614000,
        "grossProfit": 92039000,
        "grossProfitRatio": 0.4497319854,
        "researchAndDevelopmentExpenses": 0,
        "generalAndAdministrativeExpenses": 0,
        "sellingAndMarketingExpenses": 0,
        "sellingGeneralAndAdministrativeExpenses": 69238000,
        "otherExpenses": 22801000,
        "operatingExpenses": 92039000,
        "costAndExpenses": 204653000,
        "interestIncome": 86000,
        "interestExpense": 998000,
        "depreciationAndAmortization": 6460000,
        "ebitda": 22801000,
        "ebitdaratio": 0.1114129771,
        "operatingIncome": 16341000,
        "operatingIncomeRatio": 0.0798473514,
        "totalOtherIncomeExpensesNet": 605000,
        "incomeBeforeTax": 16946000,
        "incomeBeforeTaxRatio": 0.0828035748,
        "incomeTaxExpense": 6407000,
        "netIncome": 10539000,
        "netIncomeRatio": 0.0514969241,
        "eps": 0.0206,
        "epsdiluted": 0.0206,
        "weightedAverageShsOut": 509601372,
        "weightedAverageShsOutDil": 511218843,
        "link": "https://www.sec.gov/Archives/edgar/data/84839/000104746907001460/0001047469-07-001460-index.htm",
        "finalLink": "https://www.sec.gov/Archives/edgar/data/84839/000104746907001460/a2176407z10-k.htm"
    },
    {
        "date": "2006-09-30",
        "symbol": "ROL",
        "reportedCurrency": "USD",
        "cik": "0000084839",
        "fillingDate": "2006-10-31",
        "acceptedDate": "2006-10-31 14:34:05",
        "calendarYear": "2006",
        "period": "Q3",
        "revenue": 227816000,
        "costOfRevenue": 119206000,
        "grossProfit": 108610000,
        "grossProfitRatio": 0.4767443902,
        "researchAndDevelopmentExpenses": 0,
        "generalAndAdministrativeExpenses": 0,
        "sellingAndMarketingExpenses": 0,
        "sellingGeneralAndAdministrativeExpenses": 74472000,
        "otherExpenses": 34138000,
        "operatingExpenses": 108610000,
        "costAndExpenses": 227816000,
        "interestIncome": 0,
        "interestExpense": 0,
        "depreciationAndAmortization": 6662000,
        "ebitda": 34138000,
        "ebitdaratio": 0.1498490009,
        "operatingIncome": 27476000,
        "operatingIncomeRatio": 0.1206061032,
        "totalOtherIncomeExpensesNet": 349000,
        "incomeBeforeTax": 27825000,
        "incomeBeforeTaxRatio": 0.1221380412,
        "incomeTaxExpense": 10788000,
        "netIncome": 17037000,
        "netIncomeRatio": 0.0747840362,
        "eps": 0.0329,
        "epsdiluted": 0.0329,
        "weightedAverageShsOut": 509297625,
        "weightedAverageShsOutDil": 521690625,
        "link": "https://www.sec.gov/Archives/edgar/data/84839/000008483906000070/0000084839-06-000070-index.htm",
        "finalLink": "https://www.sec.gov/Archives/edgar/data/84839/000008483906000070/form10q3q.htm"
    },
    {
        "date": "2006-06-30",
        "symbol": "ROL",
        "reportedCurrency": "USD",
        "cik": "0000084839",
        "fillingDate": "2006-07-31",
        "acceptedDate": "2006-07-31 16:51:17",
        "calendarYear": "2006",
        "period": "Q2",
        "revenue": 232222000,
        "costOfRevenue": 119035000,
        "grossProfit": 113187000,
        "grossProfitRatio": 0.4874086004,
        "researchAndDevelopmentExpenses": 0,
        "generalAndAdministrativeExpenses": 0,
        "sellingAndMarketingExpenses": 0,
        "sellingGeneralAndAdministrativeExpenses": 74368000,
        "otherExpenses": 38819000,
        "operatingExpenses": 113187000,
        "costAndExpenses": 232222000,
        "interestIncome": 0,
        "interestExpense": 0,
        "depreciationAndAmortization": 6945000,
        "ebitda": 38819000,
        "ebitdaratio": 0.1671633179,
        "operatingIncome": 31874000,
        "operatingIncomeRatio": 0.1372565907,
        "totalOtherIncomeExpensesNet": 342000,
        "incomeBeforeTax": 32216000,
        "incomeBeforeTaxRatio": 0.1387293194,
        "incomeTaxExpense": 12886000,
        "netIncome": 19330000,
        "netIncomeRatio": 0.0832393141,
        "eps": 0.0382,
        "epsdiluted": 0.0369,
        "weightedAverageShsOut": 513003375,
        "weightedAverageShsOutDil": 525814031,
        "link": "https://www.sec.gov/Archives/edgar/data/84839/000008483906000056/0000084839-06-000056-index.htm",
        "finalLink": "https://www.sec.gov/Archives/edgar/data/84839/000008483906000056/form10q2q.htm"
    },
    {
        "date": "2006-03-31",
        "symbol": "ROL",
        "reportedCurrency": "USD",
        "cik": "0000084839",
        "fillingDate": "2006-05-02",
        "acceptedDate": "2006-05-01 18:34:51",
        "calendarYear": "2006",
        "period": "Q1",
        "revenue": 194187000,
        "costOfRevenue": 107014000,
        "grossProfit": 87173000,
        "grossProfitRatio": 0.4489126461,
        "researchAndDevelopmentExpenses": 0,
        "generalAndAdministrativeExpenses": 0,
        "sellingAndMarketingExpenses": 0,
        "sellingGeneralAndAdministrativeExpenses": 62500000,
        "otherExpenses": 24673000,
        "operatingExpenses": 87173000,
        "costAndExpenses": 194187000,
        "interestIncome": 0,
        "interestExpense": 0,
        "depreciationAndAmortization": 6793000,
        "ebitda": 24673000,
        "ebitdaratio": 0.127057939,
        "operatingIncome": 17880000,
        "operatingIncomeRatio": 0.0920761946,
        "totalOtherIncomeExpensesNet": 292000,
        "incomeBeforeTax": 18172000,
        "incomeBeforeTaxRatio": 0.0935798998,
        "incomeTaxExpense": 7269000,
        "netIncome": 10903000,
        "netIncomeRatio": 0.0561469099,
        "eps": 0.0211,
        "epsdiluted": 0.0211,
        "weightedAverageShsOut": 513907031,
        "weightedAverageShsOutDil": 528395906,
        "link": "https://www.sec.gov/Archives/edgar/data/84839/000008483906000035/0000084839-06-000035-index.htm",
        "finalLink": "https://www.sec.gov/Archives/edgar/data/84839/000008483906000035/q1q2006.txt"
    },
    {
        "date": "2005-12-31",
        "symbol": "ROL",
        "reportedCurrency": "USD",
        "cik": "0000084839",
        "fillingDate": "2006-03-17",
        "acceptedDate": "2006-03-17 16:32:07",
        "calendarYear": "2005",
        "period": "Q4",
        "revenue": 194830000,
        "costOfRevenue": 106353000,
        "grossProfit": 88477000,
        "grossProfitRatio": 0.4541241082,
        "researchAndDevelopmentExpenses": 0,
        "generalAndAdministrativeExpenses": 0,
        "sellingAndMarketingExpenses": 0,
        "sellingGeneralAndAdministrativeExpenses": 71105000,
        "otherExpenses": 17372000,
        "operatingExpenses": 88477000,
        "costAndExpenses": 194830000,
        "interestIncome": 0,
        "interestExpense": 0,
        "depreciationAndAmortization": 6472000,
        "ebitda": 17372000,
        "ebitdaratio": 0.089164913,
        "operatingIncome": 10900000,
        "operatingIncomeRatio": 0.0559462095,
        "totalOtherIncomeExpensesNet": 716000,
        "incomeBeforeTax": 11616000,
        "incomeBeforeTaxRatio": 0.0596212082,
        "incomeTaxExpense": 4264000,
        "netIncome": 7352000,
        "netIncomeRatio": 0.0377354617,
        "eps": 0.0143,
        "epsdiluted": 0.0143,
        "weightedAverageShsOut": 513299530,
        "weightedAverageShsOutDil": 513907031,
        "link": "https://www.sec.gov/Archives/edgar/data/84839/000110465906017715/0001104659-06-017715-index.htm",
        "finalLink": "https://www.sec.gov/Archives/edgar/data/84839/000110465906017715/a06-7187_110ka.htm"
    },
    {
        "date": "2005-09-30",
        "symbol": "ROL",
        "reportedCurrency": "USD",
        "cik": "0000084839",
        "fillingDate": "2005-10-28",
        "acceptedDate": "2005-10-28 17:30:47",
        "calendarYear": "2005",
        "period": "Q3",
        "revenue": 209346000,
        "costOfRevenue": 106398000,
        "grossProfit": 102948000,
        "grossProfitRatio": 0.4917600527,
        "researchAndDevelopmentExpenses": 0,
        "generalAndAdministrativeExpenses": 0,
        "sellingAndMarketingExpenses": 0,
        "sellingGeneralAndAdministrativeExpenses": 72258000,
        "otherExpenses": 30690000,
        "operatingExpenses": 102948000,
        "costAndExpenses": 209346000,
        "interestIncome": 0,
        "interestExpense": 0,
        "depreciationAndAmortization": 5800000,
        "ebitda": 30690000,
        "ebitdaratio": 0.1465994096,
        "operatingIncome": 24890000,
        "operatingIncomeRatio": 0.1188940797,
        "totalOtherIncomeExpensesNet": 489000,
        "incomeBeforeTax": 25379000,
        "incomeBeforeTaxRatio": 0.1212299256,
        "incomeTaxExpense": 10279000,
        "netIncome": 15100000,
        "netIncomeRatio": 0.0721293934,
        "eps": 0.029,
        "epsdiluted": 0.029,
        "weightedAverageShsOut": 517263468,
        "weightedAverageShsOutDil": 531881437,
        "link": "https://www.sec.gov/Archives/edgar/data/84839/000008483905000093/0000084839-05-000093-index.htm",
        "finalLink": "https://www.sec.gov/Archives/edgar/data/84839/000008483905000093/q3q2005.txt"
    },
    {
        "date": "2005-06-30",
        "symbol": "ROL",
        "reportedCurrency": "USD",
        "cik": "0000084839",
        "fillingDate": "2005-08-01",
        "acceptedDate": "2005-07-29 18:03:08",
        "calendarYear": "2005",
        "period": "Q2",
        "revenue": 214326000,
        "costOfRevenue": 114294000,
        "grossProfit": 100032000,
        "grossProfitRatio": 0.4667282551,
        "researchAndDevelopmentExpenses": 0,
        "generalAndAdministrativeExpenses": 0,
        "sellingAndMarketingExpenses": 0,
        "sellingGeneralAndAdministrativeExpenses": 67594000,
        "otherExpenses": 32438000,
        "operatingExpenses": 100032000,
        "costAndExpenses": 214326000,
        "interestIncome": 0,
        "interestExpense": 0,
        "depreciationAndAmortization": 6045000,
        "ebitda": 32438000,
        "ebitdaratio": 0.1513488797,
        "operatingIncome": 26393000,
        "operatingIncomeRatio": 0.1231441822,
        "totalOtherIncomeExpensesNet": 5076000,
        "incomeBeforeTax": 31469000,
        "incomeBeforeTaxRatio": 0.1468277297,
        "incomeTaxExpense": 12745000,
        "netIncome": 18724000,
        "netIncomeRatio": 0.0873622426,
        "eps": 0.0369,
        "epsdiluted": 0.0356,
        "weightedAverageShsOut": 515896593,
        "weightedAverageShsOutDil": 531782718,
        "link": "https://www.sec.gov/Archives/edgar/data/84839/000008483905000070/0000084839-05-000070-index.htm",
        "finalLink": "https://www.sec.gov/Archives/edgar/data/84839/000008483905000070/q2q2005.txt"
    },
    {
        "date": "2005-03-31",
        "symbol": "ROL",
        "reportedCurrency": "USD",
        "cik": "0000084839",
        "fillingDate": "2005-05-02",
        "acceptedDate": "2005-04-29 17:35:21",
        "calendarYear": "2005",
        "period": "Q1",
        "revenue": 183915000,
        "costOfRevenue": 100249000,
        "grossProfit": 83666000,
        "grossProfitRatio": 0.4549166735,
        "researchAndDevelopmentExpenses": 0,
        "generalAndAdministrativeExpenses": 0,
        "sellingAndMarketingExpenses": 0,
        "sellingGeneralAndAdministrativeExpenses": 58671000,
        "otherExpenses": 24995000,
        "operatingExpenses": 83666000,
        "costAndExpenses": 183915000,
        "interestIncome": 0,
        "interestExpense": 0,
        "depreciationAndAmortization": 5963000,
        "ebitda": 24995000,
        "ebitdaratio": 0.1359051736,
        "operatingIncome": 19032000,
        "operatingIncomeRatio": 0.1034825871,
        "totalOtherIncomeExpensesNet": 459000,
        "incomeBeforeTax": 19491000,
        "incomeBeforeTaxRatio": 0.1059783052,
        "incomeTaxExpense": 7896000,
        "netIncome": 11595000,
        "netIncomeRatio": 0.0630454286,
        "eps": 0.0224,
        "epsdiluted": 0.0224,
        "weightedAverageShsOut": 515934562,
        "weightedAverageShsOutDil": 532040906,
        "link": "https://www.sec.gov/Archives/edgar/data/84839/000008483905000055/0000084839-05-000055-index.htm",
        "finalLink": "https://www.sec.gov/Archives/edgar/data/84839/000008483905000055/q1q2005.txt"
    },
    {
        "date": "2004-12-31",
        "symbol": "ROL",
        "reportedCurrency": "USD",
        "cik": "0000084839",
        "fillingDate": "2005-03-11",
        "acceptedDate": "2005-03-11 16:55:12",
        "calendarYear": "2004",
        "period": "Q4",
        "revenue": 182237000,
        "costOfRevenue": 97787000,
        "grossProfit": 84450000,
        "grossProfitRatio": 0.4634075407,
        "researchAndDevelopmentExpenses": 0,
        "generalAndAdministrativeExpenses": 0,
        "sellingAndMarketingExpenses": 0,
        "sellingGeneralAndAdministrativeExpenses": 65483000,
        "otherExpenses": 18967000,
        "operatingExpenses": 84450000,
        "costAndExpenses": 182237000,
        "interestIncome": 0,
        "interestExpense": 0,
        "depreciationAndAmortization": 6364000,
        "ebitda": 18967000,
        "ebitdaratio": 0.1040787546,
        "operatingIncome": 12603000,
        "operatingIncomeRatio": 0.0691571964,
        "totalOtherIncomeExpensesNet": 10367000,
        "incomeBeforeTax": 22970000,
        "incomeBeforeTaxRatio": 0.1260446561,
        "incomeTaxExpense": 8877000,
        "netIncome": 7889000,
        "netIncomeRatio": 0.043289782,
        "eps": 0.0273,
        "epsdiluted": 0.0273,
        "weightedAverageShsOut": 515934562,
        "weightedAverageShsOutDil": 515934562,
        "link": "https://www.sec.gov/Archives/edgar/data/84839/000008483905000028/0000084839-05-000028-index.htm",
        "finalLink": "https://www.sec.gov/Archives/edgar/data/84839/000008483905000028/form10k.txt"
    },
    {
        "date": "2004-09-30",
        "symbol": "ROL",
        "reportedCurrency": "USD",
        "cik": "0000084839",
        "fillingDate": "2004-10-28",
        "acceptedDate": "2004-10-28 16:27:55",
        "calendarYear": "2004",
        "period": "Q3",
        "revenue": 202257000,
        "costOfRevenue": 105035000,
        "grossProfit": 98890000,
        "grossProfitRatio": 0.4889323979,
        "researchAndDevelopmentExpenses": 0,
        "generalAndAdministrativeExpenses": 0,
        "sellingAndMarketingExpenses": 0,
        "sellingGeneralAndAdministrativeExpenses": 70080000,
        "otherExpenses": 28810000,
        "operatingExpenses": 98890000,
        "costAndExpenses": 203925000,
        "interestIncome": 0,
        "interestExpense": 0,
        "depreciationAndAmortization": 6249000,
        "ebitda": 28810000,
        "ebitdaratio": 0.142442536,
        "operatingIncome": 22561000,
        "operatingIncomeRatio": 0.1115462011,
        "totalOtherIncomeExpensesNet": 383000,
        "incomeBeforeTax": 22944000,
        "incomeBeforeTaxRatio": 0.1134398315,
        "incomeTaxExpense": 9311000,
        "netIncome": 13633000,
        "netIncomeRatio": 0.067404342,
        "eps": 0.0263,
        "epsdiluted": 0.025,
        "weightedAverageShsOut": 518076000,
        "weightedAverageShsOutDil": 533058468,
        "link": "https://www.sec.gov/Archives/edgar/data/84839/000008483904000062/0000084839-04-000062-index.htm",
        "finalLink": "https://www.sec.gov/Archives/edgar/data/84839/000008483904000062/q10930.txt"
    },
    {
        "date": "2004-06-30",
        "symbol": "ROL",
        "reportedCurrency": "USD",
        "cik": "0000084839",
        "fillingDate": "2004-07-30",
        "acceptedDate": "2004-07-30 11:20:36",
        "calendarYear": "2004",
        "period": "Q2",
        "revenue": 207698000,
        "costOfRevenue": 105442000,
        "grossProfit": 102256000,
        "grossProfitRatio": 0.4923302102,
        "researchAndDevelopmentExpenses": 0,
        "generalAndAdministrativeExpenses": 0,
        "sellingAndMarketingExpenses": 0,
        "sellingGeneralAndAdministrativeExpenses": 69155000,
        "otherExpenses": 33101000,
        "operatingExpenses": 102256000,
        "costAndExpenses": 207698000,
        "interestIncome": 0,
        "interestExpense": 0,
        "depreciationAndAmortization": 5764000,
        "ebitda": 33101000,
        "ebitdaratio": 0.1593708172,
        "operatingIncome": 27337000,
        "operatingIncomeRatio": 0.1316189853,
        "totalOtherIncomeExpensesNet": 14190000,
        "incomeBeforeTax": 41527000,
        "incomeBeforeTaxRatio": 0.199939335,
        "incomeTaxExpense": 17717000,
        "netIncome": 23810000,
        "netIncomeRatio": 0.1146375988,
        "eps": 0.0457,
        "epsdiluted": 0.0448,
        "weightedAverageShsOut": 518865750,
        "weightedAverageShsOutDil": 532545890,
        "link": "https://www.sec.gov/Archives/edgar/data/84839/000008483904000042/0000084839-04-000042-index.htm",
        "finalLink": "https://www.sec.gov/Archives/edgar/data/84839/000008483904000042/q10630.txt"
    },
    {
        "date": "2004-03-31",
        "symbol": "ROL",
        "reportedCurrency": "USD",
        "cik": "0000084839",
        "fillingDate": "2004-04-29",
        "acceptedDate": "2004-04-29 11:02:10",
        "calendarYear": "2004",
        "period": "Q1",
        "revenue": 158692000,
        "costOfRevenue": 86542000,
        "grossProfit": 73874000,
        "grossProfitRatio": 0.4655181106,
        "researchAndDevelopmentExpenses": 0,
        "generalAndAdministrativeExpenses": 0,
        "sellingAndMarketingExpenses": 0,
        "sellingGeneralAndAdministrativeExpenses": 52768000,
        "otherExpenses": 21106000,
        "operatingExpenses": 73874000,
        "costAndExpenses": 160416000,
        "interestIncome": 0,
        "interestExpense": 0,
        "depreciationAndAmortization": 4657000,
        "ebitda": 21106000,
        "ebitdaratio": 0.1329997731,
        "operatingIncome": 16449000,
        "operatingIncomeRatio": 0.1036536183,
        "totalOtherIncomeExpensesNet": 149000,
        "incomeBeforeTax": 16598000,
        "incomeBeforeTaxRatio": 0.104592544,
        "incomeTaxExpense": 6732000,
        "netIncome": 3662000,
        "netIncomeRatio": 0.0230761475,
        "eps": 0.0169,
        "epsdiluted": 0.0164,
        "weightedAverageShsOut": 515972531,
        "weightedAverageShsOutDil": 531289125,
        "link": "https://www.sec.gov/Archives/edgar/data/84839/000008483904000022/0000084839-04-000022-index.htm",
        "finalLink": "https://www.sec.gov/Archives/edgar/data/84839/000008483904000022/q104.txt"
    },
    {
        "date": "2003-12-31",
        "symbol": "ROL",
        "reportedCurrency": "USD",
        "cik": "0000084839",
        "fillingDate": "2004-03-15",
        "acceptedDate": "2004-03-15 16:34:49",
        "calendarYear": "2003",
        "period": "Q4",
        "revenue": 158524000,
        "costOfRevenue": 86709000,
        "grossProfit": 71815000,
        "grossProfitRatio": 0.4530228861,
        "researchAndDevelopmentExpenses": 0,
        "generalAndAdministrativeExpenses": 0,
        "sellingAndMarketingExpenses": 0,
        "sellingGeneralAndAdministrativeExpenses": 58613000,
        "otherExpenses": 13202000,
        "operatingExpenses": 71815000,
        "costAndExpenses": 158524000,
        "interestIncome": 0,
        "interestExpense": 0,
        "depreciationAndAmortization": 4921000,
        "ebitda": 13202000,
        "ebitdaratio": 0.0832807651,
        "operatingIncome": 8281000,
        "operatingIncomeRatio": 0.0522381469,
        "totalOtherIncomeExpensesNet": 1852000,
        "incomeBeforeTax": 10133000,
        "incomeBeforeTaxRatio": 0.0639209205,
        "incomeTaxExpense": 5308000,
        "netIncome": 4825000,
        "netIncomeRatio": 0.0304370316,
        "eps": 0.0094,
        "epsdiluted": 0.0094,
        "weightedAverageShsOut": 514062705,
        "weightedAverageShsOutDil": 515972531,
        "link": "https://www.sec.gov/Archives/edgar/data/84839/000008483904000012/0000084839-04-000012-index.htm",
        "finalLink": "https://www.sec.gov/Archives/edgar/data/84839/000008483904000012/a200310k.txt"
    },
    {
        "date": "2003-09-30",
        "symbol": "ROL",
        "reportedCurrency": "USD",
        "cik": "0000084839",
        "fillingDate": "2003-10-29",
        "acceptedDate": "2003-10-29 16:07:18",
        "calendarYear": "2003",
        "period": "Q3",
        "revenue": 178262000,
        "costOfRevenue": 96085000,
        "grossProfit": 82177000,
        "grossProfitRatio": 0.4609900035,
        "researchAndDevelopmentExpenses": 0,
        "generalAndAdministrativeExpenses": 0,
        "sellingAndMarketingExpenses": 0,
        "sellingGeneralAndAdministrativeExpenses": 61426000,
        "otherExpenses": 20751000,
        "operatingExpenses": 82177000,
        "costAndExpenses": 178262000,
        "interestIncome": 0,
        "interestExpense": 0,
        "depreciationAndAmortization": 5065000,
        "ebitda": 20751000,
        "ebitdaratio": 0.1164073106,
        "operatingIncome": 15686000,
        "operatingIncomeRatio": 0.0879940761,
        "totalOtherIncomeExpensesNet": 120000,
        "incomeBeforeTax": 15806000,
        "incomeBeforeTaxRatio": 0.0886672426,
        "incomeTaxExpense": 6006000,
        "netIncome": 9800000,
        "netIncomeRatio": 0.0549752611,
        "eps": 0.0193,
        "epsdiluted": 0.0184,
        "weightedAverageShsOut": 513888046,
        "weightedAverageShsOutDil": 523900406,
        "link": "https://www.sec.gov/Archives/edgar/data/84839/000008483903000045/0000084839-03-000045-index.htm",
        "finalLink": "https://www.sec.gov/Archives/edgar/data/84839/000008483903000045/a10q3rd.txt"
    },
    {
        "date": "2003-06-30",
        "symbol": "ROL",
        "reportedCurrency": "USD",
        "cik": "0000084839",
        "fillingDate": "2003-07-23",
        "acceptedDate": "2003-07-22 17:31:39",
        "calendarYear": "2003",
        "period": "Q2",
        "revenue": 185105000,
        "costOfRevenue": 95550000,
        "grossProfit": 89555000,
        "grossProfitRatio": 0.4838064882,
        "researchAndDevelopmentExpenses": 0,
        "generalAndAdministrativeExpenses": 0,
        "sellingAndMarketingExpenses": 0,
        "sellingGeneralAndAdministrativeExpenses": 62253000,
        "otherExpenses": 27302000,
        "operatingExpenses": 89555000,
        "costAndExpenses": 185105000,
        "interestIncome": 0,
        "interestExpense": 0,
        "depreciationAndAmortization": 5037000,
        "ebitda": 27302000,
        "ebitdaratio": 0.1474946652,
        "operatingIncome": 22265000,
        "operatingIncomeRatio": 0.1202830826,
        "totalOtherIncomeExpensesNet": 94000,
        "incomeBeforeTax": 22359000,
        "incomeBeforeTaxRatio": 0.1207909025,
        "incomeTaxExpense": 8497000,
        "netIncome": 13862000,
        "netIncomeRatio": 0.0748872262,
        "eps": 0.0272,
        "epsdiluted": 0.0263,
        "weightedAverageShsOut": 513910828,
        "weightedAverageShsOutDil": 528570562,
        "link": "https://www.sec.gov/Archives/edgar/data/84839/000008483903000030/0000084839-03-000030-index.htm",
        "finalLink": "https://www.sec.gov/Archives/edgar/data/84839/000008483903000030/a10q2nd.txt"
    },
    {
        "date": "2003-03-31",
        "symbol": "ROL",
        "reportedCurrency": "USD",
        "cik": "0000084839",
        "fillingDate": "2003-05-02",
        "acceptedDate": "2003-05-02 16:17:34",
        "calendarYear": "2003",
        "period": "Q1",
        "revenue": 155122000,
        "costOfRevenue": 84078000,
        "grossProfit": 71044000,
        "grossProfitRatio": 0.4579879063,
        "researchAndDevelopmentExpenses": 0,
        "generalAndAdministrativeExpenses": 0,
        "sellingAndMarketingExpenses": 0,
        "sellingGeneralAndAdministrativeExpenses": 54222000,
        "otherExpenses": 16822000,
        "operatingExpenses": 71044000,
        "costAndExpenses": 155122000,
        "interestIncome": 0,
        "interestExpense": 0,
        "depreciationAndAmortization": 5156000,
        "ebitda": 16822000,
        "ebitdaratio": 0.1084436766,
        "operatingIncome": 11666000,
        "operatingIncomeRatio": 0.0752053223,
        "totalOtherIncomeExpensesNet": 66000,
        "incomeBeforeTax": 11732000,
        "incomeBeforeTaxRatio": 0.0756307938,
        "incomeTaxExpense": 4458000,
        "netIncome": 7274000,
        "netIncomeRatio": 0.0468921236,
        "eps": 0.014,
        "epsdiluted": 0.0138,
        "weightedAverageShsOut": 511575920,
        "weightedAverageShsOutDil": 525227026,
        "link": "https://www.sec.gov/Archives/edgar/data/84839/000008483903000025/0000084839-03-000025-index.htm",
        "finalLink": "https://www.sec.gov/Archives/edgar/data/84839/000008483903000025/a10q1st.txt"
    },
    {
        "date": "2002-12-31",
        "symbol": "ROL",
        "reportedCurrency": "USD",
        "cik": "0000084839",
        "fillingDate": "2003-03-18",
        "acceptedDate": "2003-03-18 16:19:06",
        "calendarYear": "2002",
        "period": "Q4",
        "revenue": 151710000,
        "costOfRevenue": 83927000,
        "grossProfit": 67783000,
        "grossProfitRatio": 0.4467932239,
        "researchAndDevelopmentExpenses": 0,
        "generalAndAdministrativeExpenses": 0,
        "sellingAndMarketingExpenses": 0,
        "sellingGeneralAndAdministrativeExpenses": 56508000,
        "otherExpenses": 11275000,
        "operatingExpenses": 67783000,
        "costAndExpenses": 151710000,
        "interestIncome": 0,
        "interestExpense": 0,
        "depreciationAndAmortization": 5337000,
        "ebitda": 11275000,
        "ebitdaratio": 0.0743194252,
        "operatingIncome": 5938000,
        "operatingIncomeRatio": 0.0391404654,
        "totalOtherIncomeExpensesNet": 71000,
        "incomeBeforeTax": 6009000,
        "incomeBeforeTaxRatio": 0.0396084635,
        "incomeTaxExpense": 2284000,
        "netIncome": 3725000,
        "netIncomeRatio": 0.0245534243,
        "eps": 0.0073,
        "epsdiluted": 0.0073,
        "weightedAverageShsOut": 510083578,
        "weightedAverageShsOutDil": 511575920,
        "link": "https://www.sec.gov/Archives/edgar/data/84839/000008483903000015/0000084839-03-000015-index.htm",
        "finalLink": "https://www.sec.gov/Archives/edgar/data/84839/000008483903000015/form10k02.txt"
    },
    {
        "date": "2002-09-30",
        "symbol": "ROL",
        "reportedCurrency": "USD",
        "cik": "0000084839",
        "fillingDate": "2002-11-14",
        "acceptedDate": "2002-11-14 13:23:23",
        "calendarYear": "2002",
        "period": "Q3",
        "revenue": 174873000,
        "costOfRevenue": 94402000,
        "grossProfit": 79661000,
        "grossProfitRatio": 0.4555363035,
        "researchAndDevelopmentExpenses": 0,
        "generalAndAdministrativeExpenses": 0,
        "sellingAndMarketingExpenses": 0,
        "sellingGeneralAndAdministrativeExpenses": 63478000,
        "otherExpenses": 16183000,
        "operatingExpenses": 79661000,
        "costAndExpenses": 174063000,
        "interestIncome": 0,
        "interestExpense": 0,
        "depreciationAndAmortization": 5425000,
        "ebitda": 16183000,
        "ebitdaratio": 0.0925414444,
        "operatingIncome": 10758000,
        "operatingIncomeRatio": 0.0615189309,
        "totalOtherIncomeExpensesNet": 135000,
        "incomeBeforeTax": 10893000,
        "incomeBeforeTaxRatio": 0.0622909197,
        "incomeTaxExpense": 4139000,
        "netIncome": 6754000,
        "netIncomeRatio": 0.0386223145,
        "eps": 0.0132,
        "epsdiluted": 0.0132,
        "weightedAverageShsOut": 511268203,
        "weightedAverageShsOutDil": 513922218,
        "link": "https://www.sec.gov/Archives/edgar/data/84839/000008483902000022/0000084839-02-000022-index.htm",
        "finalLink": "https://www.sec.gov/Archives/edgar/data/84839/000008483902000022/ascii3q0210q.txt"
    },
    {
        "date": "2002-06-30",
        "symbol": "ROL",
        "reportedCurrency": "USD",
        "cik": "0000084839",
        "fillingDate": "2002-07-31",
        "acceptedDate": "2002-07-31 15:13:52",
        "calendarYear": "2002",
        "period": "Q2",
        "revenue": 185027000,
        "costOfRevenue": 97205000,
        "grossProfit": 86984000,
        "grossProfitRatio": 0.4701151724,
        "researchAndDevelopmentExpenses": 0,
        "generalAndAdministrativeExpenses": 0,
        "sellingAndMarketingExpenses": 0,
        "sellingGeneralAndAdministrativeExpenses": 62720000,
        "otherExpenses": 24264000,
        "operatingExpenses": 86984000,
        "costAndExpenses": 184189000,
        "interestIncome": 0,
        "interestExpense": 0,
        "depreciationAndAmortization": 5446000,
        "ebitda": 24264000,
        "ebitdaratio": 0.1311376178,
        "operatingIncome": 18818000,
        "operatingIncomeRatio": 0.1017040756,
        "totalOtherIncomeExpensesNet": 39000,
        "incomeBeforeTax": 18857000,
        "incomeBeforeTaxRatio": 0.1019148557,
        "incomeTaxExpense": 7166000,
        "netIncome": 11691000,
        "netIncomeRatio": 0.0631853729,
        "eps": 0.0229,
        "epsdiluted": 0.0229,
        "weightedAverageShsOut": 514396488,
        "weightedAverageShsOutDil": 517983447,
        "link": "https://www.sec.gov/Archives/edgar/data/84839/000008483902000013/0000084839-02-000013-index.htm",
        "finalLink": "https://www.sec.gov/Archives/edgar/data/84839/000008483902000013/edgar10q.txt"
    },
    {
        "date": "2002-03-31",
        "symbol": "ROL",
        "reportedCurrency": "USD",
        "cik": "0000084839",
        "fillingDate": "2002-05-14",
        "acceptedDate": "2002-05-14 12:32:41",
        "calendarYear": "2002",
        "period": "Q1",
        "revenue": 153815000,
        "costOfRevenue": 84022000,
        "grossProfit": 69280000,
        "grossProfitRatio": 0.4504112083,
        "researchAndDevelopmentExpenses": 0,
        "generalAndAdministrativeExpenses": 0,
        "sellingAndMarketingExpenses": 0,
        "sellingGeneralAndAdministrativeExpenses": 55837000,
        "otherExpenses": 13443000,
        "operatingExpenses": 69280000,
        "costAndExpenses": 153302000,
        "interestIncome": 0,
        "interestExpense": 49000,
        "depreciationAndAmortization": 5427000,
        "ebitda": 13443000,
        "ebitdaratio": 0.0873971979,
        "operatingIncome": 8016000,
        "operatingIncomeRatio": 0.0521145532,
        "totalOtherIncomeExpensesNet": -49000,
        "incomeBeforeTax": 7967000,
        "incomeBeforeTaxRatio": 0.0517959887,
        "incomeTaxExpense": 3027000,
        "netIncome": 4940000,
        "netIncomeRatio": 0.0321165036,
        "eps": 0.0094,
        "epsdiluted": 0.0094,
        "weightedAverageShsOut": 514287989,
        "weightedAverageShsOutDil": 517630176,
        "link": "https://www.sec.gov/Archives/edgar/data/84839/000008483902000009/0000084839-02-000009-index.htm",
        "finalLink": "https://www.sec.gov/Archives/edgar/data/84839/000008483902000009/edgar1q2002.txt"
    },
    {
        "date": "2001-12-31",
        "symbol": "ROL",
        "reportedCurrency": "USD",
        "cik": "0000084839",
        "fillingDate": "2002-03-20",
        "acceptedDate": "2002-03-20 00:00:00",
        "calendarYear": "2001",
        "period": "Q4",
        "revenue": 150158000,
        "costOfRevenue": 84211000,
        "grossProfit": 65947000,
        "grossProfitRatio": 0.4391840595,
        "researchAndDevelopmentExpenses": 0,
        "generalAndAdministrativeExpenses": 0,
        "sellingAndMarketingExpenses": 0,
        "sellingGeneralAndAdministrativeExpenses": 58281000,
        "otherExpenses": 7666000,
        "operatingExpenses": 65947000,
        "costAndExpenses": 150158000,
        "interestIncome": 0,
        "interestExpense": 0,
        "depreciationAndAmortization": 5259000,
        "ebitda": 7666000,
        "ebitdaratio": 0.051052891,
        "operatingIncome": 2407000,
        "operatingIncomeRatio": 0.016029782,
        "totalOtherIncomeExpensesNet": 198000,
        "incomeBeforeTax": 2605000,
        "incomeBeforeTaxRatio": 0.017348393,
        "incomeTaxExpense": 990000,
        "netIncome": 1615000,
        "netIncomeRatio": 0.0107553377,
        "eps": 0.0031,
        "epsdiluted": 0.0031,
        "weightedAverageShsOut": 513739617,
        "weightedAverageShsOutDil": 514802406,
        "link": "https://www.sec.gov/Archives/edgar/data/84839/000091205702010621/0000912057-02-010621-index.htm",
        "finalLink": "https://www.sec.gov/Archives/edgar/data/84839/000091205702010621/a2072459z10-k405.htm"
    },
    {
        "date": "2001-09-30",
        "symbol": "ROL",
        "reportedCurrency": "USD",
        "cik": "0000084839",
        "fillingDate": "2001-11-14",
        "acceptedDate": "2001-11-14 00:00:00",
        "calendarYear": "2001",
        "period": "Q3",
        "revenue": 169806000,
        "costOfRevenue": 95118000,
        "grossProfit": 74688000,
        "grossProfitRatio": 0.4398431151,
        "researchAndDevelopmentExpenses": 0,
        "generalAndAdministrativeExpenses": 0,
        "sellingAndMarketingExpenses": 0,
        "sellingGeneralAndAdministrativeExpenses": 62664000,
        "otherExpenses": 12024000,
        "operatingExpenses": 74688000,
        "costAndExpenses": 169806000,
        "interestIncome": 0,
        "interestExpense": 0,
        "depreciationAndAmortization": 5140000,
        "ebitda": 12024000,
        "ebitdaratio": 0.0708102187,
        "operatingIncome": 6884000,
        "operatingIncomeRatio": 0.0405403814,
        "totalOtherIncomeExpensesNet": 0,
        "incomeBeforeTax": 6884000,
        "incomeBeforeTaxRatio": 0.0405403814,
        "incomeTaxExpense": 2616000,
        "netIncome": 4268000,
        "netIncomeRatio": 0.0251345653,
        "eps": 0.0082,
        "epsdiluted": 0.0082,
        "weightedAverageShsOut": 515591469,
        "weightedAverageShsOutDil": 517936275,
        "link": "https://www.sec.gov/Archives/edgar/data/84839/000008483901500007/0000084839-01-500007-index.htm",
        "finalLink": "https://www.sec.gov/Archives/edgar/data/84839/000008483901500007/a3qtr10-q01a.txt"
    },
    {
        "date": "2001-06-30",
        "symbol": "ROL",
        "reportedCurrency": "USD",
        "cik": "0000084839",
        "fillingDate": "2001-08-14",
        "acceptedDate": "2001-08-14 00:00:00",
        "calendarYear": "2001",
        "period": "Q2",
        "revenue": 181349000,
        "costOfRevenue": 98720000,
        "grossProfit": 82629000,
        "grossProfitRatio": 0.4556352668,
        "researchAndDevelopmentExpenses": 0,
        "generalAndAdministrativeExpenses": 0,
        "sellingAndMarketingExpenses": 0,
        "sellingGeneralAndAdministrativeExpenses": 63308000,
        "otherExpenses": 19321000,
        "operatingExpenses": 82629000,
        "costAndExpenses": 181349000,
        "interestIncome": 0,
        "interestExpense": 0,
        "depreciationAndAmortization": 4744000,
        "ebitda": 19321000,
        "ebitdaratio": 0.1065404276,
        "operatingIncome": 14577000,
        "operatingIncomeRatio": 0.080380923,
        "totalOtherIncomeExpensesNet": 0,
        "incomeBeforeTax": 14577000,
        "incomeBeforeTaxRatio": 0.080380923,
        "incomeTaxExpense": 5539000,
        "netIncome": 9038000,
        "netIncomeRatio": 0.0498376059,
        "eps": 0.0176,
        "epsdiluted": 0.0174,
        "weightedAverageShsOut": 515639019,
        "weightedAverageShsOutDil": 518044121,
        "link": "https://www.sec.gov/Archives/edgar/data/84839/000008483901500005/0000084839-01-500005-index.htm",
        "finalLink": "https://www.sec.gov/Archives/edgar/data/84839/000008483901500005/a2qtr10-q01.txt"
    },
    {
        "date": "2001-03-31",
        "symbol": "ROL",
        "reportedCurrency": "USD",
        "cik": "0000084839",
        "fillingDate": "2001-05-14",
        "acceptedDate": "2001-05-14 00:00:00",
        "calendarYear": "2001",
        "period": "Q1",
        "revenue": 150973000,
        "costOfRevenue": 86274000,
        "grossProfit": 64699000,
        "grossProfitRatio": 0.4285468263,
        "researchAndDevelopmentExpenses": 0,
        "generalAndAdministrativeExpenses": 0,
        "sellingAndMarketingExpenses": 0,
        "sellingGeneralAndAdministrativeExpenses": 56338000,
        "otherExpenses": 8361000,
        "operatingExpenses": 64699000,
        "costAndExpenses": 150973000,
        "interestIncome": 0,
        "interestExpense": 0,
        "depreciationAndAmortization": 5149000,
        "ebitda": 8361000,
        "ebitdaratio": 0.0553807634,
        "operatingIncome": 3212000,
        "operatingIncomeRatio": 0.0212753274,
        "totalOtherIncomeExpensesNet": 48000,
        "incomeBeforeTax": 3260000,
        "incomeBeforeTaxRatio": 0.021593265,
        "incomeTaxExpense": 1239000,
        "netIncome": 2021000,
        "netIncomeRatio": 0.0133864996,
        "eps": 0.0041,
        "epsdiluted": 0.0041,
        "weightedAverageShsOut": 513671376,
        "weightedAverageShsOutDil": 516385261,
        "link": "https://www.sec.gov/Archives/edgar/data/84839/000091205701515270/0000912057-01-515270-index.htm",
        "finalLink": "https://www.sec.gov/Archives/edgar/data/84839/000091205701515270/a2049444z10-q.htm"
    },
    {
        "date": "2000-12-31",
        "symbol": "ROL",
        "reportedCurrency": "USD",
        "cik": "0000084839",
        "fillingDate": "2001-03-26",
        "acceptedDate": "2001-03-26 00:00:00",
        "calendarYear": "2000",
        "period": "Q4",
        "revenue": 147107000,
        "costOfRevenue": 88427000,
        "grossProfit": 58680000,
        "grossProfitRatio": 0.3988933225,
        "researchAndDevelopmentExpenses": 0,
        "generalAndAdministrativeExpenses": 0,
        "sellingAndMarketingExpenses": 0,
        "sellingGeneralAndAdministrativeExpenses": 56775000,
        "otherExpenses": 1905000,
        "operatingExpenses": 58680000,
        "costAndExpenses": 147107000,
        "interestIncome": 0,
        "interestExpense": 0,
        "depreciationAndAmortization": 4873000,
        "ebitda": 1905000,
        "ebitdaratio": 0.0129497577,
        "operatingIncome": -2968000,
        "operatingIncomeRatio": -0.0201757904,
        "totalOtherIncomeExpensesNet": 212000,
        "incomeBeforeTax": -2756000,
        "incomeBeforeTaxRatio": -0.0187346625,
        "incomeTaxExpense": -1047000,
        "netIncome": -1709000,
        "netIncomeRatio": -0.0116173941,
        "eps": -0.0033,
        "epsdiluted": -0.0033,
        "weightedAverageShsOut": 514442269,
        "weightedAverageShsOutDil": 514442269,
        "link": "https://www.sec.gov/Archives/edgar/data/84839/000091205701008182/0000912057-01-008182-index.htm",
        "finalLink": "https://www.sec.gov/Archives/edgar/data/84839/000091205701008182/a2040453z10-k405.txt"
    },
    {
        "date": "2000-09-30",
        "symbol": "ROL",
        "reportedCurrency": "USD",
        "cik": "0000084839",
        "fillingDate": "2000-11-13",
        "acceptedDate": "2000-11-13 00:00:00",
        "calendarYear": "2000",
        "period": "Q3",
        "revenue": 172373000,
        "costOfRevenue": 99949000,
        "grossProfit": 72424000,
        "grossProfitRatio": 0.4201586095,
        "researchAndDevelopmentExpenses": 0,
        "generalAndAdministrativeExpenses": 0,
        "sellingAndMarketingExpenses": 0,
        "sellingGeneralAndAdministrativeExpenses": 63950000,
        "otherExpenses": 8474000,
        "operatingExpenses": 72424000,
        "costAndExpenses": 172373000,
        "interestIncome": 0,
        "interestExpense": 0,
        "depreciationAndAmortization": 4677000,
        "ebitda": 8474000,
        "ebitdaratio": 0.0491608315,
        "operatingIncome": 3797000,
        "operatingIncomeRatio": 0.0220278118,
        "totalOtherIncomeExpensesNet": 14000,
        "incomeBeforeTax": 3811000,
        "incomeBeforeTaxRatio": 0.022109031,
        "incomeTaxExpense": 1448000,
        "netIncome": 2363000,
        "netIncomeRatio": 0.0137086435,
        "eps": 0.0047,
        "epsdiluted": 0.0046,
        "weightedAverageShsOut": 513196362,
        "weightedAverageShsOutDil": 513255206,
        "link": "https://www.sec.gov/Archives/edgar/data/84839/000091406200000396/0000914062-00-000396-index.htm",
        "finalLink": "https://www.sec.gov/Archives/edgar/data/84839/000091406200000396/0000914062-00-000396-0001.txt"
    },
    {
        "date": "2000-06-30",
        "symbol": "ROL",
        "reportedCurrency": "USD",
        "cik": "0000084839",
        "fillingDate": "2000-08-14",
        "acceptedDate": "2000-08-14 00:00:00",
        "calendarYear": "2000",
        "period": "Q2",
        "revenue": 180528000,
        "costOfRevenue": 99129000,
        "grossProfit": 81399000,
        "grossProfitRatio": 0.4508940441,
        "researchAndDevelopmentExpenses": 0,
        "generalAndAdministrativeExpenses": 0,
        "sellingAndMarketingExpenses": 0,
        "sellingGeneralAndAdministrativeExpenses": 63728000,
        "otherExpenses": 17671000,
        "operatingExpenses": 81399000,
        "costAndExpenses": 180528000,
        "interestIncome": 0,
        "interestExpense": 0,
        "depreciationAndAmortization": 4604000,
        "ebitda": 17671000,
        "ebitdaratio": 0.0978850926,
        "operatingIncome": 13067000,
        "operatingIncomeRatio": 0.0723821235,
        "totalOtherIncomeExpensesNet": 0,
        "incomeBeforeTax": 13067000,
        "incomeBeforeTaxRatio": 0.0723821235,
        "incomeTaxExpense": 4965000,
        "netIncome": 8102000,
        "netIncomeRatio": 0.0448794647,
        "eps": 0.0158,
        "epsdiluted": 0.0158,
        "weightedAverageShsOut": 512314601,
        "weightedAverageShsOutDil": 512325744,
        "link": "https://www.sec.gov/Archives/edgar/data/84839/000008483900000013/0000084839-00-000013-index.htm",
        "finalLink": "https://www.sec.gov/Archives/edgar/data/84839/000008483900000013/0000084839-00-000013-0001.txt"
    },
    {
        "date": "2000-03-31",
        "symbol": "ROL",
        "reportedCurrency": "USD",
        "cik": "0000084839",
        "fillingDate": "2000-05-12",
        "acceptedDate": "2000-05-12 00:00:00",
        "calendarYear": "2000",
        "period": "Q1",
        "revenue": 149550000,
        "costOfRevenue": 87003000,
        "grossProfit": 62547000,
        "grossProfitRatio": 0.4182347041,
        "researchAndDevelopmentExpenses": 0,
        "generalAndAdministrativeExpenses": 0,
        "sellingAndMarketingExpenses": 0,
        "sellingGeneralAndAdministrativeExpenses": 57028000,
        "otherExpenses": 5519000,
        "operatingExpenses": 62547000,
        "costAndExpenses": 149550000,
        "interestIncome": 0,
        "interestExpense": 0,
        "depreciationAndAmortization": 4267000,
        "ebitda": 5519000,
        "ebitdaratio": 0.0369040455,
        "operatingIncome": 1252000,
        "operatingIncomeRatio": 0.008371782,
        "totalOtherIncomeExpensesNet": 29000,
        "incomeBeforeTax": 1281000,
        "incomeBeforeTaxRatio": 0.0085656971,
        "incomeTaxExpense": 487000,
        "netIncome": 794000,
        "netIncomeRatio": 0.0053092611,
        "eps": 0.0018,
        "epsdiluted": 0.0016,
        "weightedAverageShsOut": 511452503,
        "weightedAverageShsOutDil": 511507349,
        "link": "https://www.sec.gov/Archives/edgar/data/84839/000008483900000010/0000084839-00-000010-index.html",
        "finalLink": "https://www.sec.gov/Archives/edgar/data/84839/000008483900000010/"
    },
    {
        "date": "1999-12-31",
        "symbol": "ROL",
        "reportedCurrency": "USD",
        "cik": "0000084839",
        "fillingDate": "2000-03-20",
        "acceptedDate": "2000-03-20 00:00:00",
        "calendarYear": "1999",
        "period": "Q4",
        "revenue": 140300000,
        "costOfRevenue": 85800000,
        "grossProfit": 54500000,
        "grossProfitRatio": 0.3884533143,
        "researchAndDevelopmentExpenses": 0,
        "generalAndAdministrativeExpenses": 0,
        "sellingAndMarketingExpenses": 0,
        "sellingGeneralAndAdministrativeExpenses": 54400000,
        "otherExpenses": 100000,
        "operatingExpenses": 54500000,
        "costAndExpenses": 140300000,
        "interestIncome": 0,
        "interestExpense": 0,
        "depreciationAndAmortization": 3800000,
        "ebitda": 100000,
        "ebitdaratio": 0.0007127584,
        "operatingIncome": -3700000,
        "operatingIncomeRatio": -0.0263720599,
        "totalOtherIncomeExpensesNet": 0,
        "incomeBeforeTax": -3700000,
        "incomeBeforeTaxRatio": -0.0263720599,
        "incomeTaxExpense": -1400000,
        "netIncome": -2300000,
        "netIncomeRatio": -0.0163934426,
        "eps": -0.0045,
        "epsdiluted": -0.0045,
        "weightedAverageShsOut": 511452503,
        "weightedAverageShsOutDil": 511452503,
        "link": "https://www.sec.gov/Archives/edgar/data/84839/000008483900000005/0000084839-00-000005-index.html",
        "finalLink": "https://www.sec.gov/Archives/edgar/data/84839/000008483900000005/"
    },
    {
        "date": "1999-09-30",
        "symbol": "ROL",
        "reportedCurrency": "USD",
        "cik": "0000084839",
        "fillingDate": "1999-11-15",
        "acceptedDate": "1999-11-15 00:00:00",
        "calendarYear": "1999",
        "period": "Q3",
        "revenue": 154100000,
        "costOfRevenue": 89200000,
        "grossProfit": 64900000,
        "grossProfitRatio": 0.4211550941,
        "researchAndDevelopmentExpenses": 0,
        "generalAndAdministrativeExpenses": 0,
        "sellingAndMarketingExpenses": 0,
        "sellingGeneralAndAdministrativeExpenses": 60100000,
        "otherExpenses": 4800000,
        "operatingExpenses": 64900000,
        "costAndExpenses": 154100000,
        "interestIncome": 0,
        "interestExpense": 0,
        "depreciationAndAmortization": 3400000,
        "ebitda": 4800000,
        "ebitdaratio": 0.0311486048,
        "operatingIncome": 1400000,
        "operatingIncomeRatio": 0.0090850097,
        "totalOtherIncomeExpensesNet": 900000,
        "incomeBeforeTax": 2300000,
        "incomeBeforeTaxRatio": 0.0149253731,
        "incomeTaxExpense": 900000,
        "netIncome": 1400000,
        "netIncomeRatio": 0.0090850097,
        "eps": 0.0029,
        "epsdiluted": 0.0029,
        "weightedAverageShsOut": 477690908,
        "weightedAverageShsOutDil": 477690908,
        "link": "https://www.sec.gov/Archives/edgar/data/84839/000008483999000007/0000084839-99-000007-index.html",
        "finalLink": "https://www.sec.gov/Archives/edgar/data/84839/000008483999000007/"
    },
    {
        "date": "1999-06-30",
        "symbol": "ROL",
        "reportedCurrency": "USD",
        "cik": "0000084839",
        "fillingDate": "1999-08-16",
        "acceptedDate": "1999-08-16 00:00:00",
        "calendarYear": "1999",
        "period": "Q2",
        "revenue": 162300000,
        "costOfRevenue": 89100000,
        "grossProfit": 73242000,
        "grossProfitRatio": 0.4512754159,
        "researchAndDevelopmentExpenses": 0,
        "generalAndAdministrativeExpenses": 0,
        "sellingAndMarketingExpenses": 0,
        "sellingGeneralAndAdministrativeExpenses": 58200000,
        "otherExpenses": 15042000,
        "operatingExpenses": 73242000,
        "costAndExpenses": 162342000,
        "interestIncome": 0,
        "interestExpense": 0,
        "depreciationAndAmortization": 3800000,
        "ebitda": 15042000,
        "ebitdaratio": 0.0926802218,
        "operatingIncome": 11242000,
        "operatingIncomeRatio": 0.0692667899,
        "totalOtherIncomeExpensesNet": 1058000,
        "incomeBeforeTax": 12300000,
        "incomeBeforeTaxRatio": 0.0757855823,
        "incomeTaxExpense": 4700000,
        "netIncome": 7600000,
        "netIncomeRatio": 0.0468268638,
        "eps": 0.0147,
        "epsdiluted": 0.0147,
        "weightedAverageShsOut": 518635843,
        "weightedAverageShsOutDil": 518635843,
        "link": "https://www.sec.gov/Archives/edgar/data/84839/000008483999000005/0000084839-99-000005-index.html",
        "finalLink": "https://www.sec.gov/Archives/edgar/data/84839/000008483999000005/"
    },
    {
        "date": "1999-03-31",
        "symbol": "ROL",
        "reportedCurrency": "USD",
        "cik": "0000084839",
        "fillingDate": "1999-05-14",
        "acceptedDate": "1999-05-14 00:00:00",
        "calendarYear": "1999",
        "period": "Q1",
        "revenue": 129900000,
        "costOfRevenue": 76900000,
        "grossProfit": 52986000,
        "grossProfitRatio": 0.4078983834,
        "researchAndDevelopmentExpenses": 0,
        "generalAndAdministrativeExpenses": 0,
        "sellingAndMarketingExpenses": 0,
        "sellingGeneralAndAdministrativeExpenses": 51000000,
        "otherExpenses": 1986000,
        "operatingExpenses": 52986000,
        "costAndExpenses": 129886000,
        "interestIncome": 0,
        "interestExpense": 0,
        "depreciationAndAmortization": 2400000,
        "ebitda": 1986000,
        "ebitdaratio": 0.0152886836,
        "operatingIncome": -414000,
        "operatingIncomeRatio": -0.003187067,
        "totalOtherIncomeExpensesNet": 1214000,
        "incomeBeforeTax": 800000,
        "incomeBeforeTaxRatio": 0.0061585835,
        "incomeTaxExpense": 300000,
        "netIncome": 500000,
        "netIncomeRatio": 0.0038491147,
        "eps": 0.0009,
        "epsdiluted": 0.0009,
        "weightedAverageShsOut": 528690583,
        "weightedAverageShsOutDil": 528690583,
        "link": "https://www.sec.gov/Archives/edgar/data/84839/000008483999000003/0000084839-99-000003-index.html",
        "finalLink": "https://www.sec.gov/Archives/edgar/data/84839/"
    },
    {
        "date": "1998-12-31",
        "symbol": "ROL",
        "reportedCurrency": "USD",
        "cik": "0000084839",
        "fillingDate": "1999-03-26",
        "acceptedDate": "1999-03-26 00:00:00",
        "calendarYear": "1998",
        "period": "Q4",
        "revenue": 126600000,
        "costOfRevenue": 78500000,
        "grossProfit": 48100000,
        "grossProfitRatio": 0.3799368088,
        "researchAndDevelopmentExpenses": 0,
        "generalAndAdministrativeExpenses": 0,
        "sellingAndMarketingExpenses": 0,
        "sellingGeneralAndAdministrativeExpenses": 52100000,
        "otherExpenses": -4000000,
        "operatingExpenses": 48100000,
        "costAndExpenses": 126600000,
        "interestIncome": 0,
        "interestExpense": 0,
        "depreciationAndAmortization": 2400000,
        "ebitda": -4000000,
        "ebitdaratio": -0.0315955766,
        "operatingIncome": -6400000,
        "operatingIncomeRatio": -0.0505529226,
        "totalOtherIncomeExpensesNet": 1800000,
        "incomeBeforeTax": -4600000,
        "incomeBeforeTaxRatio": -0.0363349131,
        "incomeTaxExpense": -1800000,
        "netIncome": 600000,
        "netIncomeRatio": 0.0047393365,
        "eps": 0.0011,
        "epsdiluted": 0.0011,
        "weightedAverageShsOut": 528690583,
        "weightedAverageShsOutDil": 528690583,
        "link": "https://www.sec.gov/Archives/edgar/data/84839/000104746999011738/0001047469-99-011738-index.html",
        "finalLink": "https://www.sec.gov/Archives/edgar/data/84839/"
    },
    {
        "date": "1998-09-30",
        "symbol": "ROL",
        "reportedCurrency": "USD",
        "cik": "0000084839",
        "fillingDate": "1998-11-12",
        "acceptedDate": "1998-11-12 00:00:00",
        "calendarYear": "1998",
        "period": "Q3",
        "revenue": 144500000,
        "costOfRevenue": 85600000,
        "grossProfit": 58900000,
        "grossProfitRatio": 0.4076124567,
        "researchAndDevelopmentExpenses": 0,
        "generalAndAdministrativeExpenses": 0,
        "sellingAndMarketingExpenses": 0,
        "sellingGeneralAndAdministrativeExpenses": 57500000,
        "otherExpenses": 1400000,
        "operatingExpenses": 58900000,
        "costAndExpenses": 144500000,
        "interestIncome": 0,
        "interestExpense": 0,
        "depreciationAndAmortization": 2200000,
        "ebitda": 1400000,
        "ebitdaratio": 0.0096885813,
        "operatingIncome": -800000,
        "operatingIncomeRatio": -0.0055363322,
        "totalOtherIncomeExpensesNet": 2200000,
        "incomeBeforeTax": 1400000,
        "incomeBeforeTaxRatio": 0.0096885813,
        "incomeTaxExpense": 500000,
        "netIncome": 900000,
        "netIncomeRatio": 0.0062283737,
        "eps": 0.0018,
        "epsdiluted": 0.0018,
        "weightedAverageShsOut": 511823186,
        "weightedAverageShsOutDil": 511823186,
        "link": "https://www.sec.gov/Archives/edgar/data/84839/000008483998000009/0000084839-98-000009-index.html",
        "finalLink": "https://www.sec.gov/Archives/edgar/data/84839/"
    },
    {
        "date": "1998-06-30",
        "symbol": "ROL",
        "reportedCurrency": "USD",
        "cik": "0000084839",
        "fillingDate": "1998-08-13",
        "acceptedDate": "1998-08-13 00:00:00",
        "calendarYear": "1998",
        "period": "Q2",
        "revenue": 155100000,
        "costOfRevenue": 86700000,
        "grossProfit": 68400000,
        "grossProfitRatio": 0.4410058027,
        "researchAndDevelopmentExpenses": 0,
        "generalAndAdministrativeExpenses": 0,
        "sellingAndMarketingExpenses": 0,
        "sellingGeneralAndAdministrativeExpenses": 57400000,
        "otherExpenses": 11000000,
        "operatingExpenses": 68400000,
        "costAndExpenses": 155100000,
        "interestIncome": 0,
        "interestExpense": 0,
        "depreciationAndAmortization": 2200000,
        "ebitda": 11000000,
        "ebitdaratio": 0.0709219858,
        "operatingIncome": 8800000,
        "operatingIncomeRatio": 0.0567375887,
        "totalOtherIncomeExpensesNet": 2300000,
        "incomeBeforeTax": 11100000,
        "incomeBeforeTaxRatio": 0.0715667311,
        "incomeTaxExpense": 4200000,
        "netIncome": 6900000,
        "netIncomeRatio": 0.0444874275,
        "eps": 0.0123,
        "epsdiluted": 0.0123,
        "weightedAverageShsOut": 560550260,
        "weightedAverageShsOutDil": 560550260,
        "link": "https://www.sec.gov/Archives/edgar/data/84839/000008483998000007/0000084839-98-000007-index.html",
        "finalLink": "https://www.sec.gov/Archives/edgar/data/84839/"
    },
    {
        "date": "1998-03-31",
        "symbol": "ROL",
        "reportedCurrency": "USD",
        "cik": "0000084839",
        "fillingDate": "1998-05-28",
        "acceptedDate": "1998-05-28 00:00:00",
        "calendarYear": "1998",
        "period": "Q1",
        "revenue": 123000000,
        "costOfRevenue": 76900000,
        "grossProfit": 46100000,
        "grossProfitRatio": 0.374796748,
        "researchAndDevelopmentExpenses": 0,
        "generalAndAdministrativeExpenses": 0,
        "sellingAndMarketingExpenses": 0,
        "sellingGeneralAndAdministrativeExpenses": 49400000,
        "otherExpenses": -3300000,
        "operatingExpenses": 46100000,
        "costAndExpenses": 123000000,
        "interestIncome": 0,
        "interestExpense": 0,
        "depreciationAndAmortization": 2100000,
        "ebitda": -3300000,
        "ebitdaratio": -0.0268292683,
        "operatingIncome": -5400000,
        "operatingIncomeRatio": -0.043902439,
        "totalOtherIncomeExpensesNet": 2500000,
        "incomeBeforeTax": -2900000,
        "incomeBeforeTaxRatio": -0.0235772358,
        "incomeTaxExpense": -1100000,
        "netIncome": -1800000,
        "netIncomeRatio": -0.0146341463,
        "eps": -0.0029,
        "epsdiluted": -0.0029,
        "weightedAverageShsOut": 614174024,
        "weightedAverageShsOutDil": 614174024,
        "link": "https://www.sec.gov/Archives/edgar/data/84839/000008483998000005/0000084839-98-000005-index.html",
        "finalLink": "https://www.sec.gov/Archives/edgar/data/84839/"
    },
    {
        "date": "1997-12-31",
        "symbol": "ROL",
        "reportedCurrency": "USD",
        "cik": "0000084839",
        "fillingDate": "1998-03-25",
        "acceptedDate": "1998-03-25 00:00:00",
        "calendarYear": "1997",
        "period": "Q4",
        "revenue": 99100000,
        "costOfRevenue": 99800000,
        "grossProfit": -700000,
        "grossProfitRatio": -0.0070635721,
        "researchAndDevelopmentExpenses": 0,
        "generalAndAdministrativeExpenses": 0,
        "sellingAndMarketingExpenses": 0,
        "sellingGeneralAndAdministrativeExpenses": 66800000,
        "otherExpenses": -67500000,
        "operatingExpenses": -700000,
        "costAndExpenses": 99100000,
        "interestIncome": 0,
        "interestExpense": 120900000,
        "depreciationAndAmortization": 1300000,
        "ebitda": -67500000,
        "ebitdaratio": -0.6811301715,
        "operatingIncome": -68800000,
        "operatingIncomeRatio": -0.6942482341,
        "totalOtherIncomeExpensesNet": -113000000,
        "incomeBeforeTax": -181800000,
        "incomeBeforeTaxRatio": -1.8345105954,
        "incomeTaxExpense": -69100000,
        "netIncome": -7600000,
        "netIncomeRatio": -0.0766902119,
        "eps": -0.0124,
        "epsdiluted": -0.0124,
        "weightedAverageShsOut": 614174024,
        "weightedAverageShsOutDil": 614174024,
        "link": "https://www.sec.gov/Archives/edgar/data/84839/000104746998011462/0001047469-98-011462-index.html",
        "finalLink": "https://www.sec.gov/Archives/edgar/data/84839/"
    },
    {
        "date": "1997-09-30",
        "symbol": "ROL",
        "reportedCurrency": "USD",
        "cik": "0000084839",
        "fillingDate": "1997-11-12",
        "acceptedDate": "1997-11-12 00:00:00",
        "calendarYear": "1997",
        "period": "Q3",
        "revenue": 142400000,
        "costOfRevenue": 88700000,
        "grossProfit": 51600000,
        "grossProfitRatio": 0.3623595506,
        "researchAndDevelopmentExpenses": 0,
        "generalAndAdministrativeExpenses": 0,
        "sellingAndMarketingExpenses": 0,
        "sellingGeneralAndAdministrativeExpenses": 69900000,
        "otherExpenses": -18300000,
        "operatingExpenses": 51600000,
        "costAndExpenses": 140300000,
        "interestIncome": 0,
        "interestExpense": 0,
        "depreciationAndAmortization": 1500000,
        "ebitda": -18300000,
        "ebitdaratio": -0.128511236,
        "operatingIncome": -20600000,
        "operatingIncomeRatio": -0.1446629213,
        "totalOtherIncomeExpensesNet": 1400000,
        "incomeBeforeTax": -19200000,
        "incomeBeforeTaxRatio": -0.1348314607,
        "incomeTaxExpense": -7300000,
        "netIncome": -2400000,
        "netIncomeRatio": -0.0168539326,
        "eps": -0.0039,
        "epsdiluted": -0.0039,
        "weightedAverageShsOut": 584922010,
        "weightedAverageShsOutDil": 584922010,
        "link": "https://www.sec.gov/Archives/edgar/data/84839/000008483997000007/0000084839-97-000007-index.html",
        "finalLink": "https://www.sec.gov/Archives/edgar/data/84839/"
    },
    {
        "date": "1997-06-30",
        "symbol": "ROL",
        "reportedCurrency": "USD",
        "cik": "0000084839",
        "fillingDate": "1997-08-14",
        "acceptedDate": "1997-08-14 00:00:00",
        "calendarYear": "1997",
        "period": "Q2",
        "revenue": 177800000,
        "costOfRevenue": 102100000,
        "grossProfit": 75700000,
        "grossProfitRatio": 0.4257592801,
        "researchAndDevelopmentExpenses": 0,
        "generalAndAdministrativeExpenses": 0,
        "sellingAndMarketingExpenses": 0,
        "sellingGeneralAndAdministrativeExpenses": 64300000,
        "otherExpenses": 11400000,
        "operatingExpenses": 75700000,
        "costAndExpenses": 177800000,
        "interestIncome": 0,
        "interestExpense": 0,
        "depreciationAndAmortization": 2800000,
        "ebitda": 11800000,
        "ebitdaratio": 0.0663667042,
        "operatingIncome": 9000000,
        "operatingIncomeRatio": 0.0506186727,
        "totalOtherIncomeExpensesNet": 1200000,
        "incomeBeforeTax": 10200000,
        "incomeBeforeTaxRatio": 0.057367829,
        "incomeTaxExpense": 3900000,
        "netIncome": 6300000,
        "netIncomeRatio": 0.0354330709,
        "eps": 0.0111,
        "epsdiluted": 0.0111,
        "weightedAverageShsOut": 565682588,
        "weightedAverageShsOutDil": 565682588,
        "link": "https://www.sec.gov/Archives/edgar/data/84839/000008483997000004/0000084839-97-000004-index.html",
        "finalLink": "https://www.sec.gov/Archives/edgar/data/84839/"
    },
    {
        "date": "1997-03-31",
        "symbol": "ROL",
        "reportedCurrency": "USD",
        "cik": "0000084839",
        "fillingDate": "1997-05-14",
        "acceptedDate": "1997-05-14 00:00:00",
        "calendarYear": "1997",
        "period": "Q1",
        "revenue": 150400000,
        "costOfRevenue": 72300000,
        "grossProfit": 54700000,
        "grossProfitRatio": 0.3636968085,
        "researchAndDevelopmentExpenses": 0,
        "generalAndAdministrativeExpenses": 0,
        "sellingAndMarketingExpenses": 0,
        "sellingGeneralAndAdministrativeExpenses": 45700000,
        "otherExpenses": 9000000,
        "operatingExpenses": 54700000,
        "costAndExpenses": 127000000,
        "interestIncome": 0,
        "interestExpense": 0,
        "depreciationAndAmortization": 1900000,
        "ebitda": 9000000,
        "ebitdaratio": 0.0598404255,
        "operatingIncome": 7100000,
        "operatingIncomeRatio": 0.0472074468,
        "totalOtherIncomeExpensesNet": 1100000,
        "incomeBeforeTax": 8200000,
        "incomeBeforeTaxRatio": 0.0545212766,
        "incomeTaxExpense": 3100000,
        "netIncome": 5100000,
        "netIncomeRatio": 0.0339095745,
        "eps": 0.0088,
        "epsdiluted": 0.0088,
        "weightedAverageShsOut": 580053245,
        "weightedAverageShsOutDil": 580053245,
        "link": "https://www.sec.gov/Archives/edgar/data/84839/000008483997000002/0000084839-97-000002-index.html",
        "finalLink": "https://www.sec.gov/Archives/edgar/data/84839/"
    },
    {
        "date": "1996-12-31",
        "symbol": "ROL",
        "reportedCurrency": "USD",
        "cik": "0000084839",
        "fillingDate": "1997-03-28",
        "acceptedDate": "1997-03-28 00:00:00",
        "calendarYear": "1996",
        "period": "Q4",
        "revenue": 144500000,
        "costOfRevenue": 90500000,
        "grossProfit": 54000000,
        "grossProfitRatio": 0.3737024221,
        "researchAndDevelopmentExpenses": 0,
        "generalAndAdministrativeExpenses": 0,
        "sellingAndMarketingExpenses": 0,
        "sellingGeneralAndAdministrativeExpenses": 52800000,
        "otherExpenses": 1200000,
        "operatingExpenses": 54000000,
        "costAndExpenses": 144500000,
        "interestIncome": 0,
        "interestExpense": 0,
        "depreciationAndAmortization": 2500000,
        "ebitda": 1200000,
        "ebitdaratio": 0.0083044983,
        "operatingIncome": -1300000,
        "operatingIncomeRatio": -0.0089965398,
        "totalOtherIncomeExpensesNet": 1800000,
        "incomeBeforeTax": 500000,
        "incomeBeforeTaxRatio": 0.0034602076,
        "incomeTaxExpense": 200000,
        "netIncome": 300000,
        "netIncomeRatio": 0.0020761246,
        "eps": 0.0005,
        "epsdiluted": 0.0005,
        "weightedAverageShsOut": 580053245,
        "weightedAverageShsOutDil": 580053245,
        "link": "https://www.sec.gov/Archives/edgar/data/84839/000091205797010742/0000912057-97-010742-index.html",
        "finalLink": "https://www.sec.gov/Archives/edgar/data/84839/"
    },
    {
        "date": "1996-09-30",
        "symbol": "ROL",
        "reportedCurrency": "USD",
        "cik": "0000084839",
        "fillingDate": "1996-11-12",
        "acceptedDate": "1996-11-12 00:00:00",
        "calendarYear": "1996",
        "period": "Q3",
        "revenue": 162500000,
        "costOfRevenue": 94700000,
        "grossProfit": 67800000,
        "grossProfitRatio": 0.4172307692,
        "researchAndDevelopmentExpenses": 0,
        "generalAndAdministrativeExpenses": 0,
        "sellingAndMarketingExpenses": 0,
        "sellingGeneralAndAdministrativeExpenses": 61600000,
        "otherExpenses": 6200000,
        "operatingExpenses": 67800000,
        "costAndExpenses": 162500000,
        "interestIncome": 0,
        "interestExpense": 0,
        "depreciationAndAmortization": 2300000,
        "ebitda": 6200000,
        "ebitdaratio": 0.0381538462,
        "operatingIncome": 3900000,
        "operatingIncomeRatio": 0.024,
        "totalOtherIncomeExpensesNet": 1400000,
        "incomeBeforeTax": 5300000,
        "incomeBeforeTaxRatio": 0.0326153846,
        "incomeTaxExpense": 2000000,
        "netIncome": 3300000,
        "netIncomeRatio": 0.0203076923,
        "eps": 0.0053,
        "epsdiluted": 0.0053,
        "weightedAverageShsOut": 625538248,
        "weightedAverageShsOutDil": 625538248,
        "link": "https://www.sec.gov/Archives/edgar/data/84839/000008483996000010/0000084839-96-000010-index.html",
        "finalLink": "https://www.sec.gov/Archives/edgar/data/84839/"
    },
    {
        "date": "1996-06-30",
        "symbol": "ROL",
        "reportedCurrency": "USD",
        "cik": "0000084839",
        "fillingDate": "1996-08-12",
        "acceptedDate": "1996-08-12 00:00:00",
        "calendarYear": "1996",
        "period": "Q2",
        "revenue": 177800000,
        "costOfRevenue": 94200000,
        "grossProfit": 83600000,
        "grossProfitRatio": 0.4701912261,
        "researchAndDevelopmentExpenses": 0,
        "generalAndAdministrativeExpenses": 0,
        "sellingAndMarketingExpenses": 0,
        "sellingGeneralAndAdministrativeExpenses": 62400000,
        "otherExpenses": 21200000,
        "operatingExpenses": 83600000,
        "costAndExpenses": 177800000,
        "interestIncome": 0,
        "interestExpense": 0,
        "depreciationAndAmortization": 2000000,
        "ebitda": 21200000,
        "ebitdaratio": 0.1192350956,
        "operatingIncome": 19200000,
        "operatingIncomeRatio": 0.1079865017,
        "totalOtherIncomeExpensesNet": 1500000,
        "incomeBeforeTax": 20700000,
        "incomeBeforeTaxRatio": 0.1164229471,
        "incomeTaxExpense": 7900000,
        "netIncome": 12800000,
        "netIncomeRatio": 0.0719910011,
        "eps": 0.0211,
        "epsdiluted": 0.0211,
        "weightedAverageShsOut": 606588222,
        "weightedAverageShsOutDil": 606588222,
        "link": "https://www.sec.gov/Archives/edgar/data/84839/000008483996000007/0000084839-96-000007-index.html",
        "finalLink": "https://www.sec.gov/Archives/edgar/data/84839/"
    },
    {
        "date": "1996-03-31",
        "symbol": "ROL",
        "reportedCurrency": "USD",
        "cik": "0000084839",
        "fillingDate": "1996-05-13",
        "acceptedDate": "1996-05-13 00:00:00",
        "calendarYear": "1996",
        "period": "Q1",
        "revenue": 142500000,
        "costOfRevenue": 79400000,
        "grossProfit": 63100000,
        "grossProfitRatio": 0.4428070175,
        "researchAndDevelopmentExpenses": 0,
        "generalAndAdministrativeExpenses": 0,
        "sellingAndMarketingExpenses": 0,
        "sellingGeneralAndAdministrativeExpenses": 52300000,
        "otherExpenses": 10800000,
        "operatingExpenses": 63100000,
        "costAndExpenses": 142500000,
        "interestIncome": 0,
        "interestExpense": 0,
        "depreciationAndAmortization": 1800000,
        "ebitda": 10800000,
        "ebitdaratio": 0.0757894737,
        "operatingIncome": 9000000,
        "operatingIncomeRatio": 0.0631578947,
        "totalOtherIncomeExpensesNet": 1300000,
        "incomeBeforeTax": 10300000,
        "incomeBeforeTaxRatio": 0.0722807018,
        "incomeTaxExpense": 3900000,
        "netIncome": 6400000,
        "netIncomeRatio": 0.0449122807,
        "eps": 0.0106,
        "epsdiluted": 0.0106,
        "weightedAverageShsOut": 606593900,
        "weightedAverageShsOutDil": 606593900,
        "link": "https://www.sec.gov/Archives/edgar/data/84839/000008483996000004/0000084839-96-000004-index.html",
        "finalLink": "https://www.sec.gov/Archives/edgar/data/84839/"
    },
    {
        "date": "1995-12-31",
        "symbol": "ROL",
        "reportedCurrency": "USD",
        "cik": "0000084839",
        "fillingDate": "1996-03-27",
        "acceptedDate": "1996-03-27 00:00:00",
        "calendarYear": "1995",
        "period": "Q4",
        "revenue": 140100000,
        "costOfRevenue": 77600000,
        "grossProfit": 62500000,
        "grossProfitRatio": 0.4461099215,
        "researchAndDevelopmentExpenses": 0,
        "generalAndAdministrativeExpenses": 0,
        "sellingAndMarketingExpenses": 0,
        "sellingGeneralAndAdministrativeExpenses": 50500000,
        "otherExpenses": 12000000,
        "operatingExpenses": 62500000,
        "costAndExpenses": 140100000,
        "interestIncome": 0,
        "interestExpense": 0,
        "depreciationAndAmortization": 2200000,
        "ebitda": 12000000,
        "ebitdaratio": 0.0856531049,
        "operatingIncome": 9800000,
        "operatingIncomeRatio": 0.0699500357,
        "totalOtherIncomeExpensesNet": 1400000,
        "incomeBeforeTax": 11200000,
        "incomeBeforeTaxRatio": 0.0799428979,
        "incomeTaxExpense": 4300000,
        "netIncome": 6900000,
        "netIncomeRatio": 0.0492505353,
        "eps": 0.0114,
        "epsdiluted": 0.0114,
        "weightedAverageShsOut": 595562120,
        "weightedAverageShsOutDil": 606593900,
        "link": "https://www.sec.gov/Archives/edgar/data/84839/000091205796005250/0000912057-96-005250-index.html",
        "finalLink": "https://www.sec.gov/Archives/edgar/data/84839/"
    },
    {
        "date": "1995-09-30",
        "symbol": "ROL",
        "reportedCurrency": "USD",
        "cik": "0000084839",
        "fillingDate": "1995-11-08",
        "acceptedDate": "1995-11-08 00:00:00",
        "calendarYear": "1995",
        "period": "Q3",
        "revenue": 162300000,
        "costOfRevenue": 88200000,
        "grossProfit": 74100000,
        "grossProfitRatio": 0.4565619224,
        "researchAndDevelopmentExpenses": 0,
        "generalAndAdministrativeExpenses": 0,
        "sellingAndMarketingExpenses": 0,
        "sellingGeneralAndAdministrativeExpenses": 56000000,
        "otherExpenses": 18100000,
        "operatingExpenses": 74100000,
        "costAndExpenses": 162300000,
        "interestIncome": 0,
        "interestExpense": 21100000,
        "depreciationAndAmortization": 2100000,
        "ebitda": 18200000,
        "ebitdaratio": 0.112138016,
        "operatingIncome": 16100000,
        "operatingIncomeRatio": 0.0991990142,
        "totalOtherIncomeExpensesNet": -10500000,
        "incomeBeforeTax": 5600000,
        "incomeBeforeTaxRatio": 0.0345040049,
        "incomeTaxExpense": 2100000,
        "netIncome": 3500000,
        "netIncomeRatio": 0.0215650031,
        "eps": 0.0053,
        "epsdiluted": 0.0053,
        "weightedAverageShsOut": 663449657,
        "weightedAverageShsOutDil": 663449657,
        "link": "https://www.sec.gov/Archives/edgar/data/84839/000091205795009466/0000912057-95-009466-index.html",
        "finalLink": "https://www.sec.gov/Archives/edgar/data/84839/"
    },
    {
        "date": "1995-06-30",
        "symbol": "ROL",
        "reportedCurrency": "USD",
        "cik": "0000084839",
        "fillingDate": "1995-08-11",
        "acceptedDate": "1995-08-11 00:00:00",
        "calendarYear": "1995",
        "period": "Q2",
        "revenue": 175400000,
        "costOfRevenue": 86900000,
        "grossProfit": 88500000,
        "grossProfitRatio": 0.5045610034,
        "researchAndDevelopmentExpenses": 0,
        "generalAndAdministrativeExpenses": 0,
        "sellingAndMarketingExpenses": 0,
        "sellingGeneralAndAdministrativeExpenses": 53800000,
        "otherExpenses": 34700000,
        "operatingExpenses": 88500000,
        "costAndExpenses": 175400000,
        "interestIncome": 0,
        "interestExpense": 0,
        "depreciationAndAmortization": 1900000,
        "ebitda": 34700000,
        "ebitdaratio": 0.1978335234,
        "operatingIncome": 32800000,
        "operatingIncomeRatio": 0.1870011403,
        "totalOtherIncomeExpensesNet": 1200000,
        "incomeBeforeTax": 34000000,
        "incomeBeforeTaxRatio": 0.1938426454,
        "incomeTaxExpense": 12900000,
        "netIncome": 21100000,
        "netIncomeRatio": 0.1202964652,
        "eps": 0.0346,
        "epsdiluted": 0.0346,
        "weightedAverageShsOut": 610124402,
        "weightedAverageShsOutDil": 610124402,
        "link": "https://www.sec.gov/Archives/edgar/data/84839/000091205795006272/0000912057-95-006272-index.html",
        "finalLink": "https://www.sec.gov/Archives/edgar/data/84839/"
    },
    {
        "date": "1995-03-31",
        "symbol": "ROL",
        "reportedCurrency": "USD",
        "cik": "0000084839",
        "fillingDate": "1995-05-12",
        "acceptedDate": "1995-05-12 00:00:00",
        "calendarYear": "1995",
        "period": "Q1",
        "revenue": 142700000,
        "costOfRevenue": 73200000,
        "grossProfit": 69500000,
        "grossProfitRatio": 0.4870357393,
        "researchAndDevelopmentExpenses": 0,
        "generalAndAdministrativeExpenses": 0,
        "sellingAndMarketingExpenses": 0,
        "sellingGeneralAndAdministrativeExpenses": 55900000,
        "otherExpenses": 13600000,
        "operatingExpenses": 69500000,
        "costAndExpenses": 142700000,
        "interestIncome": 0,
        "interestExpense": 0,
        "depreciationAndAmortization": 1800000,
        "ebitda": 13600000,
        "ebitdaratio": 0.0953048353,
        "operatingIncome": 11800000,
        "operatingIncomeRatio": 0.0826909601,
        "totalOtherIncomeExpensesNet": 700000,
        "incomeBeforeTax": 12500000,
        "incomeBeforeTaxRatio": 0.087596356,
        "incomeTaxExpense": 4700000,
        "netIncome": 7800000,
        "netIncomeRatio": 0.0546601261,
        "eps": 0.0129,
        "epsdiluted": 0.0129,
        "weightedAverageShsOut": 604866504,
        "weightedAverageShsOutDil": 604866504,
        "link": "https://www.sec.gov/Archives/edgar/data/84839/000091205795003607/0000912057-95-003607-index.html",
        "finalLink": "https://www.sec.gov/Archives/edgar/data/84839/"
    },
    {
        "date": "1994-12-31",
        "symbol": "ROL",
        "reportedCurrency": "USD",
        "cik": "0000084839",
        "fillingDate": "1995-03-28",
        "acceptedDate": "1995-03-28 00:00:00",
        "calendarYear": "1994",
        "period": "Q4",
        "revenue": 139000000,
        "costOfRevenue": 75200000,
        "grossProfit": 63800000,
        "grossProfitRatio": 0.4589928058,
        "researchAndDevelopmentExpenses": 0,
        "generalAndAdministrativeExpenses": 0,
        "sellingAndMarketingExpenses": 0,
        "sellingGeneralAndAdministrativeExpenses": 48900000,
        "otherExpenses": 14900000,
        "operatingExpenses": 63800000,
        "costAndExpenses": 139000000,
        "interestIncome": 0,
        "interestExpense": 0,
        "depreciationAndAmortization": 2200000,
        "ebitda": 14900000,
        "ebitdaratio": 0.1071942446,
        "operatingIncome": 12700000,
        "operatingIncomeRatio": 0.0913669065,
        "totalOtherIncomeExpensesNet": 1300000,
        "incomeBeforeTax": 14000000,
        "incomeBeforeTaxRatio": 0.1007194245,
        "incomeTaxExpense": 5400000,
        "netIncome": 8600000,
        "netIncomeRatio": 0.0618705036,
        "eps": 0.0142,
        "epsdiluted": 0.0142,
        "weightedAverageShsOut": 603931870,
        "weightedAverageShsOutDil": 604866504,
        "link": "https://www.sec.gov/Archives/edgar/data/84839/000091205795001795/0000912057-95-001795-index.html",
        "finalLink": "https://www.sec.gov/Archives/edgar/data/84839/"
    },
    {
        "date": "1994-09-30",
        "symbol": "ROL",
        "reportedCurrency": "USD",
        "cik": "0000084839",
        "fillingDate": "1994-11-14",
        "acceptedDate": "1994-11-14 00:00:00",
        "calendarYear": "1994",
        "period": "Q3",
        "revenue": 158000000,
        "costOfRevenue": 82300000,
        "grossProfit": 75700000,
        "grossProfitRatio": 0.4791139241,
        "researchAndDevelopmentExpenses": 0,
        "generalAndAdministrativeExpenses": 0,
        "sellingAndMarketingExpenses": 0,
        "sellingGeneralAndAdministrativeExpenses": 53500000,
        "otherExpenses": 22200000,
        "operatingExpenses": 75700000,
        "costAndExpenses": 158000000,
        "interestIncome": 0,
        "interestExpense": 0,
        "depreciationAndAmortization": 1900000,
        "ebitda": 22200000,
        "ebitdaratio": 0.1405063291,
        "operatingIncome": 20300000,
        "operatingIncomeRatio": 0.1284810127,
        "totalOtherIncomeExpensesNet": 800000,
        "incomeBeforeTax": 21100000,
        "incomeBeforeTaxRatio": 0.1335443038,
        "incomeTaxExpense": 8100000,
        "netIncome": 13000000,
        "netIncomeRatio": 0.082278481,
        "eps": 0.0211,
        "epsdiluted": 0.0211,
        "weightedAverageShsOut": 616066163,
        "weightedAverageShsOutDil": 616066163,
        "link": "https://www.sec.gov/Archives/edgar/data/84839/000095016894000363/0000950168-94-000363-index.html",
        "finalLink": "https://www.sec.gov/Archives/edgar/data/84839/"
    },
    {
        "date": "1994-06-30",
        "symbol": "ROL",
        "reportedCurrency": "USD",
        "cik": "0000084839",
        "fillingDate": "1994-08-11",
        "acceptedDate": "1994-08-11 00:00:00",
        "calendarYear": "1994",
        "period": "Q2",
        "revenue": 171900000,
        "costOfRevenue": 83700000,
        "grossProfit": 88200000,
        "grossProfitRatio": 0.5130890052,
        "researchAndDevelopmentExpenses": 0,
        "generalAndAdministrativeExpenses": 0,
        "sellingAndMarketingExpenses": 0,
        "sellingGeneralAndAdministrativeExpenses": 52300000,
        "otherExpenses": 35900000,
        "operatingExpenses": 88200000,
        "costAndExpenses": 171900000,
        "interestIncome": 0,
        "interestExpense": 0,
        "depreciationAndAmortization": 2000000,
        "ebitda": 35900000,
        "ebitdaratio": 0.2088423502,
        "operatingIncome": 33900000,
        "operatingIncomeRatio": 0.1972076789,
        "totalOtherIncomeExpensesNet": 400000,
        "incomeBeforeTax": 34300000,
        "incomeBeforeTaxRatio": 0.1995346131,
        "incomeTaxExpense": 13200000,
        "netIncome": 21100000,
        "netIncomeRatio": 0.1227457824,
        "eps": 0.0346,
        "epsdiluted": 0.0346,
        "weightedAverageShsOut": 610124402,
        "weightedAverageShsOutDil": 610124402,
        "link": "https://www.sec.gov/Archives/edgar/data/84839/000095016894000268/0000950168-94-000268-index.html",
        "finalLink": "https://www.sec.gov/Archives/edgar/data/84839/"
    },
    {
        "date": "1994-03-31",
        "symbol": "ROL",
        "reportedCurrency": "USD",
        "cik": "0000084839",
        "fillingDate": "1994-05-12",
        "acceptedDate": "1994-05-12 00:00:00",
        "calendarYear": "1994",
        "period": "Q1",
        "revenue": 136400000,
        "costOfRevenue": 70200000,
        "grossProfit": 66200000,
        "grossProfitRatio": 0.4853372434,
        "researchAndDevelopmentExpenses": 0,
        "generalAndAdministrativeExpenses": 0,
        "sellingAndMarketingExpenses": 0,
        "sellingGeneralAndAdministrativeExpenses": 53600000,
        "otherExpenses": 12600000,
        "operatingExpenses": 66200000,
        "costAndExpenses": 136400000,
        "interestIncome": 0,
        "interestExpense": 0,
        "depreciationAndAmortization": 2000000,
        "ebitda": 12600000,
        "ebitdaratio": 0.0923753666,
        "operatingIncome": 10600000,
        "operatingIncomeRatio": 0.07771261,
        "totalOtherIncomeExpensesNet": 600000,
        "incomeBeforeTax": 11200000,
        "incomeBeforeTaxRatio": 0.082111437,
        "incomeTaxExpense": 4300000,
        "netIncome": 6900000,
        "netIncomeRatio": 0.0505865103,
        "eps": 0.0111,
        "epsdiluted": 0.0111,
        "weightedAverageShsOut": 619557120,
        "weightedAverageShsOutDil": 619557120,
        "link": "https://www.sec.gov/Archives/edgar/data/84839/000095016894000180/0000950168-94-000180-index.html",
        "finalLink": "https://www.sec.gov/Archives/edgar/data/84839/"
    },
    {
        "date": "1993-12-31",
        "symbol": "ROL",
        "reportedCurrency": "USD",
        "cik": "0000084839",
        "fillingDate": "1994-03-28",
        "acceptedDate": "1994-03-28 00:00:00",
        "calendarYear": "1993",
        "period": "Q4",
        "revenue": 133400000,
        "costOfRevenue": 69900000,
        "grossProfit": 63500000,
        "grossProfitRatio": 0.476011994,
        "researchAndDevelopmentExpenses": 0,
        "generalAndAdministrativeExpenses": 0,
        "sellingAndMarketingExpenses": 0,
        "sellingGeneralAndAdministrativeExpenses": 49200000,
        "otherExpenses": 14300000,
        "operatingExpenses": 63500000,
        "costAndExpenses": 133400000,
        "interestIncome": 0,
        "interestExpense": 0,
        "depreciationAndAmortization": 2200000,
        "ebitda": 14300000,
        "ebitdaratio": 0.1071964018,
        "operatingIncome": 12100000,
        "operatingIncomeRatio": 0.0907046477,
        "totalOtherIncomeExpensesNet": 800000,
        "incomeBeforeTax": 12900000,
        "incomeBeforeTaxRatio": 0.0967016492,
        "incomeTaxExpense": 5000000,
        "netIncome": 7900000,
        "netIncomeRatio": 0.0592203898,
        "eps": 0.0131,
        "epsdiluted": 0.0131,
        "weightedAverageShsOut": 604869593,
        "weightedAverageShsOutDil": 604869593,
        "link": "https://www.sec.gov/Archives/edgar/data/84839/000095016894000091/0000950168-94-000091-index.html",
        "finalLink": "https://www.sec.gov/Archives/edgar/data/84839/"
    },
    {
        "date": "1993-09-30",
        "symbol": "ROL",
        "reportedCurrency": "USD",
        "cik": "0000084839",
        "fillingDate": "1993-09-30",
        "acceptedDate": "1993-09-30 00:00:00",
        "calendarYear": "1993",
        "period": "Q3",
        "revenue": 151800000,
        "costOfRevenue": 77100000,
        "grossProfit": 74700000,
        "grossProfitRatio": 0.4920948617,
        "researchAndDevelopmentExpenses": 0,
        "generalAndAdministrativeExpenses": 0,
        "sellingAndMarketingExpenses": 0,
        "sellingGeneralAndAdministrativeExpenses": 53700000,
        "otherExpenses": 21000000,
        "operatingExpenses": 74700000,
        "costAndExpenses": 151800000,
        "interestIncome": 0,
        "interestExpense": 0,
        "depreciationAndAmortization": 2200000,
        "ebitda": 21000000,
        "ebitdaratio": 0.1383399209,
        "operatingIncome": 18800000,
        "operatingIncomeRatio": 0.1238471673,
        "totalOtherIncomeExpensesNet": 700000,
        "incomeBeforeTax": 19500000,
        "incomeBeforeTaxRatio": 0.128458498,
        "incomeTaxExpense": 7800000,
        "netIncome": 11700000,
        "netIncomeRatio": 0.0770750988,
        "eps": 0.0193,
        "epsdiluted": 0.0193,
        "weightedAverageShsOut": 604869593,
        "weightedAverageShsOutDil": 604869593,
        "link": null,
        "finalLink": null
    },
    {
        "date": "1993-06-30",
        "symbol": "ROL",
        "reportedCurrency": "USD",
        "cik": "0000084839",
        "fillingDate": "1993-06-30",
        "acceptedDate": "1993-06-30 00:00:00",
        "calendarYear": "1993",
        "period": "Q2",
        "revenue": 163200000,
        "costOfRevenue": 80900000,
        "grossProfit": 82300000,
        "grossProfitRatio": 0.5042892157,
        "researchAndDevelopmentExpenses": 0,
        "generalAndAdministrativeExpenses": 0,
        "sellingAndMarketingExpenses": 0,
        "sellingGeneralAndAdministrativeExpenses": 49900000,
        "otherExpenses": 32400000,
        "operatingExpenses": 82300000,
        "costAndExpenses": 163200000,
        "interestIncome": 0,
        "interestExpense": 0,
        "depreciationAndAmortization": 2100000,
        "ebitda": 32400000,
        "ebitdaratio": 0.1985294118,
        "operatingIncome": 30300000,
        "operatingIncomeRatio": 0.1856617647,
        "totalOtherIncomeExpensesNet": 700000,
        "incomeBeforeTax": 31000000,
        "incomeBeforeTaxRatio": 0.1899509804,
        "incomeTaxExpense": 11900000,
        "netIncome": 19100000,
        "netIncomeRatio": 0.1170343137,
        "eps": 0.0317,
        "epsdiluted": 0.0317,
        "weightedAverageShsOut": 603430791,
        "weightedAverageShsOutDil": 603430791,
        "link": null,
        "finalLink": null
    },
    {
        "date": "1993-03-31",
        "symbol": "ROL",
        "reportedCurrency": "USD",
        "cik": "0000084839",
        "fillingDate": "1993-03-31",
        "acceptedDate": "1993-03-31 00:00:00",
        "calendarYear": "1993",
        "period": "Q1",
        "revenue": 127300000,
        "costOfRevenue": 65600000,
        "grossProfit": 61700000,
        "grossProfitRatio": 0.4846818539,
        "researchAndDevelopmentExpenses": 0,
        "generalAndAdministrativeExpenses": 0,
        "sellingAndMarketingExpenses": 0,
        "sellingGeneralAndAdministrativeExpenses": 50800000,
        "otherExpenses": 10900000,
        "operatingExpenses": 61700000,
        "costAndExpenses": 127300000,
        "interestIncome": 0,
        "interestExpense": 0,
        "depreciationAndAmortization": 1800000,
        "ebitda": 10900000,
        "ebitdaratio": 0.085624509,
        "operatingIncome": 9100000,
        "operatingIncomeRatio": 0.0714846819,
        "totalOtherIncomeExpensesNet": 500000,
        "incomeBeforeTax": 9600000,
        "incomeBeforeTaxRatio": 0.0754124116,
        "incomeTaxExpense": 3700000,
        "netIncome": 5900000,
        "netIncomeRatio": 0.0463472113,
        "eps": 0.0094,
        "epsdiluted": 0.0094,
        "weightedAverageShsOut": 629107165,
        "weightedAverageShsOutDil": 629107165,
        "link": null,
        "finalLink": null
    },
    {
        "date": "1992-12-31",
        "symbol": "ROL",
        "reportedCurrency": "USD",
        "cik": "0000084839",
        "fillingDate": "1992-12-31",
        "acceptedDate": "1992-12-31 00:00:00",
        "calendarYear": "1992",
        "period": "Q4",
        "revenue": 122300000,
        "costOfRevenue": 65200000,
        "grossProfit": 57100000,
        "grossProfitRatio": 0.4668847097,
        "researchAndDevelopmentExpenses": 0,
        "generalAndAdministrativeExpenses": 0,
        "sellingAndMarketingExpenses": 0,
        "sellingGeneralAndAdministrativeExpenses": 45200000,
        "otherExpenses": 11900000,
        "operatingExpenses": 57100000,
        "costAndExpenses": 122300000,
        "interestIncome": 0,
        "interestExpense": 0,
        "depreciationAndAmortization": 2100000,
        "ebitda": 11900000,
        "ebitdaratio": 0.0973017171,
        "operatingIncome": 9800000,
        "operatingIncomeRatio": 0.0801308258,
        "totalOtherIncomeExpensesNet": 500000,
        "incomeBeforeTax": 10300000,
        "incomeBeforeTaxRatio": 0.0842191333,
        "incomeTaxExpense": 4100000,
        "netIncome": 6200000,
        "netIncomeRatio": 0.0506950123,
        "eps": 0.0102,
        "epsdiluted": 0.0102,
        "weightedAverageShsOut": 594805176,
        "weightedAverageShsOutDil": 605935158,
        "link": null,
        "finalLink": null
    },
    {
        "date": "1992-09-30",
        "symbol": "ROL",
        "reportedCurrency": "USD",
        "cik": "0000084839",
        "fillingDate": "1992-09-30",
        "acceptedDate": "1992-09-30 00:00:00",
        "calendarYear": "1992",
        "period": "Q3",
        "revenue": 137700000,
        "costOfRevenue": 70600000,
        "grossProfit": 67100000,
        "grossProfitRatio": 0.4872912128,
        "researchAndDevelopmentExpenses": 0,
        "generalAndAdministrativeExpenses": 0,
        "sellingAndMarketingExpenses": 0,
        "sellingGeneralAndAdministrativeExpenses": 48600000,
        "otherExpenses": 18500000,
        "operatingExpenses": 67100000,
        "costAndExpenses": 137700000,
        "interestIncome": 0,
        "interestExpense": 0,
        "depreciationAndAmortization": 2000000,
        "ebitda": 18500000,
        "ebitdaratio": 0.1343500363,
        "operatingIncome": 16500000,
        "operatingIncomeRatio": 0.1198257081,
        "totalOtherIncomeExpensesNet": 500000,
        "incomeBeforeTax": 17000000,
        "incomeBeforeTaxRatio": 0.1234567901,
        "incomeTaxExpense": 6700000,
        "netIncome": 10300000,
        "netIncomeRatio": 0.0748002905,
        "eps": 0.017,
        "epsdiluted": 0.017,
        "weightedAverageShsOut": 605935158,
        "weightedAverageShsOutDil": 605935158,
        "link": null,
        "finalLink": null
    },
    {
        "date": "1992-06-30",
        "symbol": "ROL",
        "reportedCurrency": "USD",
        "cik": "0000084839",
        "fillingDate": "1992-06-30",
        "acceptedDate": "1992-06-30 00:00:00",
        "calendarYear": "1992",
        "period": "Q2",
        "revenue": 150200000,
        "costOfRevenue": 75000000,
        "grossProfit": 75200000,
        "grossProfitRatio": 0.500665779,
        "researchAndDevelopmentExpenses": 0,
        "generalAndAdministrativeExpenses": 0,
        "sellingAndMarketingExpenses": 0,
        "sellingGeneralAndAdministrativeExpenses": 46600000,
        "otherExpenses": 28600000,
        "operatingExpenses": 75200000,
        "costAndExpenses": 150200000,
        "interestIncome": 0,
        "interestExpense": 0,
        "depreciationAndAmortization": 2000000,
        "ebitda": 28600000,
        "ebitdaratio": 0.190412783,
        "operatingIncome": 26600000,
        "operatingIncomeRatio": 0.1770972037,
        "totalOtherIncomeExpensesNet": 500000,
        "incomeBeforeTax": 27100000,
        "incomeBeforeTaxRatio": 0.1804260985,
        "incomeTaxExpense": 10700000,
        "netIncome": 16400000,
        "netIncomeRatio": 0.1091877497,
        "eps": 0.0275,
        "epsdiluted": 0.0275,
        "weightedAverageShsOut": 595297846,
        "weightedAverageShsOutDil": 595297846,
        "link": null,
        "finalLink": null
    },
    {
        "date": "1992-03-31",
        "symbol": "ROL",
        "reportedCurrency": "USD",
        "cik": "0000084839",
        "fillingDate": "1992-03-31",
        "acceptedDate": "1992-03-31 00:00:00",
        "calendarYear": "1992",
        "period": "Q1",
        "revenue": 117400000,
        "costOfRevenue": 60700000,
        "grossProfit": 56700000,
        "grossProfitRatio": 0.4829642249,
        "researchAndDevelopmentExpenses": 0,
        "generalAndAdministrativeExpenses": 0,
        "sellingAndMarketingExpenses": 0,
        "sellingGeneralAndAdministrativeExpenses": 46800000,
        "otherExpenses": 9900000,
        "operatingExpenses": 56700000,
        "costAndExpenses": 117400000,
        "interestIncome": 0,
        "interestExpense": 0,
        "depreciationAndAmortization": 1900000,
        "ebitda": 9900000,
        "ebitdaratio": 0.0843270869,
        "operatingIncome": 8000000,
        "operatingIncomeRatio": 0.0681431005,
        "totalOtherIncomeExpensesNet": 400000,
        "incomeBeforeTax": 8400000,
        "incomeBeforeTaxRatio": 0.0715502555,
        "incomeTaxExpense": 3300000,
        "netIncome": 5100000,
        "netIncomeRatio": 0.0434412266,
        "eps": 0.0082,
        "epsdiluted": 0.0082,
        "weightedAverageShsOut": 621494596,
        "weightedAverageShsOutDil": 621494596,
        "link": null,
        "finalLink": null
    },
    {
        "date": "1991-12-31",
        "symbol": "ROL",
        "reportedCurrency": "USD",
        "cik": "0000084839",
        "fillingDate": "1991-12-31",
        "acceptedDate": "1991-12-31 00:00:00",
        "calendarYear": "1991",
        "period": "Q4",
        "revenue": 110800000,
        "costOfRevenue": 60100000,
        "grossProfit": 50700000,
        "grossProfitRatio": 0.4575812274,
        "researchAndDevelopmentExpenses": 0,
        "generalAndAdministrativeExpenses": 0,
        "sellingAndMarketingExpenses": 0,
        "sellingGeneralAndAdministrativeExpenses": 40600000,
        "otherExpenses": 10100000,
        "operatingExpenses": 50700000,
        "costAndExpenses": 110800000,
        "interestIncome": 0,
        "interestExpense": 0,
        "depreciationAndAmortization": 2000000,
        "ebitda": 10100000,
        "ebitdaratio": 0.0911552347,
        "operatingIncome": 8100000,
        "operatingIncomeRatio": 0.0731046931,
        "totalOtherIncomeExpensesNet": 600000,
        "incomeBeforeTax": 8700000,
        "incomeBeforeTaxRatio": 0.0785198556,
        "incomeTaxExpense": 3500000,
        "netIncome": 5200000,
        "netIncomeRatio": 0.0469314079,
        "eps": 0.0085,
        "epsdiluted": 0.0085,
        "weightedAverageShsOut": 596284361,
        "weightedAverageShsOutDil": 611327193,
        "link": null,
        "finalLink": null
    },
    {
        "date": "1991-09-30",
        "symbol": "ROL",
        "reportedCurrency": "USD",
        "cik": "0000084839",
        "fillingDate": "1991-09-30",
        "acceptedDate": "1991-09-30 00:00:00",
        "calendarYear": "1991",
        "period": "Q3",
        "revenue": 124500000,
        "costOfRevenue": 65100000,
        "grossProfit": 59400000,
        "grossProfitRatio": 0.4771084337,
        "researchAndDevelopmentExpenses": 0,
        "generalAndAdministrativeExpenses": 0,
        "sellingAndMarketingExpenses": 0,
        "sellingGeneralAndAdministrativeExpenses": 43800000,
        "otherExpenses": 15600000,
        "operatingExpenses": 59400000,
        "costAndExpenses": 124500000,
        "interestIncome": 0,
        "interestExpense": 0,
        "depreciationAndAmortization": 1900000,
        "ebitda": 15600000,
        "ebitdaratio": 0.1253012048,
        "operatingIncome": 13600000,
        "operatingIncomeRatio": 0.1092369478,
        "totalOtherIncomeExpensesNet": 600000,
        "incomeBeforeTax": 14200000,
        "incomeBeforeTaxRatio": 0.1140562249,
        "incomeTaxExpense": 5600000,
        "netIncome": 8600000,
        "netIncomeRatio": 0.0690763052,
        "eps": 0.0141,
        "epsdiluted": 0.0141,
        "weightedAverageShsOut": 611327193,
        "weightedAverageShsOutDil": 611327193,
        "link": null,
        "finalLink": null
    },
    {
        "date": "1991-06-30",
        "symbol": "ROL",
        "reportedCurrency": "USD",
        "cik": "0000084839",
        "fillingDate": "1991-06-30",
        "acceptedDate": "1991-06-30 00:00:00",
        "calendarYear": "1991",
        "period": "Q2",
        "revenue": 135600000,
        "costOfRevenue": 68600000,
        "grossProfit": 67000000,
        "grossProfitRatio": 0.494100295,
        "researchAndDevelopmentExpenses": 0,
        "generalAndAdministrativeExpenses": 0,
        "sellingAndMarketingExpenses": 0,
        "sellingGeneralAndAdministrativeExpenses": 43100000,
        "otherExpenses": 23900000,
        "operatingExpenses": 67000000,
        "costAndExpenses": 135600000,
        "interestIncome": 0,
        "interestExpense": 0,
        "depreciationAndAmortization": 2000000,
        "ebitda": 23900000,
        "ebitdaratio": 0.1762536873,
        "operatingIncome": 21900000,
        "operatingIncomeRatio": 0.1615044248,
        "totalOtherIncomeExpensesNet": 600000,
        "incomeBeforeTax": 22500000,
        "incomeBeforeTaxRatio": 0.1659292035,
        "incomeTaxExpense": 8900000,
        "netIncome": 13600000,
        "netIncomeRatio": 0.1002949853,
        "eps": 0.0229,
        "epsdiluted": 0.0229,
        "weightedAverageShsOut": 594924349,
        "weightedAverageShsOutDil": 594924349,
        "link": null,
        "finalLink": null
    },
    {
        "date": "1991-03-31",
        "symbol": "ROL",
        "reportedCurrency": "USD",
        "cik": "0000084839",
        "fillingDate": "1991-03-31",
        "acceptedDate": "1991-03-31 00:00:00",
        "calendarYear": "1991",
        "period": "Q1",
        "revenue": 104600000,
        "costOfRevenue": 54200000,
        "grossProfit": 50400000,
        "grossProfitRatio": 0.4818355641,
        "researchAndDevelopmentExpenses": 0,
        "generalAndAdministrativeExpenses": 0,
        "sellingAndMarketingExpenses": 0,
        "sellingGeneralAndAdministrativeExpenses": 42400000,
        "otherExpenses": 8000000,
        "operatingExpenses": 50400000,
        "costAndExpenses": 104600000,
        "interestIncome": 0,
        "interestExpense": 0,
        "depreciationAndAmortization": 1900000,
        "ebitda": 8000000,
        "ebitdaratio": 0.0764818356,
        "operatingIncome": 6100000,
        "operatingIncomeRatio": 0.0583173996,
        "totalOtherIncomeExpensesNet": 500000,
        "incomeBeforeTax": 6600000,
        "incomeBeforeTaxRatio": 0.0630975143,
        "incomeTaxExpense": 2600000,
        "netIncome": 4000000,
        "netIncomeRatio": 0.0382409178,
        "eps": 0.0064,
        "epsdiluted": 0.0064,
        "weightedAverageShsOut": 620366399,
        "weightedAverageShsOutDil": 620366399,
        "link": null,
        "finalLink": null
    },
    {
        "date": "1990-12-31",
        "symbol": "ROL",
        "reportedCurrency": "USD",
        "cik": "0000084839",
        "fillingDate": "1990-12-31",
        "acceptedDate": "1990-12-31 00:00:00",
        "calendarYear": "1990",
        "period": "Q4",
        "revenue": 101900000,
        "costOfRevenue": 55500000,
        "grossProfit": 46400000,
        "grossProfitRatio": 0.4553483808,
        "researchAndDevelopmentExpenses": 0,
        "generalAndAdministrativeExpenses": 0,
        "sellingAndMarketingExpenses": 0,
        "sellingGeneralAndAdministrativeExpenses": 38200000,
        "otherExpenses": 8200000,
        "operatingExpenses": 46400000,
        "costAndExpenses": 101900000,
        "interestIncome": 0,
        "interestExpense": 0,
        "depreciationAndAmortization": 1900000,
        "ebitda": 8200000,
        "ebitdaratio": 0.08047105,
        "operatingIncome": 6300000,
        "operatingIncomeRatio": 0.0618253189,
        "totalOtherIncomeExpensesNet": 500000,
        "incomeBeforeTax": 6800000,
        "incomeBeforeTaxRatio": 0.0667320903,
        "incomeTaxExpense": 2700000,
        "netIncome": 4100000,
        "netIncomeRatio": 0.040235525,
        "eps": 0.0067,
        "epsdiluted": 0.0067,
        "weightedAverageShsOut": 593684681,
        "weightedAverageShsOutDil": 609293761,
        "link": null,
        "finalLink": null
    },
    {
        "date": "1990-09-30",
        "symbol": "ROL",
        "reportedCurrency": "USD",
        "cik": "0000084839",
        "fillingDate": "1990-09-30",
        "acceptedDate": "1990-09-30 00:00:00",
        "calendarYear": "1990",
        "period": "Q3",
        "revenue": 113000000,
        "costOfRevenue": 59700000,
        "grossProfit": 53300000,
        "grossProfitRatio": 0.4716814159,
        "researchAndDevelopmentExpenses": 0,
        "generalAndAdministrativeExpenses": 0,
        "sellingAndMarketingExpenses": 0,
        "sellingGeneralAndAdministrativeExpenses": 39700000,
        "otherExpenses": 13600000,
        "operatingExpenses": 53300000,
        "costAndExpenses": 113000000,
        "interestIncome": 0,
        "interestExpense": 0,
        "depreciationAndAmortization": 1900000,
        "ebitda": 13600000,
        "ebitdaratio": 0.1203539823,
        "operatingIncome": 11700000,
        "operatingIncomeRatio": 0.103539823,
        "totalOtherIncomeExpensesNet": 700000,
        "incomeBeforeTax": 12400000,
        "incomeBeforeTaxRatio": 0.1097345133,
        "incomeTaxExpense": 4900000,
        "netIncome": 7500000,
        "netIncomeRatio": 0.0663716814,
        "eps": 0.0123,
        "epsdiluted": 0.0123,
        "weightedAverageShsOut": 609293761,
        "weightedAverageShsOutDil": 609293761,
        "link": null,
        "finalLink": null
    },
    {
        "date": "1990-06-30",
        "symbol": "ROL",
        "reportedCurrency": "USD",
        "cik": "0000084839",
        "fillingDate": "1990-06-30",
        "acceptedDate": "1990-06-30 00:00:00",
        "calendarYear": "1990",
        "period": "Q2",
        "revenue": 123800000,
        "costOfRevenue": 63400000,
        "grossProfit": 60400000,
        "grossProfitRatio": 0.4878836834,
        "researchAndDevelopmentExpenses": 0,
        "generalAndAdministrativeExpenses": 0,
        "sellingAndMarketingExpenses": 0,
        "sellingGeneralAndAdministrativeExpenses": 39100000,
        "otherExpenses": 21300000,
        "operatingExpenses": 60400000,
        "costAndExpenses": 123800000,
        "interestIncome": 0,
        "interestExpense": 0,
        "depreciationAndAmortization": 1900000,
        "ebitda": 21300000,
        "ebitdaratio": 0.1720516963,
        "operatingIncome": 19400000,
        "operatingIncomeRatio": 0.1567043619,
        "totalOtherIncomeExpensesNet": 800000,
        "incomeBeforeTax": 20200000,
        "incomeBeforeTaxRatio": 0.1631663974,
        "incomeTaxExpense": 8000000,
        "netIncome": 12200000,
        "netIncomeRatio": 0.098546042,
        "eps": 0.0205,
        "epsdiluted": 0.0205,
        "weightedAverageShsOut": 594676436,
        "weightedAverageShsOutDil": 594676436,
        "link": null,
        "finalLink": null
    },
    {
        "date": "1990-03-31",
        "symbol": "ROL",
        "reportedCurrency": "USD",
        "cik": "0000084839",
        "fillingDate": "1990-03-31",
        "acceptedDate": "1990-03-31 00:00:00",
        "calendarYear": "1990",
        "period": "Q1",
        "revenue": 97600000,
        "costOfRevenue": 51500000,
        "grossProfit": 46100000,
        "grossProfitRatio": 0.4723360656,
        "researchAndDevelopmentExpenses": 0,
        "generalAndAdministrativeExpenses": 0,
        "sellingAndMarketingExpenses": 0,
        "sellingGeneralAndAdministrativeExpenses": 38800000,
        "otherExpenses": 7300000,
        "operatingExpenses": 46100000,
        "costAndExpenses": 97600000,
        "interestIncome": 0,
        "interestExpense": 0,
        "depreciationAndAmortization": 1800000,
        "ebitda": 7300000,
        "ebitdaratio": 0.074795082,
        "operatingIncome": 5500000,
        "operatingIncomeRatio": 0.056352459,
        "totalOtherIncomeExpensesNet": 500000,
        "incomeBeforeTax": 6000000,
        "incomeBeforeTaxRatio": 0.0614754098,
        "incomeTaxExpense": 2400000,
        "netIncome": 3600000,
        "netIncomeRatio": 0.0368852459,
        "eps": 0.0059,
        "epsdiluted": 0.0059,
        "weightedAverageShsOut": 614174024,
        "weightedAverageShsOutDil": 614174024,
        "link": null,
        "finalLink": null
    },
    {
        "date": "1989-12-31",
        "symbol": "ROL",
        "reportedCurrency": "USD",
        "cik": "0000084839",
        "fillingDate": "1989-12-31",
        "acceptedDate": "1989-12-31 00:00:00",
        "calendarYear": "1989",
        "period": "Q4",
        "revenue": 92000000,
        "costOfRevenue": 50500000,
        "grossProfit": 41500000,
        "grossProfitRatio": 0.4510869565,
        "researchAndDevelopmentExpenses": 0,
        "generalAndAdministrativeExpenses": 0,
        "sellingAndMarketingExpenses": 0,
        "sellingGeneralAndAdministrativeExpenses": 34600000,
        "otherExpenses": 6900000,
        "operatingExpenses": 41500000,
        "costAndExpenses": 92000000,
        "interestIncome": 0,
        "interestExpense": 0,
        "depreciationAndAmortization": 2000000,
        "ebitda": 6900000,
        "ebitdaratio": 0.075,
        "operatingIncome": 4900000,
        "operatingIncomeRatio": 0.0532608696,
        "totalOtherIncomeExpensesNet": 700000,
        "incomeBeforeTax": 5600000,
        "incomeBeforeTaxRatio": 0.0608695652,
        "incomeTaxExpense": 1800000,
        "netIncome": 3800000,
        "netIncomeRatio": 0.0413043478,
        "eps": 0.0062,
        "epsdiluted": 0.0062,
        "weightedAverageShsOut": 593058848,
        "weightedAverageShsOutDil": 612164493,
        "link": null,
        "finalLink": null
    },
    {
        "date": "1989-09-30",
        "symbol": "ROL",
        "reportedCurrency": "USD",
        "cik": "0000084839",
        "fillingDate": "1989-09-30",
        "acceptedDate": "1989-09-30 00:00:00",
        "calendarYear": "1989",
        "period": "Q3",
        "revenue": 106000000,
        "costOfRevenue": 56000000,
        "grossProfit": 50000000,
        "grossProfitRatio": 0.4716981132,
        "researchAndDevelopmentExpenses": 0,
        "generalAndAdministrativeExpenses": 0,
        "sellingAndMarketingExpenses": 0,
        "sellingGeneralAndAdministrativeExpenses": 38300000,
        "otherExpenses": 11700000,
        "operatingExpenses": 50000000,
        "costAndExpenses": 106000000,
        "interestIncome": 0,
        "interestExpense": 0,
        "depreciationAndAmortization": 1900000,
        "ebitda": 11700000,
        "ebitdaratio": 0.1103773585,
        "operatingIncome": 9700000,
        "operatingIncomeRatio": 0.091509434,
        "totalOtherIncomeExpensesNet": 600000,
        "incomeBeforeTax": 10300000,
        "incomeBeforeTaxRatio": 0.0971698113,
        "incomeTaxExpense": 4200000,
        "netIncome": 6100000,
        "netIncomeRatio": 0.0575471698,
        "eps": 0.01,
        "epsdiluted": 0.01,
        "weightedAverageShsOut": 612164493,
        "weightedAverageShsOutDil": 612164493,
        "link": null,
        "finalLink": null
    },
    {
        "date": "1989-06-30",
        "symbol": "ROL",
        "reportedCurrency": "USD",
        "cik": "0000084839",
        "fillingDate": "1989-06-30",
        "acceptedDate": "1989-06-30 00:00:00",
        "calendarYear": "1989",
        "period": "Q2",
        "revenue": 115500000,
        "costOfRevenue": 59100000,
        "grossProfit": 56400000,
        "grossProfitRatio": 0.4883116883,
        "researchAndDevelopmentExpenses": 0,
        "generalAndAdministrativeExpenses": 0,
        "sellingAndMarketingExpenses": 0,
        "sellingGeneralAndAdministrativeExpenses": 37400000,
        "otherExpenses": 19000000,
        "operatingExpenses": 56400000,
        "costAndExpenses": 115500000,
        "interestIncome": 0,
        "interestExpense": 0,
        "depreciationAndAmortization": 1900000,
        "ebitda": 19000000,
        "ebitdaratio": 0.1645021645,
        "operatingIncome": 17100000,
        "operatingIncomeRatio": 0.1480519481,
        "totalOtherIncomeExpensesNet": 700000,
        "incomeBeforeTax": 17800000,
        "incomeBeforeTaxRatio": 0.1541125541,
        "incomeTaxExpense": 7200000,
        "netIncome": 10600000,
        "netIncomeRatio": 0.0917748918,
        "eps": 0.0176,
        "epsdiluted": 0.0176,
        "weightedAverageShsOut": 602800431,
        "weightedAverageShsOutDil": 602800431,
        "link": null,
        "finalLink": null
    },
    {
        "date": "1989-03-31",
        "symbol": "ROL",
        "reportedCurrency": "USD",
        "cik": "0000084839",
        "fillingDate": "1989-03-31",
        "acceptedDate": "1989-03-31 00:00:00",
        "calendarYear": "1989",
        "period": "Q1",
        "revenue": 88800000,
        "costOfRevenue": 0,
        "grossProfit": 0,
        "grossProfitRatio": 0,
        "researchAndDevelopmentExpenses": 0,
        "generalAndAdministrativeExpenses": 0,
        "sellingAndMarketingExpenses": 0,
        "sellingGeneralAndAdministrativeExpenses": 0,
        "otherExpenses": 88800000,
        "operatingExpenses": 88800000,
        "costAndExpenses": 88800000,
        "interestIncome": 0,
        "interestExpense": 0,
        "depreciationAndAmortization": 0,
        "ebitda": 88800000,
        "ebitdaratio": 1,
        "operatingIncome": 88800000,
        "operatingIncomeRatio": 1,
        "totalOtherIncomeExpensesNet": -88800000,
        "incomeBeforeTax": 0,
        "incomeBeforeTaxRatio": 0,
        "incomeTaxExpense": 0,
        "netIncome": 0,
        "netIncomeRatio": 0,
        "eps": 0.0053,
        "epsdiluted": 0.0053,
        "weightedAverageShsOut": 603884656,
        "weightedAverageShsOutDil": 603884656,
        "link": null,
        "finalLink": null
    },
    {
        "date": "1988-09-30",
        "symbol": "ROL",
        "reportedCurrency": "USD",
        "cik": "0000084839",
        "fillingDate": "1988-09-30",
        "acceptedDate": "1988-09-30 00:00:00",
        "calendarYear": "1988",
        "period": "Q3",
        "revenue": 99300000,
        "costOfRevenue": 0,
        "grossProfit": 0,
        "grossProfitRatio": 0,
        "researchAndDevelopmentExpenses": 0,
        "generalAndAdministrativeExpenses": 0,
        "sellingAndMarketingExpenses": 0,
        "sellingGeneralAndAdministrativeExpenses": 0,
        "otherExpenses": 99300000,
        "operatingExpenses": 99300000,
        "costAndExpenses": 99300000,
        "interestIncome": 0,
        "interestExpense": 0,
        "depreciationAndAmortization": 0,
        "ebitda": 99300000,
        "ebitdaratio": 1,
        "operatingIncome": 99300000,
        "operatingIncomeRatio": 1,
        "totalOtherIncomeExpensesNet": -99300000,
        "incomeBeforeTax": 0,
        "incomeBeforeTaxRatio": 0,
        "incomeTaxExpense": 0,
        "netIncome": 6100000,
        "netIncomeRatio": 0.0614300101,
        "eps": 0.01,
        "epsdiluted": 0.01,
        "weightedAverageShsOut": 612164493,
        "weightedAverageShsOutDil": 612164493,
        "link": null,
        "finalLink": null
    },
    {
        "date": "1988-06-30",
        "symbol": "ROL",
        "reportedCurrency": "USD",
        "cik": "0000084839",
        "fillingDate": "1988-06-30",
        "acceptedDate": "1988-06-30 00:00:00",
        "calendarYear": "1988",
        "period": "Q2",
        "revenue": 111500000,
        "costOfRevenue": 0,
        "grossProfit": 0,
        "grossProfitRatio": 0,
        "researchAndDevelopmentExpenses": 0,
        "generalAndAdministrativeExpenses": 0,
        "sellingAndMarketingExpenses": 0,
        "sellingGeneralAndAdministrativeExpenses": 0,
        "otherExpenses": 111500000,
        "operatingExpenses": 111500000,
        "costAndExpenses": 111500000,
        "interestIncome": 0,
        "interestExpense": 0,
        "depreciationAndAmortization": 0,
        "ebitda": -219700000,
        "ebitdaratio": -1.9704035874,
        "operatingIncome": -219700000,
        "operatingIncomeRatio": -1.9704035874,
        "totalOtherIncomeExpensesNet": 219700000,
        "incomeBeforeTax": 0,
        "incomeBeforeTaxRatio": 0,
        "incomeTaxExpense": 0,
        "netIncome": 0,
        "netIncomeRatio": 0,
        "eps": 0.0205389452,
        "epsdiluted": 0.0205389452,
        "weightedAverageShsOut": 603731100,
        "weightedAverageShsOutDil": 603731100,
        "link": null,
        "finalLink": null
    },
    {
        "date": "1988-03-31",
        "symbol": "ROL",
        "reportedCurrency": "USD",
        "cik": "0000084839",
        "fillingDate": "1988-03-31",
        "acceptedDate": "1988-03-31 00:00:00",
        "calendarYear": "1988",
        "period": "Q1",
        "revenue": 84300000,
        "costOfRevenue": 0,
        "grossProfit": 0,
        "grossProfitRatio": 0,
        "researchAndDevelopmentExpenses": 0,
        "generalAndAdministrativeExpenses": 0,
        "sellingAndMarketingExpenses": 0,
        "sellingGeneralAndAdministrativeExpenses": 0,
        "otherExpenses": 84300000,
        "operatingExpenses": 84300000,
        "costAndExpenses": 84300000,
        "interestIncome": 0,
        "interestExpense": 0,
        "depreciationAndAmortization": 0,
        "ebitda": 84300000,
        "ebitdaratio": 1,
        "operatingIncome": 84300000,
        "operatingIncomeRatio": 1,
        "totalOtherIncomeExpensesNet": -84300000,
        "incomeBeforeTax": 0,
        "incomeBeforeTaxRatio": 0,
        "incomeTaxExpense": 0,
        "netIncome": 0,
        "netIncomeRatio": 0,
        "eps": 0.0047,
        "epsdiluted": 0.0047,
        "weightedAverageShsOut": 603731100,
        "weightedAverageShsOutDil": 603731100,
        "link": null,
        "finalLink": null
    },
    {
        "date": "1987-12-31",
        "symbol": "ROL",
        "reportedCurrency": "USD",
        "cik": "0000084839",
        "fillingDate": "1987-12-31",
        "acceptedDate": "1987-12-31 00:00:00",
        "calendarYear": "1987",
        "period": "Q4",
        "revenue": 81100000,
        "costOfRevenue": 0,
        "grossProfit": 0,
        "grossProfitRatio": 0,
        "researchAndDevelopmentExpenses": 0,
        "generalAndAdministrativeExpenses": 0,
        "sellingAndMarketingExpenses": 0,
        "sellingGeneralAndAdministrativeExpenses": 0,
        "otherExpenses": 81100000,
        "operatingExpenses": 81100000,
        "costAndExpenses": 81100000,
        "interestIncome": 0,
        "interestExpense": 0,
        "depreciationAndAmortization": 0,
        "ebitda": 81100000,
        "ebitdaratio": 1,
        "operatingIncome": 81100000,
        "operatingIncomeRatio": 1,
        "totalOtherIncomeExpensesNet": -81100000,
        "incomeBeforeTax": 0,
        "incomeBeforeTaxRatio": 0,
        "incomeTaxExpense": 0,
        "netIncome": 0,
        "netIncomeRatio": 0,
        "eps": 0.0053,
        "epsdiluted": 0.0053,
        "weightedAverageShsOut": 603731100,
        "weightedAverageShsOutDil": 603731100,
        "link": null,
        "finalLink": null
    },
    {
        "date": "1987-09-30",
        "symbol": "ROL",
        "reportedCurrency": "USD",
        "cik": "0000084839",
        "fillingDate": "1987-09-30",
        "acceptedDate": "1987-09-30 00:00:00",
        "calendarYear": "1987",
        "period": "Q3",
        "revenue": 93900000,
        "costOfRevenue": 0,
        "grossProfit": 0,
        "grossProfitRatio": 0,
        "researchAndDevelopmentExpenses": 0,
        "generalAndAdministrativeExpenses": 0,
        "sellingAndMarketingExpenses": 0,
        "sellingGeneralAndAdministrativeExpenses": 0,
        "otherExpenses": 93900000,
        "operatingExpenses": 93900000,
        "costAndExpenses": 93900000,
        "interestIncome": 0,
        "interestExpense": 0,
        "depreciationAndAmortization": 0,
        "ebitda": 93900000,
        "ebitdaratio": 1,
        "operatingIncome": 93900000,
        "operatingIncomeRatio": 1,
        "totalOtherIncomeExpensesNet": -93900000,
        "incomeBeforeTax": 0,
        "incomeBeforeTaxRatio": 0,
        "incomeTaxExpense": 0,
        "netIncome": 0,
        "netIncomeRatio": 0,
        "eps": 0.0094,
        "epsdiluted": 0.0094,
        "weightedAverageShsOut": 594433226,
        "weightedAverageShsOutDil": 594433226,
        "link": null,
        "finalLink": null
    },
    {
        "date": "1987-06-30",
        "symbol": "ROL",
        "reportedCurrency": "USD",
        "cik": "0000084839",
        "fillingDate": "1987-06-30",
        "acceptedDate": "1987-06-30 00:00:00",
        "calendarYear": "1987",
        "period": "Q2",
        "revenue": 101700000,
        "costOfRevenue": 0,
        "grossProfit": 0,
        "grossProfitRatio": 0,
        "researchAndDevelopmentExpenses": 0,
        "generalAndAdministrativeExpenses": 0,
        "sellingAndMarketingExpenses": 0,
        "sellingGeneralAndAdministrativeExpenses": 0,
        "otherExpenses": 101700000,
        "operatingExpenses": 101700000,
        "costAndExpenses": 101700000,
        "interestIncome": 0,
        "interestExpense": 0,
        "depreciationAndAmortization": 0,
        "ebitda": -196000000,
        "ebitdaratio": -1.9272369715,
        "operatingIncome": -196000000,
        "operatingIncomeRatio": -1.9272369715,
        "totalOtherIncomeExpensesNet": 196000000,
        "incomeBeforeTax": 0,
        "incomeBeforeTaxRatio": 0,
        "incomeTaxExpense": 0,
        "netIncome": 0,
        "netIncomeRatio": 0,
        "eps": 0.0161498375,
        "epsdiluted": 0.0161216133,
        "weightedAverageShsOut": 594433226,
        "weightedAverageShsOutDil": 595473904,
        "link": null,
        "finalLink": null
    },
    {
        "date": "1987-03-31",
        "symbol": "ROL",
        "reportedCurrency": "USD",
        "cik": "0000084839",
        "fillingDate": "1987-03-31",
        "acceptedDate": "1987-03-31 00:00:00",
        "calendarYear": "1987",
        "period": "Q1",
        "revenue": 77700000,
        "costOfRevenue": 0,
        "grossProfit": 0,
        "grossProfitRatio": 0,
        "researchAndDevelopmentExpenses": 0,
        "generalAndAdministrativeExpenses": 0,
        "sellingAndMarketingExpenses": 0,
        "sellingGeneralAndAdministrativeExpenses": 0,
        "otherExpenses": 77700000,
        "operatingExpenses": 77700000,
        "costAndExpenses": 77700000,
        "interestIncome": 0,
        "interestExpense": 0,
        "depreciationAndAmortization": 0,
        "ebitda": 77700000,
        "ebitdaratio": 1,
        "operatingIncome": 77700000,
        "operatingIncomeRatio": 1,
        "totalOtherIncomeExpensesNet": -77700000,
        "incomeBeforeTax": 0,
        "incomeBeforeTaxRatio": 0,
        "incomeTaxExpense": 0,
        "netIncome": 0,
        "netIncomeRatio": 0,
        "eps": 0.0059,
        "epsdiluted": 0.0059,
        "weightedAverageShsOut": 595473904,
        "weightedAverageShsOutDil": 595473904,
        "link": null,
        "finalLink": null
    },
    {
        "date": "1986-12-31",
        "symbol": "ROL",
        "reportedCurrency": "USD",
        "cik": "0000084839",
        "fillingDate": "1986-12-31",
        "acceptedDate": "1986-12-31 00:00:00",
        "calendarYear": "1986",
        "period": "Q4",
        "revenue": 75900000,
        "costOfRevenue": 0,
        "grossProfit": 0,
        "grossProfitRatio": 0,
        "researchAndDevelopmentExpenses": 0,
        "generalAndAdministrativeExpenses": 0,
        "sellingAndMarketingExpenses": 0,
        "sellingGeneralAndAdministrativeExpenses": 0,
        "otherExpenses": 75900000,
        "operatingExpenses": 75900000,
        "costAndExpenses": 75900000,
        "interestIncome": 0,
        "interestExpense": 0,
        "depreciationAndAmortization": 0,
        "ebitda": 75900000,
        "ebitdaratio": 1,
        "operatingIncome": 75900000,
        "operatingIncomeRatio": 1,
        "totalOtherIncomeExpensesNet": -75900000,
        "incomeBeforeTax": 0,
        "incomeBeforeTaxRatio": 0,
        "incomeTaxExpense": 0,
        "netIncome": 0,
        "netIncomeRatio": 0,
        "eps": 0.0041,
        "epsdiluted": 0.0041,
        "weightedAverageShsOut": 595473904,
        "weightedAverageShsOutDil": 595473904,
        "link": null,
        "finalLink": null
    },
    {
        "date": "1986-09-30",
        "symbol": "ROL",
        "reportedCurrency": "USD",
        "cik": "0000084839",
        "fillingDate": "1986-09-30",
        "acceptedDate": "1986-09-30 00:00:00",
        "calendarYear": "1986",
        "period": "Q3",
        "revenue": 81800000,
        "costOfRevenue": 0,
        "grossProfit": 0,
        "grossProfitRatio": 0,
        "researchAndDevelopmentExpenses": 0,
        "generalAndAdministrativeExpenses": 0,
        "sellingAndMarketingExpenses": 0,
        "sellingGeneralAndAdministrativeExpenses": 0,
        "otherExpenses": 81800000,
        "operatingExpenses": 81800000,
        "costAndExpenses": 81800000,
        "interestIncome": 0,
        "interestExpense": 0,
        "depreciationAndAmortization": 0,
        "ebitda": 81800000,
        "ebitdaratio": 1,
        "operatingIncome": 81800000,
        "operatingIncomeRatio": 1,
        "totalOtherIncomeExpensesNet": -81800000,
        "incomeBeforeTax": 0,
        "incomeBeforeTaxRatio": 0,
        "incomeTaxExpense": 0,
        "netIncome": 0,
        "netIncomeRatio": 0,
        "eps": 0.007,
        "epsdiluted": 0.007,
        "weightedAverageShsOut": 595473904,
        "weightedAverageShsOutDil": 595473904,
        "link": null,
        "finalLink": null
    },
    {
        "date": "1986-06-30",
        "symbol": "ROL",
        "reportedCurrency": "USD",
        "cik": "0000084839",
        "fillingDate": "1986-06-30",
        "acceptedDate": "1986-06-30 00:00:00",
        "calendarYear": "1986",
        "period": "Q2",
        "revenue": 90700000,
        "costOfRevenue": 0,
        "grossProfit": 0,
        "grossProfitRatio": 0,
        "researchAndDevelopmentExpenses": 0,
        "generalAndAdministrativeExpenses": 0,
        "sellingAndMarketingExpenses": 0,
        "sellingGeneralAndAdministrativeExpenses": 0,
        "otherExpenses": 90700000,
        "operatingExpenses": 90700000,
        "costAndExpenses": 90700000,
        "interestIncome": 0,
        "interestExpense": 0,
        "depreciationAndAmortization": 0,
        "ebitda": -180300000,
        "ebitdaratio": -1.9878721058,
        "operatingIncome": -180300000,
        "operatingIncomeRatio": -1.9878721058,
        "totalOtherIncomeExpensesNet": 180300000,
        "incomeBeforeTax": 0,
        "incomeBeforeTaxRatio": 0,
        "incomeTaxExpense": 0,
        "netIncome": 0,
        "netIncomeRatio": 0,
        "eps": 0.0130991861,
        "epsdiluted": 0.0130991861,
        "weightedAverageShsOut": 595456844,
        "weightedAverageShsOutDil": 595456844,
        "link": null,
        "finalLink": null
    },
    {
        "date": "1986-03-31",
        "symbol": "ROL",
        "reportedCurrency": "USD",
        "cik": "0000084839",
        "fillingDate": "1986-03-31",
        "acceptedDate": "1986-03-31 00:00:00",
        "calendarYear": "1986",
        "period": "Q1",
        "revenue": 71600000,
        "costOfRevenue": 0,
        "grossProfit": 0,
        "grossProfitRatio": 0,
        "researchAndDevelopmentExpenses": 0,
        "generalAndAdministrativeExpenses": 0,
        "sellingAndMarketingExpenses": 0,
        "sellingGeneralAndAdministrativeExpenses": 0,
        "otherExpenses": 71600000,
        "operatingExpenses": 71600000,
        "costAndExpenses": 71600000,
        "interestIncome": 0,
        "interestExpense": 0,
        "depreciationAndAmortization": 0,
        "ebitda": 71600000,
        "ebitdaratio": 1,
        "operatingIncome": 71600000,
        "operatingIncomeRatio": 1,
        "totalOtherIncomeExpensesNet": -71600000,
        "incomeBeforeTax": 0,
        "incomeBeforeTaxRatio": 0,
        "incomeTaxExpense": 0,
        "netIncome": 0,
        "netIncomeRatio": 0,
        "eps": 0.0053,
        "epsdiluted": 0.0053,
        "weightedAverageShsOut": 595456844,
        "weightedAverageShsOutDil": 595456844,
        "link": null,
        "finalLink": null
    },
    {
        "date": "1985-12-31",
        "symbol": "ROL",
        "reportedCurrency": "USD",
        "cik": "0000084839",
        "fillingDate": "1985-12-31",
        "acceptedDate": "1985-12-31 00:00:00",
        "calendarYear": "1985",
        "period": "Q4",
        "revenue": 70300000,
        "costOfRevenue": 0,
        "grossProfit": 0,
        "grossProfitRatio": 0,
        "researchAndDevelopmentExpenses": 0,
        "generalAndAdministrativeExpenses": 0,
        "sellingAndMarketingExpenses": 0,
        "sellingGeneralAndAdministrativeExpenses": 0,
        "otherExpenses": 70300000,
        "operatingExpenses": 70300000,
        "costAndExpenses": 70300000,
        "interestIncome": 0,
        "interestExpense": 0,
        "depreciationAndAmortization": 0,
        "ebitda": 70300000,
        "ebitdaratio": 1,
        "operatingIncome": 70300000,
        "operatingIncomeRatio": 1,
        "totalOtherIncomeExpensesNet": -70300000,
        "incomeBeforeTax": 0,
        "incomeBeforeTaxRatio": 0,
        "incomeTaxExpense": 0,
        "netIncome": 0,
        "netIncomeRatio": 0,
        "eps": 0.0064,
        "epsdiluted": 0.0064,
        "weightedAverageShsOut": 594586767,
        "weightedAverageShsOutDil": 594586767,
        "link": null,
        "finalLink": null
    },
    {
        "date": "1985-09-30",
        "symbol": "ROL",
        "reportedCurrency": "USD",
        "cik": "0000084839",
        "fillingDate": "1985-09-30",
        "acceptedDate": "1985-09-30 00:00:00",
        "calendarYear": "1985",
        "period": "Q3",
        "revenue": 75700000,
        "costOfRevenue": 0,
        "grossProfit": 0,
        "grossProfitRatio": 0,
        "researchAndDevelopmentExpenses": 0,
        "generalAndAdministrativeExpenses": 0,
        "sellingAndMarketingExpenses": 0,
        "sellingGeneralAndAdministrativeExpenses": 0,
        "otherExpenses": 75700000,
        "operatingExpenses": 75700000,
        "costAndExpenses": 75700000,
        "interestIncome": 0,
        "interestExpense": 0,
        "depreciationAndAmortization": 0,
        "ebitda": 75700000,
        "ebitdaratio": 1,
        "operatingIncome": 75700000,
        "operatingIncomeRatio": 1,
        "totalOtherIncomeExpensesNet": -75700000,
        "incomeBeforeTax": 0,
        "incomeBeforeTaxRatio": 0,
        "incomeTaxExpense": 0,
        "netIncome": 0,
        "netIncomeRatio": 0,
        "eps": 0.0064,
        "epsdiluted": 0.0064,
        "weightedAverageShsOut": 594586767,
        "weightedAverageShsOutDil": 594586767,
        "link": null,
        "finalLink": null
    }
]