[
    {
        "date": "2021-12-31",
        "symbol": "RRD",
        "reportedCurrency": "USD",
        "cik": "0000029669",
        "fillingDate": "2022-02-24",
        "acceptedDate": "2022-02-24 10:01:39",
        "calendarYear": "2021",
        "period": "Q4",
        "revenue": 1377200000,
        "costOfRevenue": 1104900000,
        "grossProfit": 272300000,
        "grossProfitRatio": 0.1977200116,
        "researchAndDevelopmentExpenses": 0,
        "generalAndAdministrativeExpenses": 0,
        "sellingAndMarketingExpenses": 0,
        "sellingGeneralAndAdministrativeExpenses": 162300000,
        "otherExpenses": 59100000,
        "operatingExpenses": 221400000,
        "costAndExpenses": 1326300000,
        "interestIncome": 0,
        "interestExpense": 30700000,
        "depreciationAndAmortization": 31500000,
        "ebitda": 73500000,
        "ebitdaratio": 0.0533691548,
        "operatingIncome": 42000000,
        "operatingIncomeRatio": 0.0304966599,
        "totalOtherIncomeExpensesNet": -30200000,
        "incomeBeforeTax": 11800000,
        "incomeBeforeTaxRatio": 0.0085681092,
        "incomeTaxExpense": 25200000,
        "netIncome": -13400000,
        "netIncomeRatio": -0.0097298867,
        "eps": -0.18,
        "epsdiluted": -0.18,
        "weightedAverageShsOut": 73600000,
        "weightedAverageShsOutDil": 73600000,
        "link": "https://www.sec.gov/Archives/edgar/data/29669/000156459022006506/0001564590-22-006506-index.htm",
        "finalLink": "https://www.sec.gov/Archives/edgar/data/29669/000156459022006506/rrd-10k_20211231.htm"
    },
    {
        "date": "2021-09-30",
        "symbol": "RRD",
        "reportedCurrency": "USD",
        "cik": "0000029669",
        "fillingDate": "2021-11-03",
        "acceptedDate": "2021-11-03 16:16:34",
        "calendarYear": "2021",
        "period": "Q3",
        "revenue": 1267800000,
        "costOfRevenue": 1012900000,
        "grossProfit": 254900000,
        "grossProfitRatio": 0.201056949,
        "researchAndDevelopmentExpenses": 0,
        "generalAndAdministrativeExpenses": 0,
        "sellingAndMarketingExpenses": 0,
        "sellingGeneralAndAdministrativeExpenses": 141200000,
        "otherExpenses": 36600000,
        "operatingExpenses": 177800000,
        "costAndExpenses": 1190700000,
        "interestIncome": 0,
        "interestExpense": 29400000,
        "depreciationAndAmortization": 32300000,
        "ebitda": 111000000,
        "ebitdaratio": 0.0875532418,
        "operatingIncome": 73100000,
        "operatingIncomeRatio": 0.0576589367,
        "totalOtherIncomeExpensesNet": -24000000,
        "incomeBeforeTax": 49100000,
        "incomeBeforeTaxRatio": 0.0387285061,
        "incomeTaxExpense": 21000000,
        "netIncome": 28300000,
        "netIncomeRatio": 0.0223221328,
        "eps": 0.39,
        "epsdiluted": 0.38,
        "weightedAverageShsOut": 73400000,
        "weightedAverageShsOutDil": 74100000,
        "link": "",
        "finalLink": ""
    },
    {
        "date": "2021-06-30",
        "symbol": "RRD",
        "reportedCurrency": "USD",
        "cik": "0000029669",
        "fillingDate": "2021-08-04",
        "acceptedDate": "2021-08-04 16:16:29",
        "calendarYear": "2021",
        "period": "Q2",
        "revenue": 1145600000,
        "costOfRevenue": 928100000,
        "grossProfit": 217500000,
        "grossProfitRatio": 0.1898568436,
        "researchAndDevelopmentExpenses": 0,
        "generalAndAdministrativeExpenses": 0,
        "sellingAndMarketingExpenses": 0,
        "sellingGeneralAndAdministrativeExpenses": 143800000,
        "otherExpenses": 35800000,
        "operatingExpenses": 179600000,
        "costAndExpenses": 1107700000,
        "interestIncome": 0,
        "interestExpense": 28600000,
        "depreciationAndAmortization": 32900000,
        "ebitda": 49700000,
        "ebitdaratio": 0.0433833799,
        "operatingIncome": 28200000,
        "operatingIncomeRatio": 0.0246159218,
        "totalOtherIncomeExpensesNet": -39800000,
        "incomeBeforeTax": -11600000,
        "incomeBeforeTaxRatio": -0.0101256983,
        "incomeTaxExpense": -2400000,
        "netIncome": -9400000,
        "netIncomeRatio": -0.0082053073,
        "eps": -0.13,
        "epsdiluted": -0.13,
        "weightedAverageShsOut": 73300000,
        "weightedAverageShsOutDil": 73300000,
        "link": "https://www.sec.gov/Archives/edgar/data/29669/000156459021040830/0001564590-21-040830-index.htm",
        "finalLink": "https://www.sec.gov/Archives/edgar/data/29669/000156459021040830/rrd-10q_20210630.htm"
    },
    {
        "date": "2021-03-31",
        "symbol": "RRD",
        "reportedCurrency": "USD",
        "cik": "0000029669",
        "fillingDate": "2021-04-28",
        "acceptedDate": "2021-04-28 16:16:04",
        "calendarYear": "2021",
        "period": "Q1",
        "revenue": 1173100000,
        "costOfRevenue": 949000000,
        "grossProfit": 224100000,
        "grossProfitRatio": 0.1910323076,
        "researchAndDevelopmentExpenses": 0,
        "generalAndAdministrativeExpenses": 0,
        "sellingAndMarketingExpenses": 0,
        "sellingGeneralAndAdministrativeExpenses": 153300000,
        "otherExpenses": 39900000,
        "operatingExpenses": 193200000,
        "costAndExpenses": 1142200000,
        "interestIncome": 0,
        "interestExpense": 30500000,
        "depreciationAndAmortization": 33800000,
        "ebitda": 64100000,
        "ebitdaratio": 0.054641548,
        "operatingIncome": 25100000,
        "operatingIncomeRatio": 0.0213963004,
        "totalOtherIncomeExpensesNet": -25700000,
        "incomeBeforeTax": -600000,
        "incomeBeforeTaxRatio": -0.0005114653,
        "incomeTaxExpense": 1100000,
        "netIncome": -1300000,
        "netIncomeRatio": -0.0011081749,
        "eps": -0.0179,
        "epsdiluted": -0.0179,
        "weightedAverageShsOut": 72700000,
        "weightedAverageShsOutDil": 72700000,
        "link": "https://www.sec.gov/Archives/edgar/data/29669/000156459021021362/0001564590-21-021362-index.htm",
        "finalLink": "https://www.sec.gov/Archives/edgar/data/29669/000156459021021362/rrd-10q_20210331.htm"
    },
    {
        "date": "2020-12-31",
        "symbol": "RRD",
        "reportedCurrency": "USD",
        "cik": "0000029669",
        "fillingDate": "2021-02-24",
        "acceptedDate": "2021-02-24 17:14:54",
        "calendarYear": "2020",
        "period": "Q4",
        "revenue": 1348600000,
        "costOfRevenue": 1059800000,
        "grossProfit": 288800000,
        "grossProfitRatio": 0.2141480053,
        "researchAndDevelopmentExpenses": 0,
        "generalAndAdministrativeExpenses": 0,
        "sellingAndMarketingExpenses": 0,
        "sellingGeneralAndAdministrativeExpenses": 160800000,
        "otherExpenses": 43700000,
        "operatingExpenses": 204500000,
        "costAndExpenses": 1264300000,
        "interestIncome": 0,
        "interestExpense": 33900000,
        "depreciationAndAmortization": 33700000,
        "ebitda": 258200000,
        "ebitdaratio": 0.1914578081,
        "operatingIncome": 78100000,
        "operatingIncomeRatio": 0.0579119086,
        "totalOtherIncomeExpensesNet": -31700000,
        "incomeBeforeTax": 46400000,
        "incomeBeforeTaxRatio": 0.0344060507,
        "incomeTaxExpense": 13000000,
        "netIncome": 177600000,
        "netIncomeRatio": 0.1316921252,
        "eps": 2.45,
        "epsdiluted": 2.45,
        "weightedAverageShsOut": 72400000,
        "weightedAverageShsOutDil": 72600000,
        "link": "https://www.sec.gov/Archives/edgar/data/29669/000156459021008169/0001564590-21-008169-index.htm",
        "finalLink": "https://www.sec.gov/Archives/edgar/data/29669/000156459021008169/rrd-10k_20201231.htm"
    },
    {
        "date": "2020-09-30",
        "symbol": "RRD",
        "reportedCurrency": "USD",
        "cik": "0000029669",
        "fillingDate": "2020-10-28",
        "acceptedDate": "2020-10-28 16:05:55",
        "calendarYear": "2020",
        "period": "Q3",
        "revenue": 1191300000,
        "costOfRevenue": 943600000,
        "grossProfit": 247700000,
        "grossProfitRatio": 0.2079241165,
        "researchAndDevelopmentExpenses": 0,
        "generalAndAdministrativeExpenses": 0,
        "sellingAndMarketingExpenses": 0,
        "sellingGeneralAndAdministrativeExpenses": 138000000,
        "otherExpenses": 39600000,
        "operatingExpenses": 177600000,
        "costAndExpenses": 1121200000,
        "interestIncome": 0,
        "interestExpense": 34300000,
        "depreciationAndAmortization": 37600000,
        "ebitda": 57100000,
        "ebitdaratio": 0.0479308319,
        "operatingIncome": 15900000,
        "operatingIncomeRatio": 0.013346764,
        "totalOtherIncomeExpensesNet": -30900000,
        "incomeBeforeTax": -15000000,
        "incomeBeforeTaxRatio": -0.0125912868,
        "incomeTaxExpense": -5900000,
        "netIncome": -8900000,
        "netIncomeRatio": -0.0074708302,
        "eps": -0.12,
        "epsdiluted": -0.12,
        "weightedAverageShsOut": 72400000,
        "weightedAverageShsOutDil": 72400000,
        "link": "https://www.sec.gov/Archives/edgar/data/29669/000156459020048323/0001564590-20-048323-index.htm",
        "finalLink": "https://www.sec.gov/Archives/edgar/data/29669/000156459020048323/rrd-10q_20200930.htm"
    },
    {
        "date": "2020-06-30",
        "symbol": "RRD",
        "reportedCurrency": "USD",
        "cik": "0000029669",
        "fillingDate": "2020-07-29",
        "acceptedDate": "2020-07-29 16:21:42",
        "calendarYear": "2020",
        "period": "Q2",
        "revenue": 1162200000,
        "costOfRevenue": 947400000,
        "grossProfit": 214800000,
        "grossProfitRatio": 0.1848218895,
        "researchAndDevelopmentExpenses": 0,
        "generalAndAdministrativeExpenses": 0,
        "sellingAndMarketingExpenses": 0,
        "sellingGeneralAndAdministrativeExpenses": 156000000,
        "otherExpenses": 46200000,
        "operatingExpenses": 202200000,
        "costAndExpenses": 1149600000,
        "interestIncome": 0,
        "interestExpense": 34600000,
        "depreciationAndAmortization": 38200000,
        "ebitda": 25300000,
        "ebitdaratio": 0.0217690587,
        "operatingIncome": -15900000,
        "operatingIncomeRatio": -0.0136809499,
        "totalOtherIncomeExpensesNet": -31600000,
        "incomeBeforeTax": -47500000,
        "incomeBeforeTaxRatio": -0.0408707623,
        "incomeTaxExpense": 9700000,
        "netIncome": -57200000,
        "netIncomeRatio": -0.0492170022,
        "eps": -0.79,
        "epsdiluted": -0.79,
        "weightedAverageShsOut": 72200000,
        "weightedAverageShsOutDil": 72200000,
        "link": "https://www.sec.gov/Archives/edgar/data/29669/000156459020034292/0001564590-20-034292-index.htm",
        "finalLink": "https://www.sec.gov/Archives/edgar/data/29669/000156459020034292/rrd-10q_20200630.htm"
    },
    {
        "date": "2020-03-31",
        "symbol": "RRD",
        "reportedCurrency": "USD",
        "cik": "0000029669",
        "fillingDate": "2020-04-29",
        "acceptedDate": "2020-04-29 16:07:11",
        "calendarYear": "2020",
        "period": "Q1",
        "revenue": 1409500000,
        "costOfRevenue": 1135700000,
        "grossProfit": 273800000,
        "grossProfitRatio": 0.1942532813,
        "researchAndDevelopmentExpenses": 0,
        "generalAndAdministrativeExpenses": 0,
        "sellingAndMarketingExpenses": 0,
        "sellingGeneralAndAdministrativeExpenses": 179100000,
        "otherExpenses": 54000000,
        "operatingExpenses": 233100000,
        "costAndExpenses": 1368800000,
        "interestIncome": 0,
        "interestExpense": 33900000,
        "depreciationAndAmortization": 40800000,
        "ebitda": 53500000,
        "ebitdaratio": 0.0379567222,
        "operatingIncome": 8800000,
        "operatingIncomeRatio": 0.0062433487,
        "totalOtherIncomeExpensesNet": -29900000,
        "incomeBeforeTax": -21100000,
        "incomeBeforeTaxRatio": -0.0149698475,
        "incomeTaxExpense": -8200000,
        "netIncome": -13000000,
        "netIncomeRatio": -0.0092231288,
        "eps": -0.18,
        "epsdiluted": -0.18,
        "weightedAverageShsOut": 71600000,
        "weightedAverageShsOutDil": 71600000,
        "link": "https://www.sec.gov/Archives/edgar/data/29669/000156459020019700/0001564590-20-019700-index.html",
        "finalLink": "https://www.sec.gov/Archives/edgar/data/29669/000156459020019700/rrd-10q_20200331.htm"
    },
    {
        "date": "2019-12-31",
        "symbol": "RRD",
        "reportedCurrency": "USD",
        "cik": "0000029669",
        "fillingDate": "2020-02-26",
        "acceptedDate": "2020-02-26 16:02:58",
        "calendarYear": "2019",
        "period": "Q4",
        "revenue": 1626200000,
        "costOfRevenue": 1302700000,
        "grossProfit": 323500000,
        "grossProfitRatio": 0.1989300209,
        "researchAndDevelopmentExpenses": 0,
        "generalAndAdministrativeExpenses": 0,
        "sellingAndMarketingExpenses": 0,
        "sellingGeneralAndAdministrativeExpenses": 187100000,
        "otherExpenses": 51300000,
        "operatingExpenses": 238400000,
        "costAndExpenses": 1541100000,
        "interestIncome": 0,
        "interestExpense": 37700000,
        "depreciationAndAmortization": 43000000,
        "ebitda": 31400000,
        "ebitdaratio": 0.0193088181,
        "operatingIncome": -19400000,
        "operatingIncomeRatio": -0.0119296519,
        "totalOtherIncomeExpensesNet": -29600000,
        "incomeBeforeTax": -49000000,
        "incomeBeforeTaxRatio": -0.0301315951,
        "incomeTaxExpense": 40700000,
        "netIncome": -90000000,
        "netIncomeRatio": -0.0553437462,
        "eps": -1.26,
        "epsdiluted": -1.26,
        "weightedAverageShsOut": 71500000,
        "weightedAverageShsOutDil": 71500000,
        "link": "https://www.sec.gov/Archives/edgar/data/29669/000156459020006765/0001564590-20-006765-index.html",
        "finalLink": "https://www.sec.gov/Archives/edgar/data/29669/000156459020006765/rrd-10k_20191231.htm"
    },
    {
        "date": "2019-09-30",
        "symbol": "RRD",
        "reportedCurrency": "USD",
        "cik": "0000029669",
        "fillingDate": "2019-10-30",
        "acceptedDate": "2019-10-30 16:02:08",
        "calendarYear": "2019",
        "period": "Q3",
        "revenue": 1619400000,
        "costOfRevenue": 1308500000,
        "grossProfit": 310900000,
        "grossProfitRatio": 0.1919846857,
        "researchAndDevelopmentExpenses": 0,
        "generalAndAdministrativeExpenses": 0,
        "sellingAndMarketingExpenses": 0,
        "sellingGeneralAndAdministrativeExpenses": 190500000,
        "otherExpenses": 48900000,
        "operatingExpenses": 239400000,
        "costAndExpenses": 1547900000,
        "interestIncome": 0,
        "interestExpense": 37400000,
        "depreciationAndAmortization": 43500000,
        "ebitda": 120800000,
        "ebitdaratio": 0.0745955292,
        "operatingIncome": 73800000,
        "operatingIncomeRatio": 0.0455724342,
        "totalOtherIncomeExpensesNet": -33600000,
        "incomeBeforeTax": 40200000,
        "incomeBeforeTaxRatio": 0.0248240089,
        "incomeTaxExpense": 27300000,
        "netIncome": 12600000,
        "netIncomeRatio": 0.0077806595,
        "eps": 0.18,
        "epsdiluted": 0.18,
        "weightedAverageShsOut": 71400000,
        "weightedAverageShsOutDil": 71400000,
        "link": "https://www.sec.gov/Archives/edgar/data/29669/000156459019038763/0001564590-19-038763-index.html",
        "finalLink": "https://www.sec.gov/Archives/edgar/data/29669/000156459019038763/rrd-10q_20190930.htm"
    },
    {
        "date": "2019-06-30",
        "symbol": "RRD",
        "reportedCurrency": "USD",
        "cik": "0000029669",
        "fillingDate": "2019-07-31",
        "acceptedDate": "2019-07-31 16:02:01",
        "calendarYear": "2019",
        "period": "Q2",
        "revenue": 1508700000,
        "costOfRevenue": 1230500000,
        "grossProfit": 278200000,
        "grossProfitRatio": 0.1843971631,
        "researchAndDevelopmentExpenses": 0,
        "generalAndAdministrativeExpenses": 0,
        "sellingAndMarketingExpenses": 0,
        "sellingGeneralAndAdministrativeExpenses": 199000000,
        "otherExpenses": 42300000,
        "operatingExpenses": 241300000,
        "costAndExpenses": 1471800000,
        "interestIncome": 0,
        "interestExpense": 38100000,
        "depreciationAndAmortization": 40000000,
        "ebitda": 63500000,
        "ebitdaratio": 0.0420892159,
        "operatingIncome": 20900000,
        "operatingIncomeRatio": 0.013852986,
        "totalOtherIncomeExpensesNet": -35900000,
        "incomeBeforeTax": -15000000,
        "incomeBeforeTaxRatio": -0.0099423345,
        "incomeTaxExpense": -7600000,
        "netIncome": -7000000,
        "netIncomeRatio": -0.0046397561,
        "eps": -0.0982,
        "epsdiluted": -0.0982,
        "weightedAverageShsOut": 71300000,
        "weightedAverageShsOutDil": 71300000,
        "link": "https://www.sec.gov/Archives/edgar/data/29669/000156459019027463/0001564590-19-027463-index.htm",
        "finalLink": "https://www.sec.gov/Archives/edgar/data/29669/000156459019027463/rrd-10q_20190630.htm"
    },
    {
        "date": "2019-03-31",
        "symbol": "RRD",
        "reportedCurrency": "USD",
        "cik": "0000029669",
        "fillingDate": "2019-05-01",
        "acceptedDate": "2019-05-01 16:02:44",
        "calendarYear": "2019",
        "period": "Q1",
        "revenue": 1521900000,
        "costOfRevenue": 1243600000,
        "grossProfit": 278300000,
        "grossProfitRatio": 0.1828635259,
        "researchAndDevelopmentExpenses": 0,
        "generalAndAdministrativeExpenses": 0,
        "sellingAndMarketingExpenses": 0,
        "sellingGeneralAndAdministrativeExpenses": 199600000,
        "otherExpenses": 38300000,
        "operatingExpenses": 237900000,
        "costAndExpenses": 1481500000,
        "interestIncome": 0,
        "interestExpense": 40100000,
        "depreciationAndAmortization": 42700000,
        "ebitda": 70200000,
        "ebitdaratio": 0.0461265523,
        "operatingIncome": 23300000,
        "operatingIncomeRatio": 0.0153098101,
        "totalOtherIncomeExpensesNet": -35600000,
        "incomeBeforeTax": -12300000,
        "incomeBeforeTaxRatio": -0.0080820028,
        "incomeTaxExpense": -3800000,
        "netIncome": -8800000,
        "netIncomeRatio": -0.0057822459,
        "eps": -0.12,
        "epsdiluted": -0.12,
        "weightedAverageShsOut": 70800000,
        "weightedAverageShsOutDil": 70800000,
        "link": "https://www.sec.gov/Archives/edgar/data/29669/000156459019014798/0001564590-19-014798-index.html",
        "finalLink": "https://www.sec.gov/Archives/edgar/data/29669/000156459019014798/rrd-10q_20190331.htm"
    },
    {
        "date": "2018-12-31",
        "symbol": "RRD",
        "reportedCurrency": "USD",
        "cik": "0000029669",
        "fillingDate": "2019-02-27",
        "acceptedDate": "2019-02-27 16:02:25",
        "calendarYear": "2018",
        "period": "Q4",
        "revenue": 1763400000,
        "costOfRevenue": 1408700000,
        "grossProfit": 354700000,
        "grossProfitRatio": 0.2011455143,
        "researchAndDevelopmentExpenses": 0,
        "generalAndAdministrativeExpenses": 0,
        "sellingAndMarketingExpenses": 0,
        "sellingGeneralAndAdministrativeExpenses": 204000000,
        "otherExpenses": 44700000,
        "operatingExpenses": 248700000,
        "costAndExpenses": 1657400000,
        "interestIncome": 0,
        "interestExpense": 46800000,
        "depreciationAndAmortization": 43900000,
        "ebitda": 111300000,
        "ebitdaratio": 0.0631167064,
        "operatingIncome": 90000000,
        "operatingIncomeRatio": 0.0510377679,
        "totalOtherIncomeExpensesNet": -69200000,
        "incomeBeforeTax": 20800000,
        "incomeBeforeTaxRatio": 0.0117953953,
        "incomeTaxExpense": 43300000,
        "netIncome": -22700000,
        "netIncomeRatio": -0.0128728592,
        "eps": -0.32,
        "epsdiluted": -0.32,
        "weightedAverageShsOut": 70700000,
        "weightedAverageShsOutDil": 70700000,
        "link": "https://www.sec.gov/Archives/edgar/data/29669/000156459019004881/0001564590-19-004881-index.html",
        "finalLink": "https://www.sec.gov/Archives/edgar/data/29669/000156459019004881/rrd-10k_20181231.htm"
    },
    {
        "date": "2018-09-30",
        "symbol": "RRD",
        "reportedCurrency": "USD",
        "cik": "0000029669",
        "fillingDate": "2018-10-31",
        "acceptedDate": "2018-10-31 16:02:22",
        "calendarYear": "2018",
        "period": "Q3",
        "revenue": 1649500000,
        "costOfRevenue": 1334100000,
        "grossProfit": 315400000,
        "grossProfitRatio": 0.1912094574,
        "researchAndDevelopmentExpenses": 0,
        "generalAndAdministrativeExpenses": 0,
        "sellingAndMarketingExpenses": 0,
        "sellingGeneralAndAdministrativeExpenses": 203800000,
        "otherExpenses": 39700000,
        "operatingExpenses": 243500000,
        "costAndExpenses": 1577600000,
        "interestIncome": 0,
        "interestExpense": 42000000,
        "depreciationAndAmortization": 44200000,
        "ebitda": 110100000,
        "ebitdaratio": 0.0667474992,
        "operatingIncome": 60900000,
        "operatingIncomeRatio": 0.0369202789,
        "totalOtherIncomeExpensesNet": -36500000,
        "incomeBeforeTax": 24400000,
        "incomeBeforeTaxRatio": 0.0147923613,
        "incomeTaxExpense": -10400000,
        "netIncome": 34300000,
        "netIncomeRatio": 0.0207941801,
        "eps": 0.49,
        "epsdiluted": 0.49,
        "weightedAverageShsOut": 70600000,
        "weightedAverageShsOutDil": 70700000,
        "link": "https://www.sec.gov/Archives/edgar/data/29669/000156459018025827/0001564590-18-025827-index.html",
        "finalLink": "https://www.sec.gov/Archives/edgar/data/29669/000156459018025827/rrd-10q_20180930.htm"
    },
    {
        "date": "2018-06-30",
        "symbol": "RRD",
        "reportedCurrency": "USD",
        "cik": "0000029669",
        "fillingDate": "2018-08-02",
        "acceptedDate": "2018-08-02 16:31:50",
        "calendarYear": "2018",
        "period": "Q2",
        "revenue": 1679500000,
        "costOfRevenue": 1388900000,
        "grossProfit": 290600000,
        "grossProfitRatio": 0.1730276868,
        "researchAndDevelopmentExpenses": 0,
        "generalAndAdministrativeExpenses": 0,
        "sellingAndMarketingExpenses": 0,
        "sellingGeneralAndAdministrativeExpenses": 208000000,
        "otherExpenses": 46100000,
        "operatingExpenses": 254100000,
        "costAndExpenses": 1643000000,
        "interestIncome": 0,
        "interestExpense": 42000000,
        "depreciationAndAmortization": 46100000,
        "ebitda": 74800000,
        "ebitdaratio": 0.0445370646,
        "operatingIncome": 25500000,
        "operatingIncomeRatio": 0.0151830902,
        "totalOtherIncomeExpensesNet": -38400000,
        "incomeBeforeTax": -12900000,
        "incomeBeforeTaxRatio": -0.0076808574,
        "incomeTaxExpense": -300000,
        "netIncome": -13000000,
        "netIncomeRatio": -0.0077403989,
        "eps": -0.18,
        "epsdiluted": -0.18,
        "weightedAverageShsOut": 70600000,
        "weightedAverageShsOutDil": 70600000,
        "link": "https://www.sec.gov/Archives/edgar/data/29669/000156459018018933/0001564590-18-018933-index.html",
        "finalLink": "https://www.sec.gov/Archives/edgar/data/29669/000156459018018933/rrd-10q_20180630.htm"
    },
    {
        "date": "2018-03-31",
        "symbol": "RRD",
        "reportedCurrency": "USD",
        "cik": "0000029669",
        "fillingDate": "2018-05-02",
        "acceptedDate": "2018-05-02 16:10:47",
        "calendarYear": "2018",
        "period": "Q1",
        "revenue": 1707800000,
        "costOfRevenue": 1413100000,
        "grossProfit": 294700000,
        "grossProfitRatio": 0.1725611898,
        "researchAndDevelopmentExpenses": 0,
        "generalAndAdministrativeExpenses": 0,
        "sellingAndMarketingExpenses": 0,
        "sellingGeneralAndAdministrativeExpenses": 214600000,
        "otherExpenses": 47100000,
        "operatingExpenses": 261700000,
        "costAndExpenses": 1674800000,
        "interestIncome": 0,
        "interestExpense": 41700000,
        "depreciationAndAmortization": 47200000,
        "ebitda": 84600000,
        "ebitdaratio": 0.0495374166,
        "operatingIncome": 32200000,
        "operatingIncomeRatio": 0.0188546668,
        "totalOtherIncomeExpensesNet": -36200000,
        "incomeBeforeTax": -4000000,
        "incomeBeforeTaxRatio": -0.0023421946,
        "incomeTaxExpense": 5300000,
        "netIncome": -9600000,
        "netIncomeRatio": -0.0056212671,
        "eps": -0.14,
        "epsdiluted": -0.14,
        "weightedAverageShsOut": 70300000,
        "weightedAverageShsOutDil": 70300000,
        "link": "https://www.sec.gov/Archives/edgar/data/29669/000156459018010301/0001564590-18-010301-index.html",
        "finalLink": "https://www.sec.gov/Archives/edgar/data/29669/000156459018010301/rrd-10q_20180331.htm"
    },
    {
        "date": "2017-12-31",
        "symbol": "RRD",
        "reportedCurrency": "USD",
        "cik": "0000029669",
        "fillingDate": "2018-02-28",
        "acceptedDate": "2018-02-28 16:14:45",
        "calendarYear": "2017",
        "period": "Q4",
        "revenue": 1925800000,
        "costOfRevenue": 1560800000,
        "grossProfit": 365000000,
        "grossProfitRatio": 0.1895316232,
        "researchAndDevelopmentExpenses": 0,
        "generalAndAdministrativeExpenses": 0,
        "sellingAndMarketingExpenses": 0,
        "sellingGeneralAndAdministrativeExpenses": 205800000,
        "otherExpenses": 48300000,
        "operatingExpenses": 254100000,
        "costAndExpenses": 1814900000,
        "interestIncome": 0,
        "interestExpense": 45100000,
        "depreciationAndAmortization": 48300000,
        "ebitda": 156700000,
        "ebitdaratio": 0.0813687818,
        "operatingIncome": 104600000,
        "operatingIncomeRatio": 0.0543150898,
        "totalOtherIncomeExpensesNet": -40800000,
        "incomeBeforeTax": 63800000,
        "incomeBeforeTaxRatio": 0.0331290892,
        "incomeTaxExpense": 116100000,
        "netIncome": -52800000,
        "netIncomeRatio": -0.0274171773,
        "eps": -0.75,
        "epsdiluted": -0.75,
        "weightedAverageShsOut": 70200000,
        "weightedAverageShsOutDil": 70200000,
        "link": "https://www.sec.gov/Archives/edgar/data/29669/000156459018003799/0001564590-18-003799-index.html",
        "finalLink": "https://www.sec.gov/Archives/edgar/data/29669/000156459018003799/rrd-10k_20171231.htm"
    },
    {
        "date": "2017-09-30",
        "symbol": "RRD",
        "reportedCurrency": "USD",
        "cik": "0000029669",
        "fillingDate": "2017-10-31",
        "acceptedDate": "2017-10-31 16:58:23",
        "calendarYear": "2017",
        "period": "Q3",
        "revenue": 1734900000,
        "costOfRevenue": 1410500000,
        "grossProfit": 324400000,
        "grossProfitRatio": 0.1869848406,
        "researchAndDevelopmentExpenses": 0,
        "generalAndAdministrativeExpenses": 0,
        "sellingAndMarketingExpenses": 0,
        "sellingGeneralAndAdministrativeExpenses": 207700000,
        "otherExpenses": 47000000,
        "operatingExpenses": 254700000,
        "costAndExpenses": 1665200000,
        "interestIncome": 0,
        "interestExpense": 43500000,
        "depreciationAndAmortization": 47000000,
        "ebitda": 79000000,
        "ebitdaratio": 0.0455357658,
        "operatingIncome": 35900000,
        "operatingIncomeRatio": 0.0206928353,
        "totalOtherIncomeExpensesNet": -47200000,
        "incomeBeforeTax": -11300000,
        "incomeBeforeTaxRatio": -0.0065133437,
        "incomeTaxExpense": -3500000,
        "netIncome": -8000000,
        "netIncomeRatio": -0.0046112168,
        "eps": -0.11,
        "epsdiluted": -0.11,
        "weightedAverageShsOut": 70200000,
        "weightedAverageShsOutDil": 70200000,
        "link": "https://www.sec.gov/Archives/edgar/data/29669/000156459017020546/0001564590-17-020546-index.html",
        "finalLink": "https://www.sec.gov/Archives/edgar/data/29669/000156459017020546/rrd-10q_20170930.htm"
    },
    {
        "date": "2017-06-30",
        "symbol": "RRD",
        "reportedCurrency": "USD",
        "cik": "0000029669",
        "fillingDate": "2017-08-02",
        "acceptedDate": "2017-08-02 16:24:40",
        "calendarYear": "2017",
        "period": "Q2",
        "revenue": 1646000000,
        "costOfRevenue": 1342900000,
        "grossProfit": 303100000,
        "grossProfitRatio": 0.1841433779,
        "researchAndDevelopmentExpenses": 0,
        "generalAndAdministrativeExpenses": 0,
        "sellingAndMarketingExpenses": 0,
        "sellingGeneralAndAdministrativeExpenses": 213200000,
        "otherExpenses": 47500000,
        "operatingExpenses": 260700000,
        "costAndExpenses": 1603600000,
        "interestIncome": 0,
        "interestExpense": 45500000,
        "depreciationAndAmortization": 47500000,
        "ebitda": 165400000,
        "ebitdaratio": 0.1004860267,
        "operatingIncome": 38600000,
        "operatingIncomeRatio": 0.0234507898,
        "totalOtherIncomeExpensesNet": 34000000,
        "incomeBeforeTax": 72600000,
        "incomeBeforeTaxRatio": 0.0441069259,
        "incomeTaxExpense": -4100000,
        "netIncome": 76500000,
        "netIncomeRatio": 0.0464763062,
        "eps": 1.09,
        "epsdiluted": 1.09,
        "weightedAverageShsOut": 70100000,
        "weightedAverageShsOutDil": 70200000,
        "link": "https://www.sec.gov/Archives/edgar/data/29669/000156459017014924/0001564590-17-014924-index.html",
        "finalLink": "https://www.sec.gov/Archives/edgar/data/29669/000156459017014924/rrd-10q_20170630.htm"
    },
    {
        "date": "2017-03-31",
        "symbol": "RRD",
        "reportedCurrency": "USD",
        "cik": "0000029669",
        "fillingDate": "2017-05-03",
        "acceptedDate": "2017-05-03 16:36:09",
        "calendarYear": "2017",
        "period": "Q1",
        "revenue": 1676300000,
        "costOfRevenue": 1348500000,
        "grossProfit": 327800000,
        "grossProfitRatio": 0.1955497226,
        "researchAndDevelopmentExpenses": 0,
        "generalAndAdministrativeExpenses": 0,
        "sellingAndMarketingExpenses": 0,
        "sellingGeneralAndAdministrativeExpenses": 222700000,
        "otherExpenses": 48600000,
        "operatingExpenses": 271300000,
        "costAndExpenses": 1619800000,
        "interestIncome": 0,
        "interestExpense": 48300000,
        "depreciationAndAmortization": 48600000,
        "ebitda": 47000000,
        "ebitdaratio": 0.0280379407,
        "operatingIncome": 47400000,
        "operatingIncomeRatio": 0.0282765615,
        "totalOtherIncomeExpensesNet": -97000000,
        "incomeBeforeTax": -49600000,
        "incomeBeforeTaxRatio": -0.0295889757,
        "incomeTaxExpense": 200000,
        "netIncome": -50100000,
        "netIncomeRatio": -0.0298872517,
        "eps": -0.71,
        "epsdiluted": -0.71,
        "weightedAverageShsOut": 70100000,
        "weightedAverageShsOutDil": 70100000,
        "link": "https://www.sec.gov/Archives/edgar/data/29669/000156459017008403/0001564590-17-008403-index.html",
        "finalLink": "https://www.sec.gov/Archives/edgar/data/29669/000156459017008403/rrd-10q_20170331.htm"
    },
    {
        "date": "2016-12-31",
        "symbol": "RRD",
        "reportedCurrency": "USD",
        "cik": "0000029669",
        "fillingDate": "2017-02-28",
        "acceptedDate": "2017-02-28 17:09:11",
        "calendarYear": "2016",
        "period": "Q4",
        "revenue": -1257800000,
        "costOfRevenue": 0,
        "grossProfit": -1257800000,
        "grossProfitRatio": 1,
        "researchAndDevelopmentExpenses": 0,
        "generalAndAdministrativeExpenses": 0,
        "sellingAndMarketingExpenses": 0,
        "sellingGeneralAndAdministrativeExpenses": -199100000,
        "otherExpenses": -108200000,
        "operatingExpenses": -307300000,
        "costAndExpenses": -614100000,
        "interestIncome": 0,
        "interestExpense": -800000,
        "depreciationAndAmortization": 50700000,
        "ebitda": -510800000,
        "ebitdaratio": 0.4061058992,
        "operatingIncome": -643700000,
        "operatingIncomeRatio": 0.5117665766,
        "totalOtherIncomeExpensesNet": 93200000,
        "incomeBeforeTax": -550500000,
        "incomeBeforeTaxRatio": 0.4376689458,
        "incomeTaxExpense": -46600000,
        "netIncome": -514100000,
        "netIncomeRatio": 0.4087295277,
        "eps": -7.34,
        "epsdiluted": -7.34,
        "weightedAverageShsOut": 70000000,
        "weightedAverageShsOutDil": 70000000,
        "link": "https://www.sec.gov/Archives/edgar/data/29669/000156459017002897/0001564590-17-002897-index.html",
        "finalLink": "https://www.sec.gov/Archives/edgar/data/29669/000156459017002897/rrd-10k_20161231.htm"
    },
    {
        "date": "2016-09-30",
        "symbol": "RRD",
        "reportedCurrency": "USD",
        "cik": "0000029669",
        "fillingDate": "2016-11-02",
        "acceptedDate": "2016-11-02 16:59:08",
        "calendarYear": "2016",
        "period": "Q3",
        "revenue": 2772400000,
        "costOfRevenue": 2164700000,
        "grossProfit": 607700000,
        "grossProfitRatio": 0.2191963642,
        "researchAndDevelopmentExpenses": 0,
        "generalAndAdministrativeExpenses": 0,
        "sellingAndMarketingExpenses": 0,
        "sellingGeneralAndAdministrativeExpenses": 333400000,
        "otherExpenses": 101800000,
        "operatingExpenses": 435200000,
        "costAndExpenses": 2599900000,
        "interestIncome": 0,
        "interestExpense": 67100000,
        "depreciationAndAmortization": 101500000,
        "ebitda": 174000000,
        "ebitdaratio": 0.0627615063,
        "operatingIncome": 157500000,
        "operatingIncomeRatio": 0.0568099841,
        "totalOtherIncomeExpensesNet": -151800000,
        "incomeBeforeTax": 5700000,
        "incomeBeforeTaxRatio": 0.0020559804,
        "incomeTaxExpense": 12500000,
        "netIncome": -7100000,
        "netIncomeRatio": -0.002560958,
        "eps": -0.1,
        "epsdiluted": -0.1,
        "weightedAverageShsOut": 69999930,
        "weightedAverageShsOutDil": 69999930,
        "link": "https://www.sec.gov/Archives/edgar/data/29669/000156459016027037/0001564590-16-027037-index.html",
        "finalLink": "https://www.sec.gov/Archives/edgar/data/29669/000156459016027037/rrd-10q_20160930.htm"
    },
    {
        "date": "2016-06-30",
        "symbol": "RRD",
        "reportedCurrency": "USD",
        "cik": "0000029669",
        "fillingDate": "2016-08-03",
        "acceptedDate": "2016-08-03 16:40:12",
        "calendarYear": "2016",
        "period": "Q2",
        "revenue": 2729700000,
        "costOfRevenue": 2124800000,
        "grossProfit": 604900000,
        "grossProfitRatio": 0.2215994432,
        "researchAndDevelopmentExpenses": 0,
        "generalAndAdministrativeExpenses": 0,
        "sellingAndMarketingExpenses": 0,
        "sellingGeneralAndAdministrativeExpenses": 434900000,
        "otherExpenses": 104000000,
        "operatingExpenses": 538900000,
        "costAndExpenses": 2663700000,
        "interestIncome": 0,
        "interestExpense": 68800000,
        "depreciationAndAmortization": 104000000,
        "ebitda": 155100000,
        "ebitdaratio": 0.0568194307,
        "operatingIncome": 52300000,
        "operatingIncomeRatio": 0.0191596146,
        "totalOtherIncomeExpensesNet": -69800000,
        "incomeBeforeTax": -17500000,
        "incomeBeforeTaxRatio": -0.0064109609,
        "incomeTaxExpense": -3200000,
        "netIncome": -14500000,
        "netIncomeRatio": -0.005311939,
        "eps": -0.21,
        "epsdiluted": -0.21,
        "weightedAverageShsOut": 69966596,
        "weightedAverageShsOutDil": 69966596,
        "link": "https://www.sec.gov/Archives/edgar/data/29669/000156459016022384/0001564590-16-022384-index.htm",
        "finalLink": "https://www.sec.gov/Archives/edgar/data/29669/000156459016022384/rrd-10q_20160630.htm"
    },
    {
        "date": "2016-03-31",
        "symbol": "RRD",
        "reportedCurrency": "USD",
        "cik": "0000029669",
        "fillingDate": "2016-05-03",
        "acceptedDate": "2016-05-03 16:39:52",
        "calendarYear": "2016",
        "period": "Q1",
        "revenue": 2651400000,
        "costOfRevenue": 2082100000,
        "grossProfit": 569300000,
        "grossProfitRatio": 0.2147167534,
        "researchAndDevelopmentExpenses": 0,
        "generalAndAdministrativeExpenses": 0,
        "sellingAndMarketingExpenses": 0,
        "sellingGeneralAndAdministrativeExpenses": 331600000,
        "otherExpenses": 94700000,
        "operatingExpenses": 426300000,
        "costAndExpenses": 2508400000,
        "interestIncome": 0,
        "interestExpense": 68200000,
        "depreciationAndAmortization": 107000000,
        "ebitda": 240000000,
        "ebitdaratio": 0.0905182168,
        "operatingIncome": 133300000,
        "operatingIncomeRatio": 0.0502753262,
        "totalOtherIncomeExpensesNet": -68200000,
        "incomeBeforeTax": 65100000,
        "incomeBeforeTaxRatio": 0.0245530663,
        "incomeTaxExpense": 25000000,
        "netIncome": 39800000,
        "netIncomeRatio": 0.0150109376,
        "eps": 0.57,
        "epsdiluted": 0.57,
        "weightedAverageShsOut": 69866596,
        "weightedAverageShsOutDil": 70266596,
        "link": "https://www.sec.gov/Archives/edgar/data/29669/000156459016017467/0001564590-16-017467-index.html",
        "finalLink": "https://www.sec.gov/Archives/edgar/data/29669/000156459016017467/rrd-10q_20160331.htm"
    },
    {
        "date": "2015-12-31",
        "symbol": "RRD",
        "reportedCurrency": "USD",
        "cik": "0000029669",
        "fillingDate": "2016-02-25",
        "acceptedDate": "2016-02-25 17:02:00",
        "calendarYear": "2015",
        "period": "Q4",
        "revenue": 2934600000,
        "costOfRevenue": 2286000000,
        "grossProfit": 648600000,
        "grossProfitRatio": 0.2210181967,
        "researchAndDevelopmentExpenses": 0,
        "generalAndAdministrativeExpenses": 0,
        "sellingAndMarketingExpenses": 0,
        "sellingGeneralAndAdministrativeExpenses": 327600000,
        "otherExpenses": 112500000,
        "operatingExpenses": 440100000,
        "costAndExpenses": 2726100000,
        "interestIncome": 0,
        "interestExpense": 74100000,
        "depreciationAndAmortization": 112500000,
        "ebitda": 307900000,
        "ebitdaratio": 0.1049206025,
        "operatingIncome": 190800000,
        "operatingIncomeRatio": 0.0650173789,
        "totalOtherIncomeExpensesNet": -69200000,
        "incomeBeforeTax": 121600000,
        "incomeBeforeTaxRatio": 0.0414366524,
        "incomeTaxExpense": 50300000,
        "netIncome": 71000000,
        "netIncomeRatio": 0.024194098,
        "eps": 1.02,
        "epsdiluted": 1.01,
        "weightedAverageShsOut": 69733263,
        "weightedAverageShsOutDil": 70133263,
        "link": "https://www.sec.gov/Archives/edgar/data/29669/000156459016013400/0001564590-16-013400-index.html",
        "finalLink": "https://www.sec.gov/Archives/edgar/data/29669/000156459016013400/rrd-10k_20151231.htm"
    },
    {
        "date": "2015-09-30",
        "symbol": "RRD",
        "reportedCurrency": "USD",
        "cik": "0000029669",
        "fillingDate": "2015-11-05",
        "acceptedDate": "2015-11-05 16:51:22",
        "calendarYear": "2015",
        "period": "Q3",
        "revenue": 2828000000,
        "costOfRevenue": 2208100000,
        "grossProfit": 619900000,
        "grossProfitRatio": 0.2192008487,
        "researchAndDevelopmentExpenses": 0,
        "generalAndAdministrativeExpenses": 0,
        "sellingAndMarketingExpenses": 0,
        "sellingGeneralAndAdministrativeExpenses": 328400000,
        "otherExpenses": 115300000,
        "operatingExpenses": 443700000,
        "costAndExpenses": 2651800000,
        "interestIncome": 0,
        "interestExpense": 69000000,
        "depreciationAndAmortization": 115300000,
        "ebitda": 238300000,
        "ebitdaratio": 0.0842644979,
        "operatingIncome": 123300000,
        "operatingIncomeRatio": 0.0435997171,
        "totalOtherIncomeExpensesNet": -72000000,
        "incomeBeforeTax": 51300000,
        "incomeBeforeTaxRatio": 0.0181400283,
        "incomeTaxExpense": 39700000,
        "netIncome": 14300000,
        "netIncomeRatio": 0.0050565771,
        "eps": 0.21,
        "epsdiluted": 0.2,
        "weightedAverageShsOut": 69733263,
        "weightedAverageShsOutDil": 70099929,
        "link": "https://www.sec.gov/Archives/edgar/data/29669/000156459015009711/0001564590-15-009711-index.html",
        "finalLink": "https://www.sec.gov/Archives/edgar/data/29669/000156459015009711/rrd-10q_20150930.htm"
    },
    {
        "date": "2015-06-30",
        "symbol": "RRD",
        "reportedCurrency": "USD",
        "cik": "0000029669",
        "fillingDate": "2015-08-04",
        "acceptedDate": "2015-08-04 17:28:39",
        "calendarYear": "2015",
        "period": "Q2",
        "revenue": 2748100000,
        "costOfRevenue": 2132300000,
        "grossProfit": 615800000,
        "grossProfitRatio": 0.2240820931,
        "researchAndDevelopmentExpenses": 0,
        "generalAndAdministrativeExpenses": 0,
        "sellingAndMarketingExpenses": 0,
        "sellingGeneralAndAdministrativeExpenses": 313100000,
        "otherExpenses": 112800000,
        "operatingExpenses": 425900000,
        "costAndExpenses": 2558200000,
        "interestIncome": 0,
        "interestExpense": 69200000,
        "depreciationAndAmortization": 112800000,
        "ebitda": 258500000,
        "ebitdaratio": 0.0940649904,
        "operatingIncome": 157700000,
        "operatingIncomeRatio": 0.0573851024,
        "totalOtherIncomeExpensesNet": -81100000,
        "incomeBeforeTax": 76600000,
        "incomeBeforeTaxRatio": 0.0278738037,
        "incomeTaxExpense": 33000000,
        "netIncome": 43500000,
        "netIncomeRatio": 0.0158291183,
        "eps": 0.64,
        "epsdiluted": 0.64,
        "weightedAverageShsOut": 67699932,
        "weightedAverageShsOutDil": 68066598,
        "link": "https://www.sec.gov/Archives/edgar/data/29669/000156459015006094/0001564590-15-006094-index.html",
        "finalLink": "https://www.sec.gov/Archives/edgar/data/29669/000156459015006094/rrd-10q_20150630.htm"
    },
    {
        "date": "2015-03-31",
        "symbol": "RRD",
        "reportedCurrency": "USD",
        "cik": "0000029669",
        "fillingDate": "2015-05-07",
        "acceptedDate": "2015-05-07 16:11:13",
        "calendarYear": "2015",
        "period": "Q1",
        "revenue": 2746100000,
        "costOfRevenue": 2166400000,
        "grossProfit": 579700000,
        "grossProfitRatio": 0.2110993773,
        "researchAndDevelopmentExpenses": 0,
        "generalAndAdministrativeExpenses": 0,
        "sellingAndMarketingExpenses": 0,
        "sellingGeneralAndAdministrativeExpenses": 330900000,
        "otherExpenses": 113400000,
        "operatingExpenses": 444300000,
        "costAndExpenses": 2610700000,
        "interestIncome": 0,
        "interestExpense": 69000000,
        "depreciationAndAmortization": 113400000,
        "ebitda": 211100000,
        "ebitdaratio": 0.0768726558,
        "operatingIncome": 115600000,
        "operatingIncomeRatio": 0.0420960635,
        "totalOtherIncomeExpensesNet": -97300000,
        "incomeBeforeTax": 18300000,
        "incomeBeforeTaxRatio": 0.0066639962,
        "incomeTaxExpense": 6400000,
        "netIncome": 22300000,
        "netIncomeRatio": 0.0081206074,
        "eps": 0.33,
        "epsdiluted": 0.33,
        "weightedAverageShsOut": 66866599,
        "weightedAverageShsOutDil": 67366599,
        "link": "https://www.sec.gov/Archives/edgar/data/29669/000156459015003573/0001564590-15-003573-index.html",
        "finalLink": "https://www.sec.gov/Archives/edgar/data/29669/000156459015003573/rrd-10q_20150331.htm"
    },
    {
        "date": "2014-12-31",
        "symbol": "RRD",
        "reportedCurrency": "USD",
        "cik": "0000029669",
        "fillingDate": "2015-02-25",
        "acceptedDate": "2015-02-25 16:38:10",
        "calendarYear": "2014",
        "period": "Q4",
        "revenue": 3069300000,
        "costOfRevenue": 2401700000,
        "grossProfit": 667600000,
        "grossProfitRatio": 0.2175088782,
        "researchAndDevelopmentExpenses": 0,
        "generalAndAdministrativeExpenses": 0,
        "sellingAndMarketingExpenses": 0,
        "sellingGeneralAndAdministrativeExpenses": 436800000,
        "otherExpenses": 117000000,
        "operatingExpenses": 553800000,
        "costAndExpenses": 2955500000,
        "interestIncome": 0,
        "interestExpense": 78000000,
        "depreciationAndAmortization": 117000000,
        "ebitda": 189100000,
        "ebitdaratio": 0.0616101391,
        "operatingIncome": 68000000,
        "operatingIncomeRatio": 0.0221548887,
        "totalOtherIncomeExpensesNet": -69800000,
        "incomeBeforeTax": -1800000,
        "incomeBeforeTaxRatio": -0.0005864529,
        "incomeTaxExpense": -25400000,
        "netIncome": 19500000,
        "netIncomeRatio": 0.0063532402,
        "eps": 0.29,
        "epsdiluted": 0.29,
        "weightedAverageShsOut": 66866599,
        "weightedAverageShsOutDil": 66866599,
        "link": "https://www.sec.gov/Archives/edgar/data/29669/000156459015000956/0001564590-15-000956-index.htm",
        "finalLink": "https://www.sec.gov/Archives/edgar/data/29669/000156459015000956/rrd-10k_20141231.htm"
    },
    {
        "date": "2014-09-30",
        "symbol": "RRD",
        "reportedCurrency": "USD",
        "cik": "0000029669",
        "fillingDate": "2014-11-05",
        "acceptedDate": "2014-11-05 17:23:20",
        "calendarYear": "2014",
        "period": "Q3",
        "revenue": 2957800000,
        "costOfRevenue": 2310200000,
        "grossProfit": 647600000,
        "grossProfitRatio": 0.2189465143,
        "researchAndDevelopmentExpenses": 0,
        "generalAndAdministrativeExpenses": 0,
        "sellingAndMarketingExpenses": 0,
        "sellingGeneralAndAdministrativeExpenses": 334400000,
        "otherExpenses": 119600000,
        "operatingExpenses": 454000000,
        "costAndExpenses": 2764200000,
        "interestIncome": 0,
        "interestExpense": 71200000,
        "depreciationAndAmortization": 119600000,
        "ebitda": 288700000,
        "ebitdaratio": 0.097606329,
        "operatingIncome": 173700000,
        "operatingIncomeRatio": 0.0587260802,
        "totalOtherIncomeExpensesNet": -73200000,
        "incomeBeforeTax": 100500000,
        "incomeBeforeTaxRatio": 0.0339779566,
        "incomeTaxExpense": 35700000,
        "netIncome": 62200000,
        "netIncomeRatio": 0.0210291433,
        "eps": 0.93,
        "epsdiluted": 0.93,
        "weightedAverageShsOut": 66766599,
        "weightedAverageShsOutDil": 67199932,
        "link": "https://www.sec.gov/Archives/edgar/data/29669/000156459014005050/0001564590-14-005050-index.html",
        "finalLink": "https://www.sec.gov/Archives/edgar/data/29669/000156459014005050/rrd-10q_20140930.htm"
    },
    {
        "date": "2014-06-30",
        "symbol": "RRD",
        "reportedCurrency": "USD",
        "cik": "0000029669",
        "fillingDate": "2014-07-30",
        "acceptedDate": "2014-07-30 16:41:15",
        "calendarYear": "2014",
        "period": "Q2",
        "revenue": 2902500000,
        "costOfRevenue": 2240300000,
        "grossProfit": 662200000,
        "grossProfitRatio": 0.2281481481,
        "researchAndDevelopmentExpenses": 0,
        "generalAndAdministrativeExpenses": 0,
        "sellingAndMarketingExpenses": 0,
        "sellingGeneralAndAdministrativeExpenses": 339300000,
        "otherExpenses": 121900000,
        "operatingExpenses": 461200000,
        "costAndExpenses": 2701500000,
        "interestIncome": 0,
        "interestExpense": 70800000,
        "depreciationAndAmortization": 121900000,
        "ebitda": 296900000,
        "ebitdaratio": 0.1022911283,
        "operatingIncome": 178200000,
        "operatingIncomeRatio": 0.0613953488,
        "totalOtherIncomeExpensesNet": -73100000,
        "incomeBeforeTax": 105100000,
        "incomeBeforeTaxRatio": 0.0362101637,
        "incomeTaxExpense": 39500000,
        "netIncome": 64700000,
        "netIncomeRatio": 0.0222911283,
        "eps": 0.97,
        "epsdiluted": 0.96,
        "weightedAverageShsOut": 66733266,
        "weightedAverageShsOutDil": 67133266,
        "link": "https://www.sec.gov/Archives/edgar/data/29669/000156459014002986/0001564590-14-002986-index.html",
        "finalLink": "https://www.sec.gov/Archives/edgar/data/29669/000156459014002986/rrd-10q_20140630.htm"
    },
    {
        "date": "2014-03-31",
        "symbol": "RRD",
        "reportedCurrency": "USD",
        "cik": "0000029669",
        "fillingDate": "2014-05-01",
        "acceptedDate": "2014-05-01 17:05:51",
        "calendarYear": "2014",
        "period": "Q1",
        "revenue": 2673800000,
        "costOfRevenue": 2100600000,
        "grossProfit": 573200000,
        "grossProfitRatio": 0.2143765427,
        "researchAndDevelopmentExpenses": 0,
        "generalAndAdministrativeExpenses": 0,
        "sellingAndMarketingExpenses": 0,
        "sellingGeneralAndAdministrativeExpenses": 316500000,
        "otherExpenses": 115500000,
        "operatingExpenses": 432000000,
        "costAndExpenses": 2532600000,
        "interestIncome": 0,
        "interestExpense": 71000000,
        "depreciationAndAmortization": 115500000,
        "ebitda": 134000000,
        "ebitdaratio": 0.0501159399,
        "operatingIncome": 96000000,
        "operatingIncomeRatio": 0.0359039569,
        "totalOtherIncomeExpensesNet": -152700000,
        "incomeBeforeTax": -56700000,
        "incomeBeforeTaxRatio": -0.0212057746,
        "incomeTaxExpense": -23500000,
        "netIncome": -29000000,
        "netIncomeRatio": -0.010845987,
        "eps": -0.45,
        "epsdiluted": -0.45,
        "weightedAverageShsOut": 64366602,
        "weightedAverageShsOutDil": 64366602,
        "link": "https://www.sec.gov/Archives/edgar/data/29669/000156459014001705/0001564590-14-001705-index.html",
        "finalLink": "https://www.sec.gov/Archives/edgar/data/29669/000156459014001705/rrd-10q_20140331.htm"
    },
    {
        "date": "2013-12-31",
        "symbol": "RRD",
        "reportedCurrency": "USD",
        "cik": "0000029669",
        "fillingDate": "2014-02-26",
        "acceptedDate": "2014-02-26 17:30:24",
        "calendarYear": "2013",
        "period": "Q4",
        "revenue": 2755300000,
        "costOfRevenue": 2151700000,
        "grossProfit": 603600000,
        "grossProfitRatio": 0.219068704,
        "researchAndDevelopmentExpenses": 0,
        "generalAndAdministrativeExpenses": 0,
        "sellingAndMarketingExpenses": 0,
        "sellingGeneralAndAdministrativeExpenses": 313700000,
        "otherExpenses": 104900000,
        "operatingExpenses": 418600000,
        "costAndExpenses": 2570300000,
        "interestIncome": 0,
        "interestExpense": 79000000,
        "depreciationAndAmortization": 104900000,
        "ebitda": 225900000,
        "ebitdaratio": 0.0819874424,
        "operatingIncome": 132100000,
        "operatingIncomeRatio": 0.0479439625,
        "totalOtherIncomeExpensesNet": -85700000,
        "incomeBeforeTax": 46400000,
        "incomeBeforeTaxRatio": 0.0168402715,
        "incomeTaxExpense": -62000000,
        "netIncome": 104000000,
        "netIncomeRatio": 0.0377454361,
        "eps": 1.71,
        "epsdiluted": 1.69,
        "weightedAverageShsOut": 60766605,
        "weightedAverageShsOutDil": 61399938,
        "link": "https://www.sec.gov/Archives/edgar/data/29669/000156459014000376/0001564590-14-000376-index.htm",
        "finalLink": "https://www.sec.gov/Archives/edgar/data/29669/000156459014000376/rrd-10k_20131231.htm"
    },
    {
        "date": "2013-09-30",
        "symbol": "RRD",
        "reportedCurrency": "USD",
        "cik": "0000029669",
        "fillingDate": "2013-11-05",
        "acceptedDate": "2013-11-05 16:41:46",
        "calendarYear": "2013",
        "period": "Q3",
        "revenue": 2614900000,
        "costOfRevenue": 2044500000,
        "grossProfit": 570400000,
        "grossProfitRatio": 0.2181345367,
        "researchAndDevelopmentExpenses": 0,
        "generalAndAdministrativeExpenses": 0,
        "sellingAndMarketingExpenses": 0,
        "sellingGeneralAndAdministrativeExpenses": 291400000,
        "otherExpenses": 106300000,
        "operatingExpenses": 397700000,
        "costAndExpenses": 2442200000,
        "interestIncome": 0,
        "interestExpense": 65600000,
        "depreciationAndAmortization": 106300000,
        "ebitda": 191600000,
        "ebitdaratio": 0.0732724005,
        "operatingIncome": 134600000,
        "operatingIncomeRatio": 0.0514742438,
        "totalOtherIncomeExpensesNet": -111600000,
        "incomeBeforeTax": 23000000,
        "incomeBeforeTaxRatio": 0.0087957474,
        "incomeTaxExpense": 5000000,
        "netIncome": 14700000,
        "netIncomeRatio": 0.0056216299,
        "eps": 0.24,
        "epsdiluted": 0.24,
        "weightedAverageShsOut": 60766605,
        "weightedAverageShsOutDil": 61299938,
        "link": "https://www.sec.gov/Archives/edgar/data/29669/000156459013000971/0001564590-13-000971-index.html",
        "finalLink": "https://www.sec.gov/Archives/edgar/data/29669/000156459013000971/rrd-10q_20131001.htm"
    },
    {
        "date": "2013-06-30",
        "symbol": "RRD",
        "reportedCurrency": "USD",
        "cik": "0000029669",
        "fillingDate": "2013-07-30",
        "acceptedDate": "2013-07-30 17:01:17",
        "calendarYear": "2013",
        "period": "Q2",
        "revenue": 2571600000,
        "costOfRevenue": 1973400000,
        "grossProfit": 598200000,
        "grossProfitRatio": 0.2326178255,
        "researchAndDevelopmentExpenses": 0,
        "generalAndAdministrativeExpenses": 0,
        "sellingAndMarketingExpenses": 0,
        "sellingGeneralAndAdministrativeExpenses": 294200000,
        "otherExpenses": 111000000,
        "operatingExpenses": 405200000,
        "costAndExpenses": 2378600000,
        "interestIncome": 0,
        "interestExpense": 65500000,
        "depreciationAndAmortization": 111000000,
        "ebitda": 277100000,
        "ebitdaratio": 0.1077539275,
        "operatingIncome": 173200000,
        "operatingIncomeRatio": 0.0673510655,
        "totalOtherIncomeExpensesNet": -71500000,
        "incomeBeforeTax": 101700000,
        "incomeBeforeTaxRatio": 0.0395473635,
        "incomeTaxExpense": 35200000,
        "netIncome": 65400000,
        "netIncomeRatio": 0.0254316379,
        "eps": 1.08,
        "epsdiluted": 1.07,
        "weightedAverageShsOut": 60666606,
        "weightedAverageShsOutDil": 61066605,
        "link": "https://www.sec.gov/Archives/edgar/data/29669/000156459013000149/0001564590-13-000149-index.html",
        "finalLink": "https://www.sec.gov/Archives/edgar/data/29669/000156459013000149/rrd-10q_20130630.htm"
    },
    {
        "date": "2013-03-31",
        "symbol": "RRD",
        "reportedCurrency": "USD",
        "cik": "0000029669",
        "fillingDate": "2013-04-25",
        "acceptedDate": "2013-04-25 16:32:37",
        "calendarYear": "2013",
        "period": "Q1",
        "revenue": 2538500000,
        "costOfRevenue": 1980200000,
        "grossProfit": 558300000,
        "grossProfitRatio": 0.2199330313,
        "researchAndDevelopmentExpenses": 0,
        "generalAndAdministrativeExpenses": 0,
        "sellingAndMarketingExpenses": 0,
        "sellingGeneralAndAdministrativeExpenses": 282200000,
        "otherExpenses": 113600000,
        "operatingExpenses": 395800000,
        "costAndExpenses": 2376000000,
        "interestIncome": 0,
        "interestExpense": 62800000,
        "depreciationAndAmortization": 113600000,
        "ebitda": 216100000,
        "ebitdaratio": 0.0851290132,
        "operatingIncome": 139800000,
        "operatingIncomeRatio": 0.0550718929,
        "totalOtherIncomeExpensesNet": -101900000,
        "incomeBeforeTax": 37900000,
        "incomeBeforeTaxRatio": 0.0149300768,
        "incomeTaxExpense": 12600000,
        "netIncome": 27100000,
        "netIncomeRatio": 0.0106755958,
        "eps": 0.45,
        "epsdiluted": 0.44,
        "weightedAverageShsOut": 60399939,
        "weightedAverageShsOutDil": 60966605,
        "link": "https://www.sec.gov/Archives/edgar/data/29669/000095012313002633/0000950123-13-002633-index.html",
        "finalLink": "https://www.sec.gov/Archives/edgar/data/29669/000095012313002633/rrd-10q_20130331.htm"
    },
    {
        "date": "2012-12-31",
        "symbol": "RRD",
        "reportedCurrency": "USD",
        "cik": "0000029669",
        "fillingDate": "2013-02-26",
        "acceptedDate": "2013-02-26 16:55:44",
        "calendarYear": "2012",
        "period": "Q4",
        "revenue": 2659600000,
        "costOfRevenue": 2074300000,
        "grossProfit": 585300000,
        "grossProfitRatio": 0.2200706873,
        "researchAndDevelopmentExpenses": 0,
        "generalAndAdministrativeExpenses": 0,
        "sellingAndMarketingExpenses": 0,
        "sellingGeneralAndAdministrativeExpenses": 289800000,
        "otherExpenses": 116700000,
        "operatingExpenses": 406500000,
        "costAndExpenses": 2480800000,
        "interestIncome": 0,
        "interestExpense": 79000000,
        "depreciationAndAmortization": 116700000,
        "ebitda": -710300000,
        "ebitdaratio": -0.2670702361,
        "operatingIncome": -841800000,
        "operatingIncomeRatio": -0.3165137615,
        "totalOtherIncomeExpensesNet": -66900000,
        "incomeBeforeTax": -908700000,
        "incomeBeforeTaxRatio": -0.34166792,
        "incomeTaxExpense": -57000000,
        "netIncome": -849000000,
        "netIncomeRatio": -0.3192209355,
        "eps": -14.06,
        "epsdiluted": -14.06,
        "weightedAverageShsOut": 60399939,
        "weightedAverageShsOutDil": 60399939,
        "link": "https://www.sec.gov/Archives/edgar/data/29669/000119312513077082/0001193125-13-077082-index.html",
        "finalLink": "https://www.sec.gov/Archives/edgar/data/29669/000119312513077082/d456573d10k.htm"
    },
    {
        "date": "2012-09-30",
        "symbol": "RRD",
        "reportedCurrency": "USD",
        "cik": "0000029669",
        "fillingDate": "2012-11-01",
        "acceptedDate": "2012-11-01 16:24:50",
        "calendarYear": "2012",
        "period": "Q3",
        "revenue": 2508800000,
        "costOfRevenue": 1935800000,
        "grossProfit": 573000000,
        "grossProfitRatio": 0.2283960459,
        "researchAndDevelopmentExpenses": 0,
        "generalAndAdministrativeExpenses": 0,
        "sellingAndMarketingExpenses": 0,
        "sellingGeneralAndAdministrativeExpenses": 253400000,
        "otherExpenses": 119000000,
        "operatingExpenses": 372400000,
        "costAndExpenses": 2308200000,
        "interestIncome": 0,
        "interestExpense": 63700000,
        "depreciationAndAmortization": 119000000,
        "ebitda": 306300000,
        "ebitdaratio": 0.1220902423,
        "operatingIncome": 186700000,
        "operatingIncomeRatio": 0.0744180485,
        "totalOtherIncomeExpensesNet": -63300000,
        "incomeBeforeTax": 123400000,
        "incomeBeforeTaxRatio": 0.0491868622,
        "incomeTaxExpense": 52200000,
        "netIncome": 71400000,
        "netIncomeRatio": 0.0284598214,
        "eps": 1.18,
        "epsdiluted": 1.17,
        "weightedAverageShsOut": 60266606,
        "weightedAverageShsOutDil": 60799939,
        "link": "https://www.sec.gov/Archives/edgar/data/29669/000119312512446613/0001193125-12-446613-index.html",
        "finalLink": "https://www.sec.gov/Archives/edgar/data/29669/000119312512446613/d416826d10q.htm"
    },
    {
        "date": "2012-06-30",
        "symbol": "RRD",
        "reportedCurrency": "USD",
        "cik": "0000029669",
        "fillingDate": "2012-08-01",
        "acceptedDate": "2012-08-01 16:43:08",
        "calendarYear": "2012",
        "period": "Q2",
        "revenue": 2528600000,
        "costOfRevenue": 1933900000,
        "grossProfit": 594700000,
        "grossProfitRatio": 0.2351894329,
        "researchAndDevelopmentExpenses": 0,
        "generalAndAdministrativeExpenses": 0,
        "sellingAndMarketingExpenses": 0,
        "sellingGeneralAndAdministrativeExpenses": 275900000,
        "otherExpenses": 120900000,
        "operatingExpenses": 396800000,
        "costAndExpenses": 2330700000,
        "interestIncome": 0,
        "interestExpense": 63600000,
        "depreciationAndAmortization": 120900000,
        "ebitda": 279800000,
        "ebitdaratio": 0.1106541169,
        "operatingIncome": 163900000,
        "operatingIncomeRatio": 0.0648184766,
        "totalOtherIncomeExpensesNet": -68400000,
        "incomeBeforeTax": 95500000,
        "incomeBeforeTaxRatio": 0.0377679348,
        "incomeTaxExpense": 6500000,
        "netIncome": 88800000,
        "netIncomeRatio": 0.0351182473,
        "eps": 1.47,
        "epsdiluted": 1.47,
        "weightedAverageShsOut": 60233273,
        "weightedAverageShsOutDil": 60599939,
        "link": "https://www.sec.gov/Archives/edgar/data/29669/000119312512328986/0001193125-12-328986-index.html",
        "finalLink": "https://www.sec.gov/Archives/edgar/data/29669/000119312512328986/d371375d10q.htm"
    },
    {
        "date": "2012-03-31",
        "symbol": "RRD",
        "reportedCurrency": "USD",
        "cik": "0000029669",
        "fillingDate": "2012-05-02",
        "acceptedDate": "2012-05-02 16:08:04",
        "calendarYear": "2012",
        "period": "Q1",
        "revenue": 2524900000,
        "costOfRevenue": 1945000000,
        "grossProfit": 579900000,
        "grossProfitRatio": 0.2296724623,
        "researchAndDevelopmentExpenses": 0,
        "generalAndAdministrativeExpenses": 0,
        "sellingAndMarketingExpenses": 0,
        "sellingGeneralAndAdministrativeExpenses": 283500000,
        "otherExpenses": 125000000,
        "operatingExpenses": 408500000,
        "costAndExpenses": 2353500000,
        "interestIncome": 0,
        "interestExpense": 0,
        "depreciationAndAmortization": 125000000,
        "ebitda": 174300000,
        "ebitdaratio": 0.0690324369,
        "operatingIncome": 121400000,
        "operatingIncomeRatio": 0.0480811121,
        "totalOtherIncomeExpensesNet": -71600000,
        "incomeBeforeTax": 49800000,
        "incomeBeforeTaxRatio": 0.0197235534,
        "incomeTaxExpense": 11900000,
        "netIncome": 37400000,
        "netIncomeRatio": 0.0148124678,
        "eps": 0.63,
        "epsdiluted": 0.62,
        "weightedAverageShsOut": 59799940,
        "weightedAverageShsOutDil": 60133273,
        "link": "https://www.sec.gov/Archives/edgar/data/29669/000119312512072936/0001193125-12-072936-index.htm",
        "finalLink": "https://www.sec.gov/Archives/edgar/data/29669/000119312512072936/d264873d10k.htm"
    },
    {
        "date": "2011-12-31",
        "symbol": "RRD",
        "reportedCurrency": "USD",
        "cik": "0000029669",
        "fillingDate": "2012-02-22",
        "acceptedDate": "2012-02-22 16:59:10",
        "calendarYear": "2011",
        "period": "Q4",
        "revenue": 2720800000,
        "costOfRevenue": 2097700000,
        "grossProfit": 623100000,
        "grossProfitRatio": 0.2290135254,
        "researchAndDevelopmentExpenses": 0,
        "generalAndAdministrativeExpenses": 0,
        "sellingAndMarketingExpenses": 0,
        "sellingGeneralAndAdministrativeExpenses": 303200000,
        "otherExpenses": 129900000,
        "operatingExpenses": 433100000,
        "costAndExpenses": 2530800000,
        "interestIncome": 0,
        "interestExpense": 0,
        "depreciationAndAmortization": 129900000,
        "ebitda": -249000000,
        "ebitdaratio": -0.0915172008,
        "operatingIncome": -317100000,
        "operatingIncomeRatio": -0.1165466039,
        "totalOtherIncomeExpensesNet": -61700000,
        "incomeBeforeTax": -378800000,
        "incomeBeforeTaxRatio": -0.1392237577,
        "incomeTaxExpense": -52200000,
        "netIncome": -326700000,
        "netIncomeRatio": -0.1200749779,
        "eps": -5.46,
        "epsdiluted": -5.46,
        "weightedAverageShsOut": 59799940,
        "weightedAverageShsOutDil": 59799940,
        "link": "https://www.sec.gov/Archives/edgar/data/29669/000119312512072936/0001193125-12-072936-index.html",
        "finalLink": "https://www.sec.gov/Archives/edgar/data/29669/000119312512072936/d264873d10k.htm"
    },
    {
        "date": "2011-09-30",
        "symbol": "RRD",
        "reportedCurrency": "USD",
        "cik": "0000029669",
        "fillingDate": "2011-11-02",
        "acceptedDate": "2011-11-02 15:59:50",
        "calendarYear": "2011",
        "period": "Q3",
        "revenue": 2683300000,
        "costOfRevenue": 2056300000,
        "grossProfit": 627000000,
        "grossProfitRatio": 0.233667499,
        "researchAndDevelopmentExpenses": 0,
        "generalAndAdministrativeExpenses": 0,
        "sellingAndMarketingExpenses": 0,
        "sellingGeneralAndAdministrativeExpenses": 296900000,
        "otherExpenses": 139100000,
        "operatingExpenses": 436000000,
        "costAndExpenses": 2492300000,
        "interestIncome": 0,
        "interestExpense": 0,
        "depreciationAndAmortization": 139100000,
        "ebitda": 232300000,
        "ebitdaratio": 0.086572504,
        "operatingIncome": 156800000,
        "operatingIncomeRatio": 0.0584355085,
        "totalOtherIncomeExpensesNet": -62900000,
        "incomeBeforeTax": 93900000,
        "incomeBeforeTaxRatio": 0.0349942235,
        "incomeTaxExpense": -64800000,
        "netIncome": 158000000,
        "netIncomeRatio": 0.058882719,
        "eps": 2.52,
        "epsdiluted": 2.48,
        "weightedAverageShsOut": 62699937,
        "weightedAverageShsOutDil": 63599936,
        "link": "https://www.sec.gov/Archives/edgar/data/29669/000119312511292720/0001193125-11-292720-index.html",
        "finalLink": "https://www.sec.gov/Archives/edgar/data/29669/000119312511292720/d235779d10q.htm"
    },
    {
        "date": "2011-06-30",
        "symbol": "RRD",
        "reportedCurrency": "USD",
        "cik": "0000029669",
        "fillingDate": "2011-08-03",
        "acceptedDate": "2011-08-03 16:35:11",
        "calendarYear": "2011",
        "period": "Q2",
        "revenue": 2623400000,
        "costOfRevenue": 1981600000,
        "grossProfit": 641800000,
        "grossProfitRatio": 0.2446443547,
        "researchAndDevelopmentExpenses": 0,
        "generalAndAdministrativeExpenses": 0,
        "sellingAndMarketingExpenses": 0,
        "sellingGeneralAndAdministrativeExpenses": 309300000,
        "otherExpenses": 140700000,
        "operatingExpenses": 450000000,
        "costAndExpenses": 2431600000,
        "interestIncome": 0,
        "interestExpense": 0,
        "depreciationAndAmortization": 140700000,
        "ebitda": 136600000,
        "ebitdaratio": 0.052069833,
        "operatingIncome": 116100000,
        "operatingIncomeRatio": 0.0442555462,
        "totalOtherIncomeExpensesNet": -119900000,
        "incomeBeforeTax": -3800000,
        "incomeBeforeTaxRatio": -0.0014485019,
        "incomeTaxExpense": -16300000,
        "netIncome": 12200000,
        "netIncomeRatio": 0.0046504536,
        "eps": 0.19,
        "epsdiluted": 0.18,
        "weightedAverageShsOut": 65566601,
        "weightedAverageShsOutDil": 66499933,
        "link": "https://www.sec.gov/Archives/edgar/data/29669/000119312511208269/0001193125-11-208269-index.html",
        "finalLink": "https://www.sec.gov/Archives/edgar/data/29669/000119312511208269/d10q.htm"
    },
    {
        "date": "2011-03-31",
        "symbol": "RRD",
        "reportedCurrency": "USD",
        "cik": "0000029669",
        "fillingDate": "2011-05-04",
        "acceptedDate": "2011-05-04 17:04:52",
        "calendarYear": "2011",
        "period": "Q1",
        "revenue": 2583500000,
        "costOfRevenue": 1956200000,
        "grossProfit": 627300000,
        "grossProfitRatio": 0.2428101413,
        "researchAndDevelopmentExpenses": 0,
        "generalAndAdministrativeExpenses": 0,
        "sellingAndMarketingExpenses": 0,
        "sellingGeneralAndAdministrativeExpenses": 326900000,
        "otherExpenses": 140200000,
        "operatingExpenses": 467100000,
        "costAndExpenses": 2423300000,
        "interestIncome": 0,
        "interestExpense": 0,
        "depreciationAndAmortization": 140200000,
        "ebitda": 191100000,
        "ebitdaratio": 0.0739694213,
        "operatingIncome": 109400000,
        "operatingIncomeRatio": 0.0423456551,
        "totalOtherIncomeExpensesNet": -58100000,
        "incomeBeforeTax": 51300000,
        "incomeBeforeTaxRatio": 0.0198567834,
        "incomeTaxExpense": 17000000,
        "netIncome": 33900000,
        "netIncomeRatio": 0.0131217341,
        "eps": 0.49,
        "epsdiluted": 0.48,
        "weightedAverageShsOut": 69066597,
        "weightedAverageShsOutDil": 69933263,
        "link": "https://www.sec.gov/Archives/edgar/data/29669/000119312511126299/0001193125-11-126299-index.html",
        "finalLink": "https://www.sec.gov/Archives/edgar/data/29669/000119312511126299/d10q.htm"
    },
    {
        "date": "2010-12-31",
        "symbol": "RRD",
        "reportedCurrency": "USD",
        "cik": "0000029669",
        "fillingDate": "2011-02-22",
        "acceptedDate": "2011-02-22 16:35:16",
        "calendarYear": "2010",
        "period": "Q4",
        "revenue": 2707100000,
        "costOfRevenue": 2082900000,
        "grossProfit": 624200000,
        "grossProfitRatio": 0.2305788482,
        "researchAndDevelopmentExpenses": 0,
        "generalAndAdministrativeExpenses": 0,
        "sellingAndMarketingExpenses": 0,
        "sellingGeneralAndAdministrativeExpenses": 320000000,
        "otherExpenses": 135500000,
        "operatingExpenses": 455500000,
        "costAndExpenses": 2538400000,
        "interestIncome": 0,
        "interestExpense": 0,
        "depreciationAndAmortization": 135500000,
        "ebitda": 164800000,
        "ebitdaratio": 0.0608769532,
        "operatingIncome": 85700000,
        "operatingIncomeRatio": 0.0316574933,
        "totalOtherIncomeExpensesNet": -57300000,
        "incomeBeforeTax": 28400000,
        "incomeBeforeTaxRatio": 0.0104909313,
        "incomeTaxExpense": 2300000,
        "netIncome": 27000000,
        "netIncomeRatio": 0.0099737727,
        "eps": 0.39,
        "epsdiluted": 0.39,
        "weightedAverageShsOut": 69066597,
        "weightedAverageShsOutDil": 69066597,
        "link": "https://www.sec.gov/Archives/edgar/data/29669/000119312511042199/0001193125-11-042199-index.htm",
        "finalLink": "https://www.sec.gov/Archives/edgar/data/29669/000119312511042199/d10k.htm"
    },
    {
        "date": "2010-09-30",
        "symbol": "RRD",
        "reportedCurrency": "USD",
        "cik": "0000029669",
        "fillingDate": "2010-11-03",
        "acceptedDate": "2010-11-03 16:34:02",
        "calendarYear": "2010",
        "period": "Q3",
        "revenue": 2488100000,
        "costOfRevenue": 1898700000,
        "grossProfit": 589400000,
        "grossProfitRatio": 0.2368875849,
        "researchAndDevelopmentExpenses": 0,
        "generalAndAdministrativeExpenses": 0,
        "sellingAndMarketingExpenses": 0,
        "sellingGeneralAndAdministrativeExpenses": 261700000,
        "otherExpenses": 130300000,
        "operatingExpenses": 392000000,
        "costAndExpenses": 2290700000,
        "interestIncome": 0,
        "interestExpense": 0,
        "depreciationAndAmortization": 130300000,
        "ebitda": 222600000,
        "ebitdaratio": 0.0894658575,
        "operatingIncome": 148700000,
        "operatingIncomeRatio": 0.0597644789,
        "totalOtherIncomeExpensesNet": -56900000,
        "incomeBeforeTax": 91800000,
        "incomeBeforeTaxRatio": 0.0368956232,
        "incomeTaxExpense": 39000000,
        "netIncome": 53300000,
        "netIncomeRatio": 0.0214219686,
        "eps": 0.78,
        "epsdiluted": 0.76,
        "weightedAverageShsOut": 68766597,
        "weightedAverageShsOutDil": 69966596,
        "link": "https://www.sec.gov/Archives/edgar/data/29669/000119312510246204/0001193125-10-246204-index.html",
        "finalLink": "https://www.sec.gov/Archives/edgar/data/29669/000119312510246204/d10q.htm"
    },
    {
        "date": "2010-06-30",
        "symbol": "RRD",
        "reportedCurrency": "USD",
        "cik": "0000029669",
        "fillingDate": "2010-08-04",
        "acceptedDate": "2010-08-04 16:38:54",
        "calendarYear": "2010",
        "period": "Q2",
        "revenue": 2408600000,
        "costOfRevenue": 1819600000,
        "grossProfit": 589000000,
        "grossProfitRatio": 0.2445403969,
        "researchAndDevelopmentExpenses": 0,
        "generalAndAdministrativeExpenses": 0,
        "sellingAndMarketingExpenses": 0,
        "sellingGeneralAndAdministrativeExpenses": 268200000,
        "otherExpenses": 134800000,
        "operatingExpenses": 403000000,
        "costAndExpenses": 2222600000,
        "interestIncome": 0,
        "interestExpense": 0,
        "depreciationAndAmortization": 134800000,
        "ebitda": 255800000,
        "ebitdaratio": 0.1062027734,
        "operatingIncome": 175300000,
        "operatingIncomeRatio": 0.0727808686,
        "totalOtherIncomeExpensesNet": -53600000,
        "incomeBeforeTax": 121700000,
        "incomeBeforeTaxRatio": 0.0505272773,
        "incomeTaxExpense": 32200000,
        "netIncome": 88800000,
        "netIncomeRatio": 0.0368678901,
        "eps": 1.29,
        "epsdiluted": 1.27,
        "weightedAverageShsOut": 68766597,
        "weightedAverageShsOutDil": 69966596,
        "link": "https://www.sec.gov/Archives/edgar/data/29669/000119312510177299/0001193125-10-177299-index.html",
        "finalLink": "https://www.sec.gov/Archives/edgar/data/29669/000119312510177299/d10q.htm"
    },
    {
        "date": "2010-03-31",
        "symbol": "RRD",
        "reportedCurrency": "USD",
        "cik": "0000029669",
        "fillingDate": "2010-05-05",
        "acceptedDate": "2010-05-05 16:34:58",
        "calendarYear": "2010",
        "period": "Q1",
        "revenue": 2415100000,
        "costOfRevenue": 1841700000,
        "grossProfit": 573400000,
        "grossProfitRatio": 0.237422881,
        "researchAndDevelopmentExpenses": 0,
        "generalAndAdministrativeExpenses": 0,
        "sellingAndMarketingExpenses": 0,
        "sellingGeneralAndAdministrativeExpenses": 273500000,
        "otherExpenses": 138600000,
        "operatingExpenses": 412100000,
        "costAndExpenses": 2253800000,
        "interestIncome": 0,
        "interestExpense": 0,
        "depreciationAndAmortization": 138600000,
        "ebitda": 223600000,
        "ebitdaratio": 0.092584158,
        "operatingIncome": 145800000,
        "operatingIncomeRatio": 0.060370171,
        "totalOtherIncomeExpensesNet": -64700000,
        "incomeBeforeTax": 81100000,
        "incomeBeforeTaxRatio": 0.03358039,
        "incomeTaxExpense": 32400000,
        "netIncome": 52600000,
        "netIncomeRatio": 0.0217796365,
        "eps": 0.77,
        "epsdiluted": 0.76,
        "weightedAverageShsOut": 68533264,
        "weightedAverageShsOutDil": 69666597,
        "link": "https://www.sec.gov/Archives/edgar/data/29669/000119312510108948/0001193125-10-108948-index.html",
        "finalLink": "https://www.sec.gov/Archives/edgar/data/29669/000119312510108948/d10q.htm"
    },
    {
        "date": "2009-12-31",
        "symbol": "RRD",
        "reportedCurrency": "USD",
        "cik": "0000029669",
        "fillingDate": "2010-02-24",
        "acceptedDate": "2010-02-24 16:42:29",
        "calendarYear": "2009",
        "period": "Q4",
        "revenue": 2583100000,
        "costOfRevenue": 1982400000,
        "grossProfit": 600700000,
        "grossProfitRatio": 0.2325500368,
        "researchAndDevelopmentExpenses": 0,
        "generalAndAdministrativeExpenses": 0,
        "sellingAndMarketingExpenses": 0,
        "sellingGeneralAndAdministrativeExpenses": 281300000,
        "otherExpenses": 142300000,
        "operatingExpenses": 423600000,
        "costAndExpenses": 2406000000,
        "interestIncome": 0,
        "interestExpense": 0,
        "depreciationAndAmortization": 142300000,
        "ebitda": 112300000,
        "ebitdaratio": 0.0434748945,
        "operatingIncome": 28500000,
        "operatingIncomeRatio": 0.0110332546,
        "totalOtherIncomeExpensesNet": -57600000,
        "incomeBeforeTax": -29100000,
        "incomeBeforeTaxRatio": -0.0112655337,
        "incomeTaxExpense": 49500000,
        "netIncome": -79500000,
        "netIncomeRatio": -0.0307769734,
        "eps": -1.16,
        "epsdiluted": -1.16,
        "weightedAverageShsOut": 68533264,
        "weightedAverageShsOutDil": 68533264,
        "link": "https://www.sec.gov/Archives/edgar/data/29669/000119312510038962/0001193125-10-038962-index.html",
        "finalLink": "https://www.sec.gov/Archives/edgar/data/29669/000119312510038962/d10k.htm"
    },
    {
        "date": "2009-09-30",
        "symbol": "RRD",
        "reportedCurrency": "USD",
        "cik": "0000029669",
        "fillingDate": "2009-11-04",
        "acceptedDate": "2009-11-04 16:51:52",
        "calendarYear": "2009",
        "period": "Q3",
        "revenue": 2463100000,
        "costOfRevenue": 1841400000,
        "grossProfit": 621700000,
        "grossProfitRatio": 0.2524055053,
        "researchAndDevelopmentExpenses": 0,
        "generalAndAdministrativeExpenses": 0,
        "sellingAndMarketingExpenses": 0,
        "sellingGeneralAndAdministrativeExpenses": 251600000,
        "otherExpenses": 145000000,
        "operatingExpenses": 396600000,
        "costAndExpenses": 2238000000,
        "interestIncome": 0,
        "interestExpense": 0,
        "depreciationAndAmortization": 145000000,
        "ebitda": 163700000,
        "ebitdaratio": 0.0664609638,
        "operatingIncome": 93400000,
        "operatingIncomeRatio": 0.0379196947,
        "totalOtherIncomeExpensesNet": -73200000,
        "incomeBeforeTax": 20200000,
        "incomeBeforeTaxRatio": 0.0082010475,
        "incomeTaxExpense": 5600000,
        "netIncome": 13100000,
        "netIncomeRatio": 0.0053185011,
        "eps": 0.19,
        "epsdiluted": 0.19,
        "weightedAverageShsOut": 68433264,
        "weightedAverageShsOutDil": 69499930,
        "link": "https://www.sec.gov/Archives/edgar/data/29669/000119312509223896/0001193125-09-223896-index.html",
        "finalLink": "https://www.sec.gov/Archives/edgar/data/29669/000119312509223896/d10q.htm"
    },
    {
        "date": "2009-06-30",
        "symbol": "RRD",
        "reportedCurrency": "USD",
        "cik": "0000029669",
        "fillingDate": "2009-08-05",
        "acceptedDate": "2009-08-05 16:42:56",
        "calendarYear": "2009",
        "period": "Q2",
        "revenue": 2355600000,
        "costOfRevenue": 1756300000,
        "grossProfit": 599300000,
        "grossProfitRatio": 0.254415011,
        "researchAndDevelopmentExpenses": 0,
        "generalAndAdministrativeExpenses": 0,
        "sellingAndMarketingExpenses": 0,
        "sellingGeneralAndAdministrativeExpenses": 272400000,
        "otherExpenses": 143700000,
        "operatingExpenses": 416100000,
        "costAndExpenses": 2172400000,
        "interestIncome": 0,
        "interestExpense": 0,
        "depreciationAndAmortization": 143700000,
        "ebitda": 216700000,
        "ebitdaratio": 0.0919935473,
        "operatingIncome": 135000000,
        "operatingIncomeRatio": 0.0573102394,
        "totalOtherIncomeExpensesNet": -61000000,
        "incomeBeforeTax": 74000000,
        "incomeBeforeTaxRatio": 0.0314145016,
        "incomeTaxExpense": 47800000,
        "netIncome": 25200000,
        "netIncomeRatio": 0.0106979114,
        "eps": 0.37,
        "epsdiluted": 0.36,
        "weightedAverageShsOut": 68399931,
        "weightedAverageShsOutDil": 69233264,
        "link": "https://www.sec.gov/Archives/edgar/data/29669/000119312509165497/0001193125-09-165497-index.html",
        "finalLink": "https://www.sec.gov/Archives/edgar/data/29669/000119312509165497/d10q.htm"
    },
    {
        "date": "2009-03-31",
        "symbol": "RRD",
        "reportedCurrency": "USD",
        "cik": "0000029669",
        "fillingDate": "2009-05-06",
        "acceptedDate": "2009-05-06 16:48:53",
        "calendarYear": "2009",
        "period": "Q1",
        "revenue": 2455600000,
        "costOfRevenue": 1882800000,
        "grossProfit": 572800000,
        "grossProfitRatio": 0.2332627464,
        "researchAndDevelopmentExpenses": 0,
        "generalAndAdministrativeExpenses": 0,
        "sellingAndMarketingExpenses": 0,
        "sellingGeneralAndAdministrativeExpenses": 283200000,
        "otherExpenses": 148000000,
        "operatingExpenses": 431200000,
        "costAndExpenses": 2314000000,
        "interestIncome": 0,
        "interestExpense": 0,
        "depreciationAndAmortization": 148000000,
        "ebitda": 173500000,
        "ebitdaratio": 0.0706548298,
        "operatingIncome": 87400000,
        "operatingIncomeRatio": 0.035592116,
        "totalOtherIncomeExpensesNet": -59400000,
        "incomeBeforeTax": 28000000,
        "incomeBeforeTaxRatio": 0.0114025086,
        "incomeTaxExpense": 11600000,
        "netIncome": 13900000,
        "netIncomeRatio": 0.005660531,
        "eps": 0.2,
        "epsdiluted": 0.2,
        "weightedAverageShsOut": 68399931,
        "weightedAverageShsOutDil": 68899931,
        "link": "https://www.sec.gov/Archives/edgar/data/29669/000119312509101639/0001193125-09-101639-index.html",
        "finalLink": "https://www.sec.gov/Archives/edgar/data/29669/000119312509101639/d10q.htm"
    },
    {
        "date": "2008-12-31",
        "symbol": "RRD",
        "reportedCurrency": "USD",
        "cik": "0000029669",
        "fillingDate": "2009-02-25",
        "acceptedDate": "2009-02-25 16:35:47",
        "calendarYear": "2008",
        "period": "Q4",
        "revenue": 2796300000,
        "costOfRevenue": 2124300000,
        "grossProfit": 672000000,
        "grossProfitRatio": 0.2403175625,
        "researchAndDevelopmentExpenses": 0,
        "generalAndAdministrativeExpenses": 0,
        "sellingAndMarketingExpenses": 0,
        "sellingGeneralAndAdministrativeExpenses": 272600000,
        "otherExpenses": 154100000,
        "operatingExpenses": 426700000,
        "costAndExpenses": 2551000000,
        "interestIncome": 0,
        "interestExpense": 0,
        "depreciationAndAmortization": 154100000,
        "ebitda": -806200000,
        "ebitdaratio": -0.2883095519,
        "operatingIncome": -892900000,
        "operatingIncomeRatio": -0.3193148089,
        "totalOtherIncomeExpensesNet": -64800000,
        "incomeBeforeTax": -957700000,
        "incomeBeforeTaxRatio": -0.3424882881,
        "incomeTaxExpense": -273400000,
        "netIncome": -686900000,
        "netIncomeRatio": -0.2456460323,
        "eps": -10.04,
        "epsdiluted": -10.04,
        "weightedAverageShsOut": 68399931,
        "weightedAverageShsOutDil": 68399931,
        "link": "https://www.sec.gov/Archives/edgar/data/29669/000119312509037450/0001193125-09-037450-index.html",
        "finalLink": "https://www.sec.gov/Archives/edgar/data/29669/000119312509037450/d10k.htm"
    },
    {
        "date": "2008-09-30",
        "symbol": "RRD",
        "reportedCurrency": "USD",
        "cik": "0000029669",
        "fillingDate": "2008-11-05",
        "acceptedDate": "2008-11-05 16:29:04",
        "calendarYear": "2008",
        "period": "Q3",
        "revenue": 2864600000,
        "costOfRevenue": 2090300000,
        "grossProfit": 774300000,
        "grossProfitRatio": 0.2702995183,
        "researchAndDevelopmentExpenses": 0,
        "generalAndAdministrativeExpenses": 0,
        "sellingAndMarketingExpenses": 0,
        "sellingGeneralAndAdministrativeExpenses": 279800000,
        "otherExpenses": 164700000,
        "operatingExpenses": 444500000,
        "costAndExpenses": 2534800000,
        "interestIncome": 0,
        "interestExpense": 56200000,
        "depreciationAndAmortization": 164700000,
        "ebitda": 468800000,
        "ebitdaratio": 0.163652866,
        "operatingIncome": 306400000,
        "operatingIncomeRatio": 0.1069608322,
        "totalOtherIncomeExpensesNet": -57300000,
        "incomeBeforeTax": 249100000,
        "incomeBeforeTaxRatio": 0.0869580395,
        "incomeTaxExpense": 79700000,
        "netIncome": 168200000,
        "netIncomeRatio": 0.0587167493,
        "eps": 2.41,
        "epsdiluted": 2.41,
        "weightedAverageShsOut": 69699930,
        "weightedAverageShsOutDil": 69899930,
        "link": "https://www.sec.gov/Archives/edgar/data/29669/000119312508225900/0001193125-08-225900-index.html",
        "finalLink": "https://www.sec.gov/Archives/edgar/data/29669/000119312508225900/d10q.htm"
    },
    {
        "date": "2008-06-30",
        "symbol": "RRD",
        "reportedCurrency": "USD",
        "cik": "0000029669",
        "fillingDate": "2008-08-06",
        "acceptedDate": "2008-08-06 16:59:26",
        "calendarYear": "2008",
        "period": "Q2",
        "revenue": 2923600000,
        "costOfRevenue": 2143500000,
        "grossProfit": 780100000,
        "grossProfitRatio": 0.2668285675,
        "researchAndDevelopmentExpenses": 0,
        "generalAndAdministrativeExpenses": 0,
        "sellingAndMarketingExpenses": 0,
        "sellingGeneralAndAdministrativeExpenses": 323300000,
        "otherExpenses": 164200000,
        "operatingExpenses": 487500000,
        "costAndExpenses": 2631000000,
        "interestIncome": 0,
        "interestExpense": 0,
        "depreciationAndAmortization": 164200000,
        "ebitda": 384900000,
        "ebitdaratio": 0.1316527569,
        "operatingIncome": 276400000,
        "operatingIncomeRatio": 0.0945409769,
        "totalOtherIncomeExpensesNet": -54400000,
        "incomeBeforeTax": 222000000,
        "incomeBeforeTaxRatio": 0.0759337803,
        "incomeTaxExpense": 74400000,
        "netIncome": 146300000,
        "netIncomeRatio": 0.0500410453,
        "eps": 2.07,
        "epsdiluted": 2.06,
        "weightedAverageShsOut": 70766595,
        "weightedAverageShsOutDil": 70966595,
        "link": "https://www.sec.gov/Archives/edgar/data/29669/000119312508168396/0001193125-08-168396-index.html",
        "finalLink": "https://www.sec.gov/Archives/edgar/data/29669/000119312508168396/d10q.htm"
    },
    {
        "date": "2008-03-31",
        "symbol": "RRD",
        "reportedCurrency": "USD",
        "cik": "0000029669",
        "fillingDate": "2008-05-06",
        "acceptedDate": "2008-05-06 17:16:22",
        "calendarYear": "2008",
        "period": "Q1",
        "revenue": 2997100000,
        "costOfRevenue": 2218200000,
        "grossProfit": 778900000,
        "grossProfitRatio": 0.2598845551,
        "researchAndDevelopmentExpenses": 0,
        "generalAndAdministrativeExpenses": 0,
        "sellingAndMarketingExpenses": 0,
        "sellingGeneralAndAdministrativeExpenses": 344700000,
        "otherExpenses": 157600000,
        "operatingExpenses": 502300000,
        "costAndExpenses": 2720500000,
        "interestIncome": 0,
        "interestExpense": 0,
        "depreciationAndAmortization": 157600000,
        "ebitda": 375500000,
        "ebitdaratio": 0.1252877782,
        "operatingIncome": 269700000,
        "operatingIncomeRatio": 0.0899869874,
        "totalOtherIncomeExpensesNet": -52400000,
        "incomeBeforeTax": 217300000,
        "incomeBeforeTaxRatio": 0.07250342,
        "incomeTaxExpense": 35400000,
        "netIncome": 182500000,
        "netIncomeRatio": 0.0608921958,
        "eps": 2.55,
        "epsdiluted": 2.55,
        "weightedAverageShsOut": 71499928,
        "weightedAverageShsOutDil": 71666595,
        "link": "https://www.sec.gov/Archives/edgar/data/29669/000119312508104278/0001193125-08-104278-index.html",
        "finalLink": "https://www.sec.gov/Archives/edgar/data/29669/000119312508104278/d10q.htm"
    },
    {
        "date": "2007-12-31",
        "symbol": "RRD",
        "reportedCurrency": "USD",
        "cik": "0000029669",
        "fillingDate": "2008-02-27",
        "acceptedDate": "2008-02-27 17:04:24",
        "calendarYear": "2007",
        "period": "Q4",
        "revenue": 3088200000,
        "costOfRevenue": 2314200000,
        "grossProfit": 774000000,
        "grossProfitRatio": 0.2506314358,
        "researchAndDevelopmentExpenses": 0,
        "generalAndAdministrativeExpenses": 0,
        "sellingAndMarketingExpenses": 0,
        "sellingGeneralAndAdministrativeExpenses": 325600000,
        "otherExpenses": 933200000,
        "operatingExpenses": 1258800000,
        "costAndExpenses": 3573000000,
        "interestIncome": 0,
        "interestExpense": 0,
        "depreciationAndAmortization": 154600000,
        "ebitda": -87700000,
        "ebitdaratio": -0.0283984198,
        "operatingIncome": -183400000,
        "operatingIncomeRatio": -0.0593873454,
        "totalOtherIncomeExpensesNet": -58100000,
        "incomeBeforeTax": -241500000,
        "incomeBeforeTaxRatio": -0.0782008937,
        "incomeTaxExpense": 51000000,
        "netIncome": -293300000,
        "netIncomeRatio": -0.0949744188,
        "eps": -4.1,
        "epsdiluted": -4.1,
        "weightedAverageShsOut": 71499928,
        "weightedAverageShsOutDil": 71499928,
        "link": "https://www.sec.gov/Archives/edgar/data/29669/000119312508040200/0001193125-08-040200-index.htm",
        "finalLink": "https://www.sec.gov/Archives/edgar/data/29669/000119312508040200/d10k.htm"
    },
    {
        "date": "2007-09-30",
        "symbol": "RRD",
        "reportedCurrency": "USD",
        "cik": "0000029669",
        "fillingDate": "2007-10-30",
        "acceptedDate": "2007-10-30 17:19:36",
        "calendarYear": "2007",
        "period": "Q3",
        "revenue": 2910000000,
        "costOfRevenue": 2122400000,
        "grossProfit": 787600000,
        "grossProfitRatio": 0.270652921,
        "researchAndDevelopmentExpenses": 0,
        "generalAndAdministrativeExpenses": 0,
        "sellingAndMarketingExpenses": 0,
        "sellingGeneralAndAdministrativeExpenses": 320500000,
        "otherExpenses": 152800000,
        "operatingExpenses": 473300000,
        "costAndExpenses": 2595700000,
        "interestIncome": 0,
        "interestExpense": 0,
        "depreciationAndAmortization": 152800000,
        "ebitda": 387100000,
        "ebitdaratio": 0.133024055,
        "operatingIncome": 294400000,
        "operatingIncomeRatio": 0.1011683849,
        "totalOtherIncomeExpensesNet": -58600000,
        "incomeBeforeTax": 235800000,
        "incomeBeforeTaxRatio": 0.0810309278,
        "incomeTaxExpense": 59300000,
        "netIncome": 175000000,
        "netIncomeRatio": 0.060137457,
        "eps": 2.41,
        "epsdiluted": 2.4,
        "weightedAverageShsOut": 72599927,
        "weightedAverageShsOutDil": 72833260,
        "link": "https://www.sec.gov/Archives/edgar/data/29669/000119312507229777/0001193125-07-229777-index.html",
        "finalLink": "https://www.sec.gov/Archives/edgar/data/29669/000119312507229777/d10q.htm"
    },
    {
        "date": "2007-06-30",
        "symbol": "RRD",
        "reportedCurrency": "USD",
        "cik": "0000029669",
        "fillingDate": "2007-08-02",
        "acceptedDate": "2007-08-02 17:21:57",
        "calendarYear": "2007",
        "period": "Q2",
        "revenue": 2796300000,
        "costOfRevenue": 2039800000,
        "grossProfit": 756500000,
        "grossProfitRatio": 0.2705360655,
        "researchAndDevelopmentExpenses": 0,
        "generalAndAdministrativeExpenses": 0,
        "sellingAndMarketingExpenses": 0,
        "sellingGeneralAndAdministrativeExpenses": 331700000,
        "otherExpenses": 148700000,
        "operatingExpenses": 480400000,
        "costAndExpenses": 2520200000,
        "interestIncome": 0,
        "interestExpense": 55400000,
        "depreciationAndAmortization": 148700000,
        "ebitda": 93000000,
        "ebitdaratio": 0.0332582341,
        "operatingIncome": -54400000,
        "operatingIncomeRatio": -0.0194542789,
        "totalOtherIncomeExpensesNet": -55800000,
        "incomeBeforeTax": -110200000,
        "incomeBeforeTaxRatio": -0.0394092193,
        "incomeTaxExpense": -41700000,
        "netIncome": -69400000,
        "netIncomeRatio": -0.0248185102,
        "eps": -0.94,
        "epsdiluted": -0.94,
        "weightedAverageShsOut": 73633259,
        "weightedAverageShsOutDil": 73633259,
        "link": "https://www.sec.gov/Archives/edgar/data/29669/000119312507169592/0001193125-07-169592-index.html",
        "finalLink": "https://www.sec.gov/Archives/edgar/data/29669/000119312507169592/d10q.htm"
    },
    {
        "date": "2007-03-31",
        "symbol": "RRD",
        "reportedCurrency": "USD",
        "cik": "0000029669",
        "fillingDate": "2007-05-09",
        "acceptedDate": "2007-05-09 17:20:59",
        "calendarYear": "2007",
        "period": "Q1",
        "revenue": 2792600000,
        "costOfRevenue": 2056000000,
        "grossProfit": 736600000,
        "grossProfitRatio": 0.2637685311,
        "researchAndDevelopmentExpenses": 0,
        "generalAndAdministrativeExpenses": 0,
        "sellingAndMarketingExpenses": 0,
        "sellingGeneralAndAdministrativeExpenses": 324500000,
        "otherExpenses": 142200000,
        "operatingExpenses": 466700000,
        "costAndExpenses": 2522700000,
        "interestIncome": 0,
        "interestExpense": 0,
        "depreciationAndAmortization": 142200000,
        "ebitda": 348000000,
        "ebitdaratio": 0.1246150541,
        "operatingIncome": 258500000,
        "operatingIncomeRatio": 0.0925660675,
        "totalOtherIncomeExpensesNet": -51200000,
        "incomeBeforeTax": 207300000,
        "incomeBeforeTaxRatio": 0.0742318986,
        "incomeTaxExpense": 67900000,
        "netIncome": 137900000,
        "netIncomeRatio": 0.0493805056,
        "eps": 1.89,
        "epsdiluted": 1.88,
        "weightedAverageShsOut": 72833260,
        "weightedAverageShsOutDil": 73499926,
        "link": "https://www.sec.gov/Archives/edgar/data/29669/000119312507108426/0001193125-07-108426-index.html",
        "finalLink": "https://www.sec.gov/Archives/edgar/data/29669/000119312507108426/d10q.htm"
    },
    {
        "date": "2006-12-31",
        "symbol": "RRD",
        "reportedCurrency": "USD",
        "cik": "0000029669",
        "fillingDate": "2007-02-28",
        "acceptedDate": "2007-02-28 17:26:13",
        "calendarYear": "2006",
        "period": "Q4",
        "revenue": 2467300000,
        "costOfRevenue": 1832700000,
        "grossProfit": 634600000,
        "grossProfitRatio": 0.2572042313,
        "researchAndDevelopmentExpenses": 0,
        "generalAndAdministrativeExpenses": 0,
        "sellingAndMarketingExpenses": 0,
        "sellingGeneralAndAdministrativeExpenses": 291800000,
        "otherExpenses": 118300000,
        "operatingExpenses": 410100000,
        "costAndExpenses": 2242800000,
        "interestIncome": 0,
        "interestExpense": 33300000,
        "depreciationAndAmortization": 118300000,
        "ebitda": 164300000,
        "ebitdaratio": 0.0665910104,
        "operatingIncome": 197100000,
        "operatingIncomeRatio": 0.0798848944,
        "totalOtherIncomeExpensesNet": -180600000,
        "incomeBeforeTax": 16500000,
        "incomeBeforeTaxRatio": 0.0066874721,
        "incomeTaxExpense": 13900000,
        "netIncome": -1200000,
        "netIncomeRatio": -0.0004863616,
        "eps": -0.0165,
        "epsdiluted": -0.0165,
        "weightedAverageShsOut": 72833260,
        "weightedAverageShsOutDil": 72833260,
        "link": "https://www.sec.gov/Archives/edgar/data/29669/000119312507042874/0001193125-07-042874-index.htm",
        "finalLink": "https://www.sec.gov/Archives/edgar/data/29669/000119312507042874/d10k.htm"
    },
    {
        "date": "2006-09-30",
        "symbol": "RRD",
        "reportedCurrency": "USD",
        "cik": "0000029669",
        "fillingDate": "2006-11-08",
        "acceptedDate": "2006-11-08 17:07:22",
        "calendarYear": "2006",
        "period": "Q3",
        "revenue": 2308700000,
        "costOfRevenue": 1656800000,
        "grossProfit": 651900000,
        "grossProfitRatio": 0.2823666999,
        "researchAndDevelopmentExpenses": 0,
        "generalAndAdministrativeExpenses": 0,
        "sellingAndMarketingExpenses": 0,
        "sellingGeneralAndAdministrativeExpenses": 268500000,
        "otherExpenses": 116000000,
        "operatingExpenses": 384500000,
        "costAndExpenses": 2041300000,
        "interestIncome": 0,
        "interestExpense": 0,
        "depreciationAndAmortization": 116000000,
        "ebitda": 342100000,
        "ebitdaratio": 0.1481786287,
        "operatingIncome": 260800000,
        "operatingIncomeRatio": 0.1129640057,
        "totalOtherIncomeExpensesNet": -34700000,
        "incomeBeforeTax": 226100000,
        "incomeBeforeTaxRatio": 0.0979339022,
        "incomeTaxExpense": 61400000,
        "netIncome": 164700000,
        "netIncomeRatio": 0.0713388487,
        "eps": 2.28,
        "epsdiluted": 2.26,
        "weightedAverageShsOut": 72133261,
        "weightedAverageShsOutDil": 72933260,
        "link": "https://www.sec.gov/Archives/edgar/data/29669/000119312506228522/0001193125-06-228522-index.htm",
        "finalLink": "https://www.sec.gov/Archives/edgar/data/29669/000119312506228522/d10q.htm"
    },
    {
        "date": "2006-06-30",
        "symbol": "RRD",
        "reportedCurrency": "USD",
        "cik": "0000029669",
        "fillingDate": "2006-08-08",
        "acceptedDate": "2006-08-08 16:00:58",
        "calendarYear": "2006",
        "period": "Q2",
        "revenue": 2273700000,
        "costOfRevenue": 1648000000,
        "grossProfit": 625700000,
        "grossProfitRatio": 0.2751902186,
        "researchAndDevelopmentExpenses": 0,
        "generalAndAdministrativeExpenses": 0,
        "sellingAndMarketingExpenses": 0,
        "sellingGeneralAndAdministrativeExpenses": 275200000,
        "otherExpenses": 114200000,
        "operatingExpenses": 389400000,
        "costAndExpenses": 2037400000,
        "interestIncome": 0,
        "interestExpense": 0,
        "depreciationAndAmortization": 114200000,
        "ebitda": 297600000,
        "ebitdaratio": 0.1308879799,
        "operatingIncome": 221700000,
        "operatingIncomeRatio": 0.0975062673,
        "totalOtherIncomeExpensesNet": -39300000,
        "incomeBeforeTax": 182400000,
        "incomeBeforeTaxRatio": 0.0802216651,
        "incomeTaxExpense": 58200000,
        "netIncome": 125200000,
        "netIncomeRatio": 0.0550644324,
        "eps": 1.73,
        "epsdiluted": 1.72,
        "weightedAverageShsOut": 72299927,
        "weightedAverageShsOutDil": 72966593,
        "link": "https://www.sec.gov/Archives/edgar/data/29669/000119312506165665/0001193125-06-165665-index.htm",
        "finalLink": "https://www.sec.gov/Archives/edgar/data/29669/000119312506165665/d10q.htm"
    },
    {
        "date": "2006-03-31",
        "symbol": "RRD",
        "reportedCurrency": "USD",
        "cik": "0000029669",
        "fillingDate": "2006-05-09",
        "acceptedDate": "2006-05-09 17:22:58",
        "calendarYear": "2006",
        "period": "Q1",
        "revenue": 2266900000,
        "costOfRevenue": 1661500000,
        "grossProfit": 605400000,
        "grossProfitRatio": 0.2670607437,
        "researchAndDevelopmentExpenses": 0,
        "generalAndAdministrativeExpenses": 0,
        "sellingAndMarketingExpenses": 0,
        "sellingGeneralAndAdministrativeExpenses": 262100000,
        "otherExpenses": 114800000,
        "operatingExpenses": 376900000,
        "costAndExpenses": 2038400000,
        "interestIncome": 0,
        "interestExpense": 0,
        "depreciationAndAmortization": 114800000,
        "ebitda": 289300000,
        "ebitdaratio": 0.1276192157,
        "operatingIncome": 211900000,
        "operatingIncomeRatio": 0.0934756716,
        "totalOtherIncomeExpensesNet": -35600000,
        "incomeBeforeTax": 176300000,
        "incomeBeforeTaxRatio": 0.0777714059,
        "incomeTaxExpense": 62600000,
        "netIncome": 111900000,
        "netIncomeRatio": 0.0493625656,
        "eps": 1.55,
        "epsdiluted": 1.54,
        "weightedAverageShsOut": 72166594,
        "weightedAverageShsOutDil": 72599927,
        "link": "https://www.sec.gov/Archives/edgar/data/29669/000119312506044036/0001193125-06-044036-index.htm",
        "finalLink": "https://www.sec.gov/Archives/edgar/data/29669/000119312506044036/d10k.htm"
    },
    {
        "date": "2005-12-31",
        "symbol": "RRD",
        "reportedCurrency": "USD",
        "cik": "0000029669",
        "fillingDate": "2006-03-02",
        "acceptedDate": "2006-03-02 17:18:29",
        "calendarYear": "2005",
        "period": "Q4",
        "revenue": 2387900000,
        "costOfRevenue": 1761200000,
        "grossProfit": 626700000,
        "grossProfitRatio": 0.2624481762,
        "researchAndDevelopmentExpenses": 0,
        "generalAndAdministrativeExpenses": 0,
        "sellingAndMarketingExpenses": 0,
        "sellingGeneralAndAdministrativeExpenses": 293800000,
        "otherExpenses": 113600000,
        "operatingExpenses": 407400000,
        "costAndExpenses": 2168600000,
        "interestIncome": 0,
        "interestExpense": 33900000,
        "depreciationAndAmortization": 113600000,
        "ebitda": 33500000,
        "ebitdaratio": 0.0140290632,
        "operatingIncome": -158400000,
        "operatingIncomeRatio": -0.0663344361,
        "totalOtherIncomeExpensesNet": -29900000,
        "incomeBeforeTax": -188300000,
        "incomeBeforeTaxRatio": -0.0788558985,
        "incomeTaxExpense": 48600000,
        "netIncome": -162600000,
        "netIncomeRatio": -0.0680933037,
        "eps": -2.25,
        "epsdiluted": -2.25,
        "weightedAverageShsOut": 72166594,
        "weightedAverageShsOutDil": 72166594,
        "link": "https://www.sec.gov/Archives/edgar/data/29669/000119312506044036/0001193125-06-044036-index.htm",
        "finalLink": "https://www.sec.gov/Archives/edgar/data/29669/000119312506044036/d10k.htm"
    },
    {
        "date": "2005-09-30",
        "symbol": "RRD",
        "reportedCurrency": "USD",
        "cik": "0000029669",
        "fillingDate": "2005-11-08",
        "acceptedDate": "2005-11-08 17:23:53",
        "calendarYear": "2005",
        "period": "Q3",
        "revenue": 2183700000,
        "costOfRevenue": 1562900000,
        "grossProfit": 620800000,
        "grossProfitRatio": 0.2842881348,
        "researchAndDevelopmentExpenses": 0,
        "generalAndAdministrativeExpenses": 0,
        "sellingAndMarketingExpenses": 0,
        "sellingGeneralAndAdministrativeExpenses": 266200000,
        "otherExpenses": 113000000,
        "operatingExpenses": 379200000,
        "costAndExpenses": 1942100000,
        "interestIncome": 0,
        "interestExpense": 0,
        "depreciationAndAmortization": 113100000,
        "ebitda": 284400000,
        "ebitdaratio": 0.13023767,
        "operatingIncome": 236100000,
        "operatingIncomeRatio": 0.1081192471,
        "totalOtherIncomeExpensesNet": -39600000,
        "incomeBeforeTax": 196500000,
        "incomeBeforeTaxRatio": 0.089984888,
        "incomeTaxExpense": 69200000,
        "netIncome": 102100000,
        "netIncomeRatio": 0.0467555067,
        "eps": 1.42,
        "epsdiluted": 1.41,
        "weightedAverageShsOut": 71699928,
        "weightedAverageShsOutDil": 72333261,
        "link": "https://www.sec.gov/Archives/edgar/data/29669/000119312505219961/0001193125-05-219961-index.htm",
        "finalLink": "https://www.sec.gov/Archives/edgar/data/29669/000119312505219961/d10q.htm"
    },
    {
        "date": "2005-06-30",
        "symbol": "RRD",
        "reportedCurrency": "USD",
        "cik": "0000029669",
        "fillingDate": "2005-08-08",
        "acceptedDate": "2005-08-08 17:24:36",
        "calendarYear": "2005",
        "period": "Q2",
        "revenue": 1932100000,
        "costOfRevenue": 1399200000,
        "grossProfit": 532900000,
        "grossProfitRatio": 0.2758138813,
        "researchAndDevelopmentExpenses": 0,
        "generalAndAdministrativeExpenses": 0,
        "sellingAndMarketingExpenses": 0,
        "sellingGeneralAndAdministrativeExpenses": 233200000,
        "otherExpenses": 99600000,
        "operatingExpenses": 332800000,
        "costAndExpenses": 1732000000,
        "interestIncome": 0,
        "interestExpense": 23700000,
        "depreciationAndAmortization": 99600000,
        "ebitda": 267100000,
        "ebitdaratio": 0.1382433621,
        "operatingIncome": 175700000,
        "operatingIncomeRatio": 0.0909373221,
        "totalOtherIncomeExpensesNet": -27500000,
        "incomeBeforeTax": 148200000,
        "incomeBeforeTaxRatio": 0.0767041043,
        "incomeTaxExpense": 53100000,
        "netIncome": 90700000,
        "netIncomeRatio": 0.04694374,
        "eps": 1.27,
        "epsdiluted": 1.26,
        "weightedAverageShsOut": 71166595,
        "weightedAverageShsOutDil": 71699928,
        "link": "https://www.sec.gov/Archives/edgar/data/29669/000119312505160947/0001193125-05-160947-index.htm",
        "finalLink": "https://www.sec.gov/Archives/edgar/data/29669/000119312505160947/d10q.htm"
    },
    {
        "date": "2005-03-31",
        "symbol": "RRD",
        "reportedCurrency": "USD",
        "cik": "0000029669",
        "fillingDate": "2005-05-09",
        "acceptedDate": "2005-05-09 17:03:38",
        "calendarYear": "2005",
        "period": "Q1",
        "revenue": 1926500000,
        "costOfRevenue": 1367000000,
        "grossProfit": 559500000,
        "grossProfitRatio": 0.290423047,
        "researchAndDevelopmentExpenses": 0,
        "generalAndAdministrativeExpenses": 0,
        "sellingAndMarketingExpenses": 0,
        "sellingGeneralAndAdministrativeExpenses": 251500000,
        "otherExpenses": 98700000,
        "operatingExpenses": 350200000,
        "costAndExpenses": 1717200000,
        "interestIncome": 0,
        "interestExpense": 0,
        "depreciationAndAmortization": 98700000,
        "ebitda": 272100000,
        "ebitdaratio": 0.1412405917,
        "operatingIncome": 197100000,
        "operatingIncomeRatio": 0.1023098884,
        "totalOtherIncomeExpensesNet": -21700000,
        "incomeBeforeTax": 175400000,
        "incomeBeforeTaxRatio": 0.0910459382,
        "incomeTaxExpense": 66500000,
        "netIncome": 106900000,
        "netIncomeRatio": 0.0554892292,
        "eps": 1.49,
        "epsdiluted": 1.48,
        "weightedAverageShsOut": 71766594,
        "weightedAverageShsOutDil": 72333261,
        "link": "https://www.sec.gov/Archives/edgar/data/29669/000119312505049522/0001193125-05-049522-index.htm",
        "finalLink": "https://www.sec.gov/Archives/edgar/data/29669/000119312505049522/d10k.htm"
    },
    {
        "date": "2004-12-31",
        "symbol": "RRD",
        "reportedCurrency": "USD",
        "cik": "0000029669",
        "fillingDate": "2005-03-14",
        "acceptedDate": "2005-03-14 16:36:20",
        "calendarYear": "2004",
        "period": "Q4",
        "revenue": 1977600000,
        "costOfRevenue": 1440200000,
        "grossProfit": 537400000,
        "grossProfitRatio": 0.2717435275,
        "researchAndDevelopmentExpenses": 0,
        "generalAndAdministrativeExpenses": 0,
        "sellingAndMarketingExpenses": 0,
        "sellingGeneralAndAdministrativeExpenses": 195500000,
        "otherExpenses": 100700000,
        "operatingExpenses": 296200000,
        "costAndExpenses": 1736400000,
        "interestIncome": 0,
        "interestExpense": 0,
        "depreciationAndAmortization": 100700000,
        "ebitda": 270700000,
        "ebitdaratio": 0.1368830906,
        "operatingIncome": 226500000,
        "operatingIncomeRatio": 0.114532767,
        "totalOtherIncomeExpensesNet": -44900000,
        "incomeBeforeTax": 181600000,
        "incomeBeforeTaxRatio": 0.091828479,
        "incomeTaxExpense": 33300000,
        "netIncome": 136700000,
        "netIncomeRatio": 0.0691241909,
        "eps": 1.9,
        "epsdiluted": 1.9,
        "weightedAverageShsOut": 71766594,
        "weightedAverageShsOutDil": 71766594,
        "link": "https://www.sec.gov/Archives/edgar/data/29669/000119312505049522/0001193125-05-049522-index.htm",
        "finalLink": "https://www.sec.gov/Archives/edgar/data/29669/000119312505049522/d10k.htm"
    },
    {
        "date": "2004-09-30",
        "symbol": "RRD",
        "reportedCurrency": "USD",
        "cik": "0000029669",
        "fillingDate": "2004-11-08",
        "acceptedDate": "2004-11-08 17:28:32",
        "calendarYear": "2004",
        "period": "Q3",
        "revenue": 1968500000,
        "costOfRevenue": 1397800000,
        "grossProfit": 570700000,
        "grossProfitRatio": 0.2899161798,
        "researchAndDevelopmentExpenses": 0,
        "generalAndAdministrativeExpenses": 0,
        "sellingAndMarketingExpenses": 0,
        "sellingGeneralAndAdministrativeExpenses": 266700000,
        "otherExpenses": 101000000,
        "operatingExpenses": 367700000,
        "costAndExpenses": 1765500000,
        "interestIncome": 0,
        "interestExpense": 0,
        "depreciationAndAmortization": 98000000,
        "ebitda": 258700000,
        "ebitdaratio": 0.1314198628,
        "operatingIncome": 185800000,
        "operatingIncomeRatio": 0.0943865888,
        "totalOtherIncomeExpensesNet": -23100000,
        "incomeBeforeTax": 162700000,
        "incomeBeforeTaxRatio": 0.0826517653,
        "incomeTaxExpense": 47900000,
        "netIncome": 112800000,
        "netIncomeRatio": 0.0573025146,
        "eps": 1.54,
        "epsdiluted": 1.53,
        "weightedAverageShsOut": 73099926,
        "weightedAverageShsOutDil": 73833259,
        "link": "https://www.sec.gov/Archives/edgar/data/29669/000119312504189684/0001193125-04-189684-index.htm",
        "finalLink": "https://www.sec.gov/Archives/edgar/data/29669/000119312504189684/d10q.htm"
    },
    {
        "date": "2004-06-30",
        "symbol": "RRD",
        "reportedCurrency": "USD",
        "cik": "0000029669",
        "fillingDate": "2004-08-09",
        "acceptedDate": "2004-08-09 17:10:08",
        "calendarYear": "2004",
        "period": "Q2",
        "revenue": 2028800000,
        "costOfRevenue": 1515900000,
        "grossProfit": 512900000,
        "grossProfitRatio": 0.2528095426,
        "researchAndDevelopmentExpenses": 0,
        "generalAndAdministrativeExpenses": 0,
        "sellingAndMarketingExpenses": 0,
        "sellingGeneralAndAdministrativeExpenses": 269200000,
        "otherExpenses": 105900000,
        "operatingExpenses": 375100000,
        "costAndExpenses": 1891000000,
        "interestIncome": 0,
        "interestExpense": 0,
        "depreciationAndAmortization": 105895000,
        "ebitda": 83895000,
        "ebitdaratio": 0.0413520308,
        "operatingIncome": 6800000,
        "operatingIncomeRatio": 0.003351735,
        "totalOtherIncomeExpensesNet": -28100000,
        "incomeBeforeTax": -21300000,
        "incomeBeforeTaxRatio": -0.010498817,
        "incomeTaxExpense": -9500000,
        "netIncome": -12500000,
        "netIncomeRatio": -0.0061612776,
        "eps": -0.17,
        "epsdiluted": -0.17,
        "weightedAverageShsOut": 72666594,
        "weightedAverageShsOutDil": 72666594,
        "link": "https://www.sec.gov/Archives/edgar/data/29669/000119312504136061/0001193125-04-136061-index.html",
        "finalLink": "https://www.sec.gov/Archives/edgar/data/29669/000119312504136061/d10q.htm"
    },
    {
        "date": "2004-03-31",
        "symbol": "RRD",
        "reportedCurrency": "USD",
        "cik": "0000029669",
        "fillingDate": "2004-05-10",
        "acceptedDate": "2004-05-10 16:50:24",
        "calendarYear": "2004",
        "period": "Q1",
        "revenue": 1446195000,
        "costOfRevenue": 1173699000,
        "grossProfit": 272496000,
        "grossProfitRatio": 0.1884227231,
        "researchAndDevelopmentExpenses": 0,
        "generalAndAdministrativeExpenses": 0,
        "sellingAndMarketingExpenses": 0,
        "sellingGeneralAndAdministrativeExpenses": 208957000,
        "otherExpenses": 80905000,
        "operatingExpenses": 289862000,
        "costAndExpenses": 1463561000,
        "interestIncome": 0,
        "interestExpense": 16964000,
        "depreciationAndAmortization": 80905000,
        "ebitda": 17022000,
        "ebitdaratio": 0.011770197,
        "operatingIncome": -67507000,
        "operatingIncomeRatio": -0.046679044,
        "totalOtherIncomeExpensesNet": -6366000,
        "incomeBeforeTax": -73873000,
        "incomeBeforeTaxRatio": -0.05108094,
        "incomeTaxExpense": -22001000,
        "netIncome": -58846000,
        "netIncomeRatio": -0.040690225,
        "eps": -1.17,
        "epsdiluted": -1.17,
        "weightedAverageShsOut": 50425949,
        "weightedAverageShsOutDil": 50425949,
        "link": "https://www.sec.gov/Archives/edgar/data/29669/000119312504027532/0001193125-04-027532-index.htm",
        "finalLink": "https://www.sec.gov/Archives/edgar/data/29669/000119312504027532/d10k.htm"
    },
    {
        "date": "2003-12-31",
        "symbol": "RRD",
        "reportedCurrency": "USD",
        "cik": "0000029669",
        "fillingDate": "2003-12-31",
        "acceptedDate": "2003-12-30 19:00:00",
        "calendarYear": "2003",
        "period": "Q4",
        "revenue": 1377109000,
        "costOfRevenue": 1121015000,
        "grossProfit": 256094000,
        "grossProfitRatio": 0.1859649454,
        "researchAndDevelopmentExpenses": 0,
        "generalAndAdministrativeExpenses": 0,
        "sellingAndMarketingExpenses": 0,
        "sellingGeneralAndAdministrativeExpenses": 142352000,
        "otherExpenses": 0,
        "operatingExpenses": 142352000,
        "costAndExpenses": 1263367000,
        "interestIncome": 0,
        "interestExpense": 13686000,
        "depreciationAndAmortization": 91515000,
        "ebitda": 190313000,
        "ebitdaratio": 0.1381974847,
        "operatingIncome": 106705000,
        "operatingIncomeRatio": 0.0774847888,
        "totalOtherIncomeExpensesNet": -21593000,
        "incomeBeforeTax": 85112000,
        "incomeBeforeTaxRatio": 0.061804839,
        "incomeTaxExpense": -12572000,
        "netIncome": 97684000,
        "netIncomeRatio": 0.0709341091,
        "eps": 1.94,
        "epsdiluted": 1.94,
        "weightedAverageShsOut": 50425949,
        "weightedAverageShsOutDil": 50425949,
        "link": null,
        "finalLink": null
    },
    {
        "date": "2003-09-30",
        "symbol": "RRD",
        "reportedCurrency": "USD",
        "cik": "0000029669",
        "fillingDate": "2003-11-12",
        "acceptedDate": "2003-11-12 17:09:56",
        "calendarYear": "2003",
        "period": "Q3",
        "revenue": 1193774000,
        "costOfRevenue": 970883000,
        "grossProfit": 222891000,
        "grossProfitRatio": 0.18671122,
        "researchAndDevelopmentExpenses": 0,
        "generalAndAdministrativeExpenses": 0,
        "sellingAndMarketingExpenses": 0,
        "sellingGeneralAndAdministrativeExpenses": 131743000,
        "otherExpenses": 0,
        "operatingExpenses": 131743000,
        "costAndExpenses": 1102626000,
        "interestIncome": 0,
        "interestExpense": 11909000,
        "depreciationAndAmortization": 78260000,
        "ebitda": 172858000,
        "ebitdaratio": 0.1447996019,
        "operatingIncome": 89641000,
        "operatingIncomeRatio": 0.0750904275,
        "totalOtherIncomeExpensesNet": -6952000,
        "incomeBeforeTax": 82689000,
        "incomeBeforeTaxRatio": 0.0692668797,
        "incomeTaxExpense": 28959000,
        "netIncome": 53730000,
        "netIncomeRatio": 0.0450085192,
        "eps": 1.42,
        "epsdiluted": 1.41,
        "weightedAverageShsOut": 37755295,
        "weightedAverageShsOutDil": 38195295,
        "link": "https://www.sec.gov/Archives/edgar/data/29669/000119312503078660/0001193125-03-078660-index.htm",
        "finalLink": "https://www.sec.gov/Archives/edgar/data/29669/000119312503078660/d10q.htm"
    },
    {
        "date": "2003-06-30",
        "symbol": "RRD",
        "reportedCurrency": "USD",
        "cik": "0000029669",
        "fillingDate": "2003-08-13",
        "acceptedDate": "2003-08-13 16:02:48",
        "calendarYear": "2003",
        "period": "Q2",
        "revenue": 1142462000,
        "costOfRevenue": 954071000,
        "grossProfit": 188391000,
        "grossProfitRatio": 0.1648991389,
        "researchAndDevelopmentExpenses": 0,
        "generalAndAdministrativeExpenses": 0,
        "sellingAndMarketingExpenses": 0,
        "sellingGeneralAndAdministrativeExpenses": 135594000,
        "otherExpenses": 0,
        "operatingExpenses": 135594000,
        "costAndExpenses": 1089665000,
        "interestIncome": 0,
        "interestExpense": 0,
        "depreciationAndAmortization": 82310000,
        "ebitda": 113512000,
        "ebitdaratio": 0.0993573528,
        "operatingIncome": 47523000,
        "operatingIncomeRatio": 0.0415970072,
        "totalOtherIncomeExpensesNet": -16321000,
        "incomeBeforeTax": 31202000,
        "incomeBeforeTaxRatio": 0.0273111928,
        "incomeTaxExpense": 11810000,
        "netIncome": 19392000,
        "netIncomeRatio": 0.0169738687,
        "eps": 0.51,
        "epsdiluted": 0.51,
        "weightedAverageShsOut": 37707295,
        "weightedAverageShsOutDil": 38054628,
        "link": "https://www.sec.gov/Archives/edgar/data/29669/000119312503035940/0001193125-03-035940-index.htm",
        "finalLink": "https://www.sec.gov/Archives/edgar/data/29669/000119312503035940/d10q.htm"
    },
    {
        "date": "2003-03-31",
        "symbol": "RRD",
        "reportedCurrency": "USD",
        "cik": "0000029669",
        "fillingDate": "2003-05-14",
        "acceptedDate": "2003-05-14 13:02:57",
        "calendarYear": "2003",
        "period": "Q1",
        "revenue": 1073817000,
        "costOfRevenue": 905507000,
        "grossProfit": 168310000,
        "grossProfitRatio": 0.1567399287,
        "researchAndDevelopmentExpenses": 0,
        "generalAndAdministrativeExpenses": 0,
        "sellingAndMarketingExpenses": 0,
        "sellingGeneralAndAdministrativeExpenses": 138778000,
        "otherExpenses": 0,
        "operatingExpenses": 138778000,
        "costAndExpenses": 1044285000,
        "interestIncome": 0,
        "interestExpense": 0,
        "depreciationAndAmortization": 77274000,
        "ebitda": 86547000,
        "ebitdaratio": 0.080597532,
        "operatingIncome": 26923000,
        "operatingIncomeRatio": 0.0250722423,
        "totalOtherIncomeExpensesNet": -17650000,
        "incomeBeforeTax": 9273000,
        "incomeBeforeTaxRatio": 0.0086355496,
        "incomeTaxExpense": 3571000,
        "netIncome": 5702000,
        "netIncomeRatio": 0.0053100295,
        "eps": 0.15,
        "epsdiluted": 0.15,
        "weightedAverageShsOut": 37700295,
        "weightedAverageShsOutDil": 37898628,
        "link": "https://www.sec.gov/Archives/edgar/data/29669/000095013103000849/0000950131-03-000849-index.htm",
        "finalLink": "https://www.sec.gov/Archives/edgar/data/29669/000095013103000849/d10k.htm"
    },
    {
        "date": "2002-12-31",
        "symbol": "RRD",
        "reportedCurrency": "USD",
        "cik": "0000029669",
        "fillingDate": "2002-12-31",
        "acceptedDate": "2002-12-30 19:00:00",
        "calendarYear": "2002",
        "period": "Q4",
        "revenue": 1335115000,
        "costOfRevenue": 1071884000,
        "grossProfit": 263231000,
        "grossProfitRatio": 0.1971597952,
        "researchAndDevelopmentExpenses": 0,
        "generalAndAdministrativeExpenses": 0,
        "sellingAndMarketingExpenses": 0,
        "sellingGeneralAndAdministrativeExpenses": 132139000,
        "otherExpenses": 0,
        "operatingExpenses": 132139000,
        "costAndExpenses": 1204023000,
        "interestIncome": 0,
        "interestExpense": 0,
        "depreciationAndAmortization": 105730000,
        "ebitda": 181351000,
        "ebitdaratio": 0.1358317448,
        "operatingIncome": 107589000,
        "operatingIncomeRatio": 0.0805840695,
        "totalOtherIncomeExpensesNet": -31968000,
        "incomeBeforeTax": 75621000,
        "incomeBeforeTaxRatio": 0.0566400647,
        "incomeTaxExpense": 27562000,
        "netIncome": 48059000,
        "netIncomeRatio": 0.0359961501,
        "eps": 1.27,
        "epsdiluted": 1.27,
        "weightedAverageShsOut": 37700295,
        "weightedAverageShsOutDil": 37700295,
        "link": null,
        "finalLink": null
    },
    {
        "date": "2002-09-30",
        "symbol": "RRD",
        "reportedCurrency": "USD",
        "cik": "0000029669",
        "fillingDate": "2002-11-13",
        "acceptedDate": "2002-11-12 18:44:06",
        "calendarYear": "2002",
        "period": "Q3",
        "revenue": 1177280000,
        "costOfRevenue": 935101000,
        "grossProfit": 242179000,
        "grossProfitRatio": 0.2057106211,
        "researchAndDevelopmentExpenses": 0,
        "generalAndAdministrativeExpenses": 134223000,
        "sellingAndMarketingExpenses": 0,
        "sellingGeneralAndAdministrativeExpenses": 134223000,
        "otherExpenses": 0,
        "operatingExpenses": 134223000,
        "costAndExpenses": 1069324000,
        "interestIncome": 0,
        "interestExpense": 0,
        "depreciationAndAmortization": 80344000,
        "ebitda": 155045000,
        "ebitdaratio": 0.131697642,
        "operatingIncome": 85247000,
        "operatingIncomeRatio": 0.0724101318,
        "totalOtherIncomeExpensesNet": -10546000,
        "incomeBeforeTax": 74701000,
        "incomeBeforeTaxRatio": 0.0634521949,
        "incomeTaxExpense": 26959000,
        "netIncome": 47742000,
        "netIncomeRatio": 0.0405527997,
        "eps": 1.26,
        "epsdiluted": 1.26,
        "weightedAverageShsOut": 37890438,
        "weightedAverageShsOutDil": 37890438,
        "link": "https://www.sec.gov/Archives/edgar/data/29669/000095013102004353/0000950131-02-004353-index.html",
        "finalLink": "https://www.sec.gov/Archives/edgar/data/29669/000095013102004353/d10q.htm"
    },
    {
        "date": "2002-06-30",
        "symbol": "RRD",
        "reportedCurrency": "USD",
        "cik": "0000029669",
        "fillingDate": "2002-08-13",
        "acceptedDate": "2002-08-13 12:14:01",
        "calendarYear": "2002",
        "period": "Q2",
        "revenue": 1148892000,
        "costOfRevenue": 954639000,
        "grossProfit": 194253000,
        "grossProfitRatio": 0.1690785557,
        "researchAndDevelopmentExpenses": 0,
        "generalAndAdministrativeExpenses": 136819000,
        "sellingAndMarketingExpenses": 0,
        "sellingGeneralAndAdministrativeExpenses": 136819000,
        "otherExpenses": 0,
        "operatingExpenses": 136819000,
        "costAndExpenses": 1091458000,
        "interestIncome": 0,
        "interestExpense": 17293000,
        "depreciationAndAmortization": 84431000,
        "ebitda": 138788000,
        "ebitdaratio": 0.1208016071,
        "operatingIncome": 41409000,
        "operatingIncomeRatio": 0.0360425523,
        "totalOtherIncomeExpensesNet": -4345000,
        "incomeBeforeTax": 37064000,
        "incomeBeforeTaxRatio": 0.0322606477,
        "incomeTaxExpense": 13287000,
        "netIncome": 23777000,
        "netIncomeRatio": 0.0206955919,
        "eps": 0.66,
        "epsdiluted": 0.66,
        "weightedAverageShsOut": 36025722,
        "weightedAverageShsOutDil": 36025722,
        "link": "https://www.sec.gov/Archives/edgar/data/29669/000095013102003117/0000950131-02-003117-index.html",
        "finalLink": "https://www.sec.gov/Archives/edgar/data/29669/000095013102003117/d10q.htm"
    },
    {
        "date": "2002-03-31",
        "symbol": "RRD",
        "reportedCurrency": "USD",
        "cik": "0000029669",
        "fillingDate": "2002-05-15",
        "acceptedDate": "2002-05-14 18:06:01",
        "calendarYear": "2002",
        "period": "Q1",
        "revenue": 1093650000,
        "costOfRevenue": 925745000,
        "grossProfit": 167905000,
        "grossProfitRatio": 0.1535271796,
        "researchAndDevelopmentExpenses": 0,
        "generalAndAdministrativeExpenses": 130522000,
        "sellingAndMarketingExpenses": 0,
        "sellingGeneralAndAdministrativeExpenses": 130522000,
        "otherExpenses": 0,
        "operatingExpenses": 130522000,
        "costAndExpenses": 1056267000,
        "interestIncome": 0,
        "interestExpense": 0,
        "depreciationAndAmortization": 81867000,
        "ebitda": 70214000,
        "ebitdaratio": 0.064201527,
        "operatingIncome": 10691000,
        "operatingIncomeRatio": 0.0097755223,
        "totalOtherIncomeExpensesNet": -22344000,
        "incomeBeforeTax": -11653000,
        "incomeBeforeTaxRatio": -0.0106551456,
        "incomeTaxExpense": -34312000,
        "netIncome": 22659000,
        "netIncomeRatio": 0.0207186943,
        "eps": 0.6,
        "epsdiluted": 0.6,
        "weightedAverageShsOut": 37764962,
        "weightedAverageShsOutDil": 37764962,
        "link": "https://www.sec.gov/Archives/edgar/data/29669/000095013102001991/0000950131-02-001991-index.html",
        "finalLink": "https://www.sec.gov/Archives/edgar/data/29669/000095013102001991/d10q.htm"
    },
    {
        "date": "2001-12-31",
        "symbol": "RRD",
        "reportedCurrency": "USD",
        "cik": "0000029669",
        "fillingDate": "2002-02-25",
        "acceptedDate": "2002-02-25 00:00:00",
        "calendarYear": "2001",
        "period": "Q4",
        "revenue": 1414823000,
        "costOfRevenue": 1163848000,
        "grossProfit": 250975000,
        "grossProfitRatio": 0.1773896805,
        "researchAndDevelopmentExpenses": 0,
        "generalAndAdministrativeExpenses": 149808000,
        "sellingAndMarketingExpenses": 0,
        "sellingGeneralAndAdministrativeExpenses": 149808000,
        "otherExpenses": 0,
        "operatingExpenses": 149808000,
        "costAndExpenses": 1313656000,
        "interestIncome": 0,
        "interestExpense": 0,
        "depreciationAndAmortization": 96307000,
        "ebitda": 69259000,
        "ebitdaratio": 0.0489524131,
        "operatingIncome": -443000,
        "operatingIncomeRatio": -0.0003131134,
        "totalOtherIncomeExpensesNet": -26605000,
        "incomeBeforeTax": -27048000,
        "incomeBeforeTaxRatio": -0.0191175857,
        "incomeTaxExpense": 10658000,
        "netIncome": -37706000,
        "netIncomeRatio": -0.0266506835,
        "eps": -1,
        "epsdiluted": -1,
        "weightedAverageShsOut": 37764962,
        "weightedAverageShsOutDil": 37764962,
        "link": "https://www.sec.gov/Archives/edgar/data/29669/999999999702011789/9999999997-02-011789-index.htm",
        "finalLink": "https://www.sec.gov/Archives/edgar/data/29669/999999999702011789/9999999997-02-011789.paper"
    },
    {
        "date": "2001-09-30",
        "symbol": "RRD",
        "reportedCurrency": "USD",
        "cik": "0000029669",
        "fillingDate": "2001-11-13",
        "acceptedDate": "2001-11-13 00:00:00",
        "calendarYear": "2001",
        "period": "Q3",
        "revenue": 1288237000,
        "costOfRevenue": 1050616000,
        "grossProfit": 237621000,
        "grossProfitRatio": 0.1844544133,
        "researchAndDevelopmentExpenses": 0,
        "generalAndAdministrativeExpenses": 135438000,
        "sellingAndMarketingExpenses": 0,
        "sellingGeneralAndAdministrativeExpenses": 135438000,
        "otherExpenses": 0,
        "operatingExpenses": 135438000,
        "costAndExpenses": 1186054000,
        "interestIncome": 0,
        "interestExpense": 0,
        "depreciationAndAmortization": 91054000,
        "ebitda": 159416000,
        "ebitdaratio": 0.123747416,
        "operatingIncome": 82323000,
        "operatingIncomeRatio": 0.063903614,
        "totalOtherIncomeExpensesNet": -13961000,
        "incomeBeforeTax": 68362000,
        "incomeBeforeTaxRatio": 0.0530663224,
        "incomeTaxExpense": 26320000,
        "netIncome": 42042000,
        "netIncomeRatio": 0.0326352993,
        "eps": 1.08,
        "epsdiluted": 1.08,
        "weightedAverageShsOut": 38927739,
        "weightedAverageShsOutDil": 38927739,
        "link": "https://www.sec.gov/Archives/edgar/data/29669/000095013101504111/0000950131-01-504111-index.html",
        "finalLink": "https://www.sec.gov/Archives/edgar/data/29669/000095013101504111/d10q.htm"
    },
    {
        "date": "2001-06-30",
        "symbol": "RRD",
        "reportedCurrency": "USD",
        "cik": "0000029669",
        "fillingDate": "2001-08-13",
        "acceptedDate": "2001-08-13 00:00:00",
        "calendarYear": "2001",
        "period": "Q2",
        "revenue": 1292050000,
        "costOfRevenue": 1069568000,
        "grossProfit": 222482000,
        "grossProfitRatio": 0.1721930266,
        "researchAndDevelopmentExpenses": 0,
        "generalAndAdministrativeExpenses": 144607000,
        "sellingAndMarketingExpenses": 0,
        "sellingGeneralAndAdministrativeExpenses": 144607000,
        "otherExpenses": 0,
        "operatingExpenses": 144607000,
        "costAndExpenses": 1214175000,
        "interestIncome": 0,
        "interestExpense": 0,
        "depreciationAndAmortization": 93450000,
        "ebitda": 103445000,
        "ebitdaratio": 0.0800626911,
        "operatingIncome": 25542000,
        "operatingIncomeRatio": 0.0197685848,
        "totalOtherIncomeExpensesNet": -15547000,
        "incomeBeforeTax": 9995000,
        "incomeBeforeTaxRatio": 0.0077357687,
        "incomeTaxExpense": 3848000,
        "netIncome": 6147000,
        "netIncomeRatio": 0.0047575558,
        "eps": 0.15,
        "epsdiluted": 0.15,
        "weightedAverageShsOut": 40979959,
        "weightedAverageShsOutDil": 40979959,
        "link": "https://www.sec.gov/Archives/edgar/data/29669/000095013101502882/0000950131-01-502882-index.html",
        "finalLink": "https://www.sec.gov/Archives/edgar/data/29669/000095013101502882/d10q.htm"
    },
    {
        "date": "2001-03-31",
        "symbol": "RRD",
        "reportedCurrency": "USD",
        "cik": "0000029669",
        "fillingDate": "2001-05-14",
        "acceptedDate": "2001-05-14 00:00:00",
        "calendarYear": "2001",
        "period": "Q1",
        "revenue": 1302650000,
        "costOfRevenue": 1103277000,
        "grossProfit": 199373000,
        "grossProfitRatio": 0.1530518558,
        "researchAndDevelopmentExpenses": 0,
        "generalAndAdministrativeExpenses": 137781000,
        "sellingAndMarketingExpenses": 0,
        "sellingGeneralAndAdministrativeExpenses": 137781000,
        "otherExpenses": 0,
        "operatingExpenses": 137781000,
        "costAndExpenses": 1241058000,
        "interestIncome": 0,
        "interestExpense": 0,
        "depreciationAndAmortization": 97912000,
        "ebitda": 121497000,
        "ebitdaratio": 0.0932691053,
        "operatingIncome": 39850000,
        "operatingIncomeRatio": 0.0305914866,
        "totalOtherIncomeExpensesNet": -16265000,
        "incomeBeforeTax": 23585000,
        "incomeBeforeTaxRatio": 0.0181054005,
        "incomeTaxExpense": 9080000,
        "netIncome": 14505000,
        "netIncomeRatio": 0.0111349941,
        "eps": 0.36,
        "epsdiluted": 0.36,
        "weightedAverageShsOut": 40291626,
        "weightedAverageShsOutDil": 40291626,
        "link": "https://www.sec.gov/Archives/edgar/data/29669/000095013101501410/0000950131-01-501410-index.html",
        "finalLink": "https://www.sec.gov/Archives/edgar/data/29669/000095013101501410/d10q.htm"
    },
    {
        "date": "2000-12-31",
        "symbol": "RRD",
        "reportedCurrency": "USD",
        "cik": "0000029669",
        "fillingDate": "2000-12-31",
        "acceptedDate": "2000-12-30 19:00:00",
        "calendarYear": "2000",
        "period": "Q4",
        "revenue": 1599560000,
        "costOfRevenue": 1214234000,
        "grossProfit": 385326000,
        "grossProfitRatio": 0.2408949961,
        "researchAndDevelopmentExpenses": 0,
        "generalAndAdministrativeExpenses": 145367000,
        "sellingAndMarketingExpenses": 0,
        "sellingGeneralAndAdministrativeExpenses": 145367000,
        "otherExpenses": 103631000,
        "operatingExpenses": 248998000,
        "costAndExpenses": 1463232000,
        "interestIncome": 0,
        "interestExpense": 19727000,
        "depreciationAndAmortization": 103631000,
        "ebitda": 239701000,
        "ebitdaratio": 0.1498543349,
        "operatingIncome": 136328000,
        "operatingIncomeRatio": 0.0852284378,
        "totalOtherIncomeExpensesNet": -19985000,
        "incomeBeforeTax": 116343000,
        "incomeBeforeTaxRatio": 0.072734377,
        "incomeTaxExpense": 44792000,
        "netIncome": 71551000,
        "netIncomeRatio": 0.0447316762,
        "eps": 1.78,
        "epsdiluted": 1.78,
        "weightedAverageShsOut": 40291626,
        "weightedAverageShsOutDil": 40291626,
        "link": "",
        "finalLink": ""
    },
    {
        "date": "2000-09-30",
        "symbol": "RRD",
        "reportedCurrency": "USD",
        "cik": "0000029669",
        "fillingDate": "2000-11-13",
        "acceptedDate": "2000-11-13 00:00:00",
        "calendarYear": "2000",
        "period": "Q3",
        "revenue": 1433000000,
        "costOfRevenue": 1029674000,
        "grossProfit": 403326000,
        "grossProfitRatio": 0.2814556874,
        "researchAndDevelopmentExpenses": 0,
        "generalAndAdministrativeExpenses": 149591000,
        "sellingAndMarketingExpenses": 0,
        "sellingGeneralAndAdministrativeExpenses": 149591000,
        "otherExpenses": 96810000,
        "operatingExpenses": 246401000,
        "costAndExpenses": 1276075000,
        "interestIncome": 0,
        "interestExpense": 0,
        "depreciationAndAmortization": 96810000,
        "ebitda": 246905000,
        "ebitdaratio": 0.1722993719,
        "operatingIncome": 156925000,
        "operatingIncomeRatio": 0.1095080251,
        "totalOtherIncomeExpensesNet": -6830000,
        "incomeBeforeTax": 150095000,
        "incomeBeforeTaxRatio": 0.1047418004,
        "incomeTaxExpense": 57787000,
        "netIncome": 92308000,
        "netIncomeRatio": 0.0644159107,
        "eps": 2.28,
        "epsdiluted": 2.25,
        "weightedAverageShsOut": 40485924,
        "weightedAverageShsOutDil": 41025737,
        "link": "https://www.sec.gov/Archives/edgar/data/29669/000095013100006336/0000950131-00-006336-index.html",
        "finalLink": "https://www.sec.gov/Archives/edgar/data/29669/000095013100006336/0000950131-00-006336-0001.htm"
    },
    {
        "date": "2000-06-30",
        "symbol": "RRD",
        "reportedCurrency": "USD",
        "cik": "0000029669",
        "fillingDate": "2000-08-14",
        "acceptedDate": "2000-08-14 00:00:00",
        "calendarYear": "2000",
        "period": "Q2",
        "revenue": 1388805000,
        "costOfRevenue": 1024101000,
        "grossProfit": 364704000,
        "grossProfitRatio": 0.2626027412,
        "researchAndDevelopmentExpenses": 0,
        "generalAndAdministrativeExpenses": 156983000,
        "sellingAndMarketingExpenses": 0,
        "sellingGeneralAndAdministrativeExpenses": 156983000,
        "otherExpenses": 95074000,
        "operatingExpenses": 252057000,
        "costAndExpenses": 1276158000,
        "interestIncome": 0,
        "interestExpense": 0,
        "depreciationAndAmortization": 95074000,
        "ebitda": 186683000,
        "ebitdaratio": 0.134419879,
        "operatingIncome": 112647000,
        "operatingIncomeRatio": 0.0811107391,
        "totalOtherIncomeExpensesNet": -21038000,
        "incomeBeforeTax": 91609000,
        "incomeBeforeTaxRatio": 0.0659624641,
        "incomeTaxExpense": 35269000,
        "netIncome": 56340000,
        "netIncomeRatio": 0.0405672503,
        "eps": 1.38,
        "epsdiluted": 1.38,
        "weightedAverageShsOut": 40826046,
        "weightedAverageShsOutDil": 40826046,
        "link": "https://www.sec.gov/Archives/edgar/data/29669/000095013100004891/0000950131-00-004891-index.html",
        "finalLink": "https://www.sec.gov/Archives/edgar/data/29669/000095013100004891/0000950131-00-004891-0001.htm"
    },
    {
        "date": "2000-03-31",
        "symbol": "RRD",
        "reportedCurrency": "USD",
        "cik": "0000029669",
        "fillingDate": "2000-05-12",
        "acceptedDate": "2000-05-12 00:00:00",
        "calendarYear": "2000",
        "period": "Q1",
        "revenue": 1342970000,
        "costOfRevenue": 1007060000,
        "grossProfit": 335910000,
        "grossProfitRatio": 0.2501247236,
        "researchAndDevelopmentExpenses": 0,
        "generalAndAdministrativeExpenses": 145882000,
        "sellingAndMarketingExpenses": 0,
        "sellingGeneralAndAdministrativeExpenses": 145882000,
        "otherExpenses": 94887000,
        "operatingExpenses": 240769000,
        "costAndExpenses": 1247829000,
        "interestIncome": 0,
        "interestExpense": 0,
        "depreciationAndAmortization": 94887000,
        "ebitda": 170824000,
        "ebitdaratio": 0.1271986716,
        "operatingIncome": 95141000,
        "operatingIncomeRatio": 0.070843727,
        "totalOtherIncomeExpensesNet": -19204000,
        "incomeBeforeTax": 75937000,
        "incomeBeforeTaxRatio": 0.0565440777,
        "incomeTaxExpense": 29236000,
        "netIncome": 46701000,
        "netIncomeRatio": 0.0347744179,
        "eps": 1.14,
        "epsdiluted": 1.14,
        "weightedAverageShsOut": 40965749,
        "weightedAverageShsOutDil": 40965749,
        "link": "https://www.sec.gov/Archives/edgar/data/29669/000095013100003357/0000950131-00-003357-index.html",
        "finalLink": "https://www.sec.gov/Archives/edgar/data/29669/000095013100003357/0000950131-00-003357-d1.html"
    },
    {
        "date": "1999-12-31",
        "symbol": "RRD",
        "reportedCurrency": "USD",
        "cik": "0000029669",
        "fillingDate": "1999-12-31",
        "acceptedDate": "1999-12-30 19:00:00",
        "calendarYear": "1999",
        "period": "Q4",
        "revenue": 1468300000,
        "costOfRevenue": 1037300000,
        "grossProfit": 431000000,
        "grossProfitRatio": 0.2935367432,
        "researchAndDevelopmentExpenses": 0,
        "generalAndAdministrativeExpenses": 156900000,
        "sellingAndMarketingExpenses": 0,
        "sellingGeneralAndAdministrativeExpenses": 156900000,
        "otherExpenses": 95800000,
        "operatingExpenses": 252700000,
        "costAndExpenses": 1290000000,
        "interestIncome": 0,
        "interestExpense": 0,
        "depreciationAndAmortization": 95800000,
        "ebitda": 303000000,
        "ebitdaratio": 0.2063610979,
        "operatingIncome": 178300000,
        "operatingIncomeRatio": 0.1214329497,
        "totalOtherIncomeExpensesNet": 32100000,
        "incomeBeforeTax": 210400000,
        "incomeBeforeTaxRatio": 0.143294967,
        "incomeTaxExpense": 81000000,
        "netIncome": 126200000,
        "netIncomeRatio": 0.0859497378,
        "eps": 3.08,
        "epsdiluted": 3.08,
        "weightedAverageShsOut": 40965749,
        "weightedAverageShsOutDil": 40965749,
        "link": "",
        "finalLink": ""
    },
    {
        "date": "1999-09-30",
        "symbol": "RRD",
        "reportedCurrency": "USD",
        "cik": "0000029669",
        "fillingDate": "1999-11-15",
        "acceptedDate": "1999-11-15 00:00:00",
        "calendarYear": "1999",
        "period": "Q3",
        "revenue": 1340100000,
        "costOfRevenue": 921800000,
        "grossProfit": 418300000,
        "grossProfitRatio": 0.312140885,
        "researchAndDevelopmentExpenses": 0,
        "generalAndAdministrativeExpenses": 164000000,
        "sellingAndMarketingExpenses": 0,
        "sellingGeneralAndAdministrativeExpenses": 164000000,
        "otherExpenses": 96700000,
        "operatingExpenses": 260700000,
        "costAndExpenses": 1182500000,
        "interestIncome": 0,
        "interestExpense": 0,
        "depreciationAndAmortization": 96700000,
        "ebitda": 235900000,
        "ebitdaratio": 0.1760316394,
        "operatingIncome": 157600000,
        "operatingIncomeRatio": 0.1176031639,
        "totalOtherIncomeExpensesNet": -18400000,
        "incomeBeforeTax": 139200000,
        "incomeBeforeTaxRatio": 0.1038728453,
        "incomeTaxExpense": 53600000,
        "netIncome": 85600000,
        "netIncomeRatio": 0.0638758302,
        "eps": 2.01,
        "epsdiluted": 2.01,
        "weightedAverageShsOut": 42587022,
        "weightedAverageShsOutDil": 42587022,
        "link": "https://www.sec.gov/Archives/edgar/data/29669/000095013199006293/0000950131-99-006293-index.html",
        "finalLink": "https://www.sec.gov/Archives/edgar/data/29669/000095013199006293/0000950131-99-006293-d1.html"
    },
    {
        "date": "1999-06-30",
        "symbol": "RRD",
        "reportedCurrency": "USD",
        "cik": "0000029669",
        "fillingDate": "1999-08-13",
        "acceptedDate": "1999-08-13 00:00:00",
        "calendarYear": "1999",
        "period": "Q2",
        "revenue": 1195200000,
        "costOfRevenue": 845600000,
        "grossProfit": 349600000,
        "grossProfitRatio": 0.2925033467,
        "researchAndDevelopmentExpenses": 0,
        "generalAndAdministrativeExpenses": 156300000,
        "sellingAndMarketingExpenses": 0,
        "sellingGeneralAndAdministrativeExpenses": 156300000,
        "otherExpenses": 90300000,
        "operatingExpenses": 246600000,
        "costAndExpenses": 1092200000,
        "interestIncome": 0,
        "interestExpense": 0,
        "depreciationAndAmortization": 90300000,
        "ebitda": 175700000,
        "ebitdaratio": 0.1470046854,
        "operatingIncome": 103000000,
        "operatingIncomeRatio": 0.0861780455,
        "totalOtherIncomeExpensesNet": -17600000,
        "incomeBeforeTax": 85400000,
        "incomeBeforeTaxRatio": 0.0714524766,
        "incomeTaxExpense": 32900000,
        "netIncome": 52500000,
        "netIncomeRatio": 0.0439257028,
        "eps": 1.23,
        "epsdiluted": 1.2,
        "weightedAverageShsOut": 42682884,
        "weightedAverageShsOutDil": 43749956,
        "link": "https://www.sec.gov/Archives/edgar/data/29669/000095013199004918/0000950131-99-004918-index.html",
        "finalLink": "https://www.sec.gov/Archives/edgar/data/29669/000095013199004918/0000950131-99-004918-d1.html"
    },
    {
        "date": "1999-03-31",
        "symbol": "RRD",
        "reportedCurrency": "USD",
        "cik": "0000029669",
        "fillingDate": "1999-05-14",
        "acceptedDate": "1999-05-14 00:00:00",
        "calendarYear": "1999",
        "period": "Q1",
        "revenue": 1179900000,
        "costOfRevenue": 845300000,
        "grossProfit": 334600000,
        "grossProfitRatio": 0.2835833545,
        "researchAndDevelopmentExpenses": 0,
        "generalAndAdministrativeExpenses": 151400000,
        "sellingAndMarketingExpenses": 0,
        "sellingGeneralAndAdministrativeExpenses": 151400000,
        "otherExpenses": 91600000,
        "operatingExpenses": 243000000,
        "costAndExpenses": 1088300000,
        "interestIncome": 0,
        "interestExpense": 0,
        "depreciationAndAmortization": 91600000,
        "ebitda": 163100000,
        "ebitdaratio": 0.1382320536,
        "operatingIncome": 91600000,
        "operatingIncomeRatio": 0.0776336978,
        "totalOtherIncomeExpensesNet": -20100000,
        "incomeBeforeTax": 71500000,
        "incomeBeforeTaxRatio": 0.0605983558,
        "incomeTaxExpense": 27500000,
        "netIncome": 44000000,
        "netIncomeRatio": 0.0372912959,
        "eps": 0.99,
        "epsdiluted": 0.99,
        "weightedAverageShsOut": 44444400,
        "weightedAverageShsOutDil": 44444400,
        "link": "https://www.sec.gov/Archives/edgar/data/29669/000095013199003138/0000950131-99-003138-index.html",
        "finalLink": "https://www.sec.gov/Archives/edgar/data/29669/0000950131-99-003138.txt"
    },
    {
        "date": "1998-12-31",
        "symbol": "RRD",
        "reportedCurrency": "USD",
        "cik": "0000029669",
        "fillingDate": "1998-12-31",
        "acceptedDate": "1998-12-30 19:00:00",
        "calendarYear": "1998",
        "period": "Q4",
        "revenue": 1414400000,
        "costOfRevenue": 1016200000,
        "grossProfit": 398200000,
        "grossProfitRatio": 0.2815328054,
        "researchAndDevelopmentExpenses": 0,
        "generalAndAdministrativeExpenses": 150400000,
        "sellingAndMarketingExpenses": 0,
        "sellingGeneralAndAdministrativeExpenses": 150400000,
        "otherExpenses": 92800000,
        "operatingExpenses": 243200000,
        "costAndExpenses": 1259400000,
        "interestIncome": 0,
        "interestExpense": 0,
        "depreciationAndAmortization": 92800000,
        "ebitda": 234900000,
        "ebitdaratio": 0.1660774887,
        "operatingIncome": 155000000,
        "operatingIncomeRatio": 0.1095871041,
        "totalOtherIncomeExpensesNet": -93000000,
        "incomeBeforeTax": 62000000,
        "incomeBeforeTaxRatio": 0.0438348416,
        "incomeTaxExpense": 49700000,
        "netIncome": 92400000,
        "netIncomeRatio": 0.0653280543,
        "eps": 2.08,
        "epsdiluted": 2.08,
        "weightedAverageShsOut": 44444400,
        "weightedAverageShsOutDil": 44444400,
        "link": "",
        "finalLink": ""
    },
    {
        "date": "1998-09-30",
        "symbol": "RRD",
        "reportedCurrency": "USD",
        "cik": "0000029669",
        "fillingDate": "1998-11-12",
        "acceptedDate": "1998-11-12 00:00:00",
        "calendarYear": "1998",
        "period": "Q3",
        "revenue": 1274500000,
        "costOfRevenue": 882100000,
        "grossProfit": 392400000,
        "grossProfitRatio": 0.3078854453,
        "researchAndDevelopmentExpenses": 0,
        "generalAndAdministrativeExpenses": 145800000,
        "sellingAndMarketingExpenses": 0,
        "sellingGeneralAndAdministrativeExpenses": 145800000,
        "otherExpenses": 98400000,
        "operatingExpenses": 244200000,
        "costAndExpenses": 1126300000,
        "interestIncome": 0,
        "interestExpense": 19400000,
        "depreciationAndAmortization": 98400000,
        "ebitda": 271900000,
        "ebitdaratio": 0.2133385641,
        "operatingIncome": 148200000,
        "operatingIncomeRatio": 0.1162808945,
        "totalOtherIncomeExpensesNet": 5900000,
        "incomeBeforeTax": 154100000,
        "incomeBeforeTaxRatio": 0.1209101608,
        "incomeTaxExpense": 54900000,
        "netIncome": 99200000,
        "netIncomeRatio": 0.0778344449,
        "eps": 2.16,
        "epsdiluted": 2.13,
        "weightedAverageShsOut": 45925880,
        "weightedAverageShsOutDil": 46572723,
        "link": "https://www.sec.gov/Archives/edgar/data/29669/000095013198005959/0000950131-98-005959-index.html",
        "finalLink": "https://www.sec.gov/Archives/edgar/data/29669/0000950131-98-005959.txt"
    },
    {
        "date": "1998-06-30",
        "symbol": "RRD",
        "reportedCurrency": "USD",
        "cik": "0000029669",
        "fillingDate": "1998-08-14",
        "acceptedDate": "1998-08-14 00:00:00",
        "calendarYear": "1998",
        "period": "Q2",
        "revenue": 1143600000,
        "costOfRevenue": 815400000,
        "grossProfit": 328200000,
        "grossProfitRatio": 0.2869884575,
        "researchAndDevelopmentExpenses": 0,
        "generalAndAdministrativeExpenses": 143400000,
        "sellingAndMarketingExpenses": 0,
        "sellingGeneralAndAdministrativeExpenses": 143400000,
        "otherExpenses": 87400000,
        "operatingExpenses": 230800000,
        "costAndExpenses": 1046200000,
        "interestIncome": 0,
        "interestExpense": 0,
        "depreciationAndAmortization": 87400000,
        "ebitda": 232300000,
        "ebitdaratio": 0.2031304652,
        "operatingIncome": 97400000,
        "operatingIncomeRatio": 0.0851696397,
        "totalOtherIncomeExpensesNet": 127600000,
        "incomeBeforeTax": 225000000,
        "incomeBeforeTaxRatio": 0.1967471144,
        "incomeTaxExpense": 86200000,
        "netIncome": 58700000,
        "netIncomeRatio": 0.0513291361,
        "eps": 1.26,
        "epsdiluted": 1.23,
        "weightedAverageShsOut": 46587255,
        "weightedAverageShsOutDil": 47723530,
        "link": "https://www.sec.gov/Archives/edgar/data/29669/000095013198004839/0000950131-98-004839-index.html",
        "finalLink": "https://www.sec.gov/Archives/edgar/data/29669/0000950131-98-004839.txt"
    },
    {
        "date": "1998-03-31",
        "symbol": "RRD",
        "reportedCurrency": "USD",
        "cik": "0000029669",
        "fillingDate": "1998-05-01",
        "acceptedDate": "1998-05-01 00:00:00",
        "calendarYear": "1998",
        "period": "Q1",
        "revenue": 1161400000,
        "costOfRevenue": 854200000,
        "grossProfit": 307200000,
        "grossProfitRatio": 0.264508352,
        "researchAndDevelopmentExpenses": 0,
        "generalAndAdministrativeExpenses": 130200000,
        "sellingAndMarketingExpenses": 0,
        "sellingGeneralAndAdministrativeExpenses": 130200000,
        "otherExpenses": 89200000,
        "operatingExpenses": 219400000,
        "costAndExpenses": 1073600000,
        "interestIncome": 0,
        "interestExpense": 0,
        "depreciationAndAmortization": 89200000,
        "ebitda": 157200000,
        "ebitdaratio": 0.1353538832,
        "operatingIncome": 87800000,
        "operatingIncomeRatio": 0.0755984157,
        "totalOtherIncomeExpensesNet": -19800000,
        "incomeBeforeTax": 68000000,
        "incomeBeforeTaxRatio": 0.0585500258,
        "incomeTaxExpense": 23800000,
        "netIncome": 44200000,
        "netIncomeRatio": 0.0380575168,
        "eps": 0.93,
        "epsdiluted": 0.9,
        "weightedAverageShsOut": 47526834,
        "weightedAverageShsOutDil": 49111062,
        "link": "https://www.sec.gov/Archives/edgar/data/29669/000095013198002943/0000950131-98-002943-index.html",
        "finalLink": "https://www.sec.gov/Archives/edgar/data/29669/0000950131-98-002943.txt"
    },
    {
        "date": "1997-12-31",
        "symbol": "RRD",
        "reportedCurrency": "USD",
        "cik": "0000029669",
        "fillingDate": "1997-12-31",
        "acceptedDate": "1997-12-30 19:00:00",
        "calendarYear": "1997",
        "period": "Q4",
        "revenue": 312400000,
        "costOfRevenue": 66800000,
        "grossProfit": 245600000,
        "grossProfitRatio": 0.7861715749,
        "researchAndDevelopmentExpenses": 0,
        "generalAndAdministrativeExpenses": -17100000,
        "sellingAndMarketingExpenses": 0,
        "sellingGeneralAndAdministrativeExpenses": -17100000,
        "otherExpenses": 78200000,
        "operatingExpenses": 61100000,
        "costAndExpenses": 127900000,
        "interestIncome": 0,
        "interestExpense": 0,
        "depreciationAndAmortization": 78200000,
        "ebitda": 90200000,
        "ebitdaratio": 0.2887323944,
        "operatingIncome": 184500000,
        "operatingIncomeRatio": 0.5905889885,
        "totalOtherIncomeExpensesNet": -96600000,
        "incomeBeforeTax": 87900000,
        "incomeBeforeTaxRatio": 0.2813700384,
        "incomeTaxExpense": 20600000,
        "netIncome": -8600000,
        "netIncomeRatio": -0.0275288092,
        "eps": -0.18,
        "epsdiluted": -0.18,
        "weightedAverageShsOut": 47526834,
        "weightedAverageShsOutDil": 47526834,
        "link": "",
        "finalLink": ""
    },
    {
        "date": "1997-09-30",
        "symbol": "RRD",
        "reportedCurrency": "USD",
        "cik": "0000029669",
        "fillingDate": "1997-10-28",
        "acceptedDate": "1997-10-28 00:00:00",
        "calendarYear": "1997",
        "period": "Q3",
        "revenue": 1557300000,
        "costOfRevenue": 1156800000,
        "grossProfit": 400500000,
        "grossProfitRatio": 0.2571758813,
        "researchAndDevelopmentExpenses": 0,
        "generalAndAdministrativeExpenses": 174400000,
        "sellingAndMarketingExpenses": 0,
        "sellingGeneralAndAdministrativeExpenses": 174400000,
        "otherExpenses": 100700000,
        "operatingExpenses": 275100000,
        "costAndExpenses": 1431900000,
        "interestIncome": 0,
        "interestExpense": 0,
        "depreciationAndAmortization": 100700000,
        "ebitda": 212600000,
        "ebitdaratio": 0.136518333,
        "operatingIncome": 125400000,
        "operatingIncomeRatio": 0.0805239838,
        "totalOtherIncomeExpensesNet": -13500000,
        "incomeBeforeTax": 111900000,
        "incomeBeforeTaxRatio": 0.0718551339,
        "incomeTaxExpense": 39700000,
        "netIncome": 72200000,
        "netIncomeRatio": 0.0463622937,
        "eps": 1.47,
        "epsdiluted": 1.47,
        "weightedAverageShsOut": 49115597,
        "weightedAverageShsOutDil": 49115597,
        "link": "https://www.sec.gov/Archives/edgar/data/29669/000095013197006399/0000950131-97-006399-index.html",
        "finalLink": "https://www.sec.gov/Archives/edgar/data/29669/0000950131-97-006399.txt"
    },
    {
        "date": "1997-06-30",
        "symbol": "RRD",
        "reportedCurrency": "USD",
        "cik": "0000029669",
        "fillingDate": "1997-08-05",
        "acceptedDate": "1997-08-05 00:00:00",
        "calendarYear": "1997",
        "period": "Q2",
        "revenue": 1505000000,
        "costOfRevenue": 1153600000,
        "grossProfit": 351400000,
        "grossProfitRatio": 0.2334883721,
        "researchAndDevelopmentExpenses": 0,
        "generalAndAdministrativeExpenses": 181100000,
        "sellingAndMarketingExpenses": 0,
        "sellingGeneralAndAdministrativeExpenses": 181100000,
        "otherExpenses": 101900000,
        "operatingExpenses": 283000000,
        "costAndExpenses": 1436600000,
        "interestIncome": 0,
        "interestExpense": 0,
        "depreciationAndAmortization": 101900000,
        "ebitda": 160300000,
        "ebitdaratio": 0.1065116279,
        "operatingIncome": 68400000,
        "operatingIncomeRatio": 0.045448505,
        "totalOtherIncomeExpensesNet": -10000000,
        "incomeBeforeTax": 58400000,
        "incomeBeforeTaxRatio": 0.0388039867,
        "incomeTaxExpense": 20700000,
        "netIncome": 37700000,
        "netIncomeRatio": 0.0250498339,
        "eps": 0.78,
        "epsdiluted": 0.78,
        "weightedAverageShsOut": 48333285,
        "weightedAverageShsOutDil": 48333285,
        "link": "https://www.sec.gov/Archives/edgar/data/29669/000095013197004750/0000950131-97-004750-index.html",
        "finalLink": "https://www.sec.gov/Archives/edgar/data/29669/0000950131-97-004750.txt"
    },
    {
        "date": "1997-03-31",
        "symbol": "RRD",
        "reportedCurrency": "USD",
        "cik": "0000029669",
        "fillingDate": "1997-05-07",
        "acceptedDate": "1997-05-07 00:00:00",
        "calendarYear": "1997",
        "period": "Q1",
        "revenue": 1475200000,
        "costOfRevenue": 1150600000,
        "grossProfit": 324600000,
        "grossProfitRatio": 0.220037961,
        "researchAndDevelopmentExpenses": 0,
        "generalAndAdministrativeExpenses": 173800000,
        "sellingAndMarketingExpenses": 0,
        "sellingGeneralAndAdministrativeExpenses": 173800000,
        "otherExpenses": 89700000,
        "operatingExpenses": 263500000,
        "costAndExpenses": 1414100000,
        "interestIncome": 0,
        "interestExpense": 0,
        "depreciationAndAmortization": 89700000,
        "ebitda": 135100000,
        "ebitdaratio": 0.0915808026,
        "operatingIncome": 61100000,
        "operatingIncomeRatio": 0.0414181128,
        "totalOtherIncomeExpensesNet": -15700000,
        "incomeBeforeTax": 45400000,
        "incomeBeforeTaxRatio": 0.0307754881,
        "incomeTaxExpense": 16100000,
        "netIncome": 29300000,
        "netIncomeRatio": 0.0198617137,
        "eps": 0.6,
        "epsdiluted": 0.6,
        "weightedAverageShsOut": 48833284,
        "weightedAverageShsOutDil": 48833284,
        "link": "https://www.sec.gov/Archives/edgar/data/29669/000095013197003189/0000950131-97-003189-index.html",
        "finalLink": "https://www.sec.gov/Archives/edgar/data/29669/0000950131-97-003189.txt"
    },
    {
        "date": "1996-12-31",
        "symbol": "RRD",
        "reportedCurrency": "USD",
        "cik": "0000029669",
        "fillingDate": "1996-12-31",
        "acceptedDate": "1996-12-30 19:00:00",
        "calendarYear": "1996",
        "period": "Q4",
        "revenue": 1872000000,
        "costOfRevenue": 1474000000,
        "grossProfit": 398000000,
        "grossProfitRatio": 0.2126068376,
        "researchAndDevelopmentExpenses": 0,
        "generalAndAdministrativeExpenses": 177600000,
        "sellingAndMarketingExpenses": 0,
        "sellingGeneralAndAdministrativeExpenses": 177600000,
        "otherExpenses": 89000000,
        "operatingExpenses": 266600000,
        "costAndExpenses": 1740600000,
        "interestIncome": 0,
        "interestExpense": 0,
        "depreciationAndAmortization": 89000000,
        "ebitda": 242500000,
        "ebitdaratio": 0.1295405983,
        "operatingIncome": 131400000,
        "operatingIncomeRatio": 0.0701923077,
        "totalOtherIncomeExpensesNet": 22100000,
        "incomeBeforeTax": 153500000,
        "incomeBeforeTaxRatio": 0.0819978632,
        "incomeTaxExpense": 56300000,
        "netIncome": 97200000,
        "netIncomeRatio": 0.0519230769,
        "eps": 1.99,
        "epsdiluted": 1.99,
        "weightedAverageShsOut": 48833284,
        "weightedAverageShsOutDil": 48833284,
        "link": "",
        "finalLink": ""
    },
    {
        "date": "1996-09-30",
        "symbol": "RRD",
        "reportedCurrency": "USD",
        "cik": "0000029669",
        "fillingDate": "1996-11-01",
        "acceptedDate": "1996-11-01 00:00:00",
        "calendarYear": "1996",
        "period": "Q3",
        "revenue": 1602500000,
        "costOfRevenue": 1229000000,
        "grossProfit": 373500000,
        "grossProfitRatio": 0.2330733229,
        "researchAndDevelopmentExpenses": 0,
        "generalAndAdministrativeExpenses": 157400000,
        "sellingAndMarketingExpenses": 0,
        "sellingGeneralAndAdministrativeExpenses": 157400000,
        "otherExpenses": 90300000,
        "operatingExpenses": 247700000,
        "costAndExpenses": 1476700000,
        "interestIncome": 0,
        "interestExpense": 21800000,
        "depreciationAndAmortization": 90300000,
        "ebitda": 217300000,
        "ebitdaratio": 0.135600624,
        "operatingIncome": 125800000,
        "operatingIncomeRatio": 0.0785023401,
        "totalOtherIncomeExpensesNet": -20600000,
        "incomeBeforeTax": 105200000,
        "incomeBeforeTaxRatio": 0.0656474259,
        "incomeTaxExpense": 37300000,
        "netIncome": 67900000,
        "netIncomeRatio": 0.0423712949,
        "eps": 1.35,
        "epsdiluted": 1.35,
        "weightedAverageShsOut": 50296246,
        "weightedAverageShsOutDil": 50296246,
        "link": "https://www.sec.gov/Archives/edgar/data/29669/000095013196005429/0000950131-96-005429-index.html",
        "finalLink": "https://www.sec.gov/Archives/edgar/data/29669/0000950131-96-005429.txt"
    },
    {
        "date": "1996-06-30",
        "symbol": "RRD",
        "reportedCurrency": "USD",
        "cik": "0000029669",
        "fillingDate": "1996-08-02",
        "acceptedDate": "1996-08-02 00:00:00",
        "calendarYear": "1996",
        "period": "Q2",
        "revenue": 1577500000,
        "costOfRevenue": 1186700000,
        "grossProfit": 390800000,
        "grossProfitRatio": 0.2477337559,
        "researchAndDevelopmentExpenses": 0,
        "generalAndAdministrativeExpenses": 184800000,
        "sellingAndMarketingExpenses": 0,
        "sellingGeneralAndAdministrativeExpenses": 184800000,
        "otherExpenses": 100700000,
        "operatingExpenses": 285500000,
        "costAndExpenses": 1472200000,
        "interestIncome": 0,
        "interestExpense": 0,
        "depreciationAndAmortization": 100700000,
        "ebitda": 180300000,
        "ebitdaratio": 0.1142947702,
        "operatingIncome": 105300000,
        "operatingIncomeRatio": 0.0667511886,
        "totalOtherIncomeExpensesNet": -25700000,
        "incomeBeforeTax": 79600000,
        "incomeBeforeTaxRatio": 0.050459588,
        "incomeTaxExpense": 25300000,
        "netIncome": 54300000,
        "netIncomeRatio": 0.0344215531,
        "eps": 1.05,
        "epsdiluted": 1.05,
        "weightedAverageShsOut": 51714234,
        "weightedAverageShsOutDil": 51714234,
        "link": "https://www.sec.gov/Archives/edgar/data/29669/000095013196003604/0000950131-96-003604-index.html",
        "finalLink": "https://www.sec.gov/Archives/edgar/data/29669/0000950131-96-003604.txt"
    },
    {
        "date": "1996-03-31",
        "symbol": "RRD",
        "reportedCurrency": "USD",
        "cik": "0000029669",
        "fillingDate": "1996-05-03",
        "acceptedDate": "1996-05-03 00:00:00",
        "calendarYear": "1996",
        "period": "Q1",
        "revenue": 1547000000,
        "costOfRevenue": 1197100000,
        "grossProfit": 349900000,
        "grossProfitRatio": 0.2261797027,
        "researchAndDevelopmentExpenses": 0,
        "generalAndAdministrativeExpenses": 178500000,
        "sellingAndMarketingExpenses": 0,
        "sellingGeneralAndAdministrativeExpenses": 178500000,
        "otherExpenses": 109100000,
        "operatingExpenses": 287600000,
        "costAndExpenses": 1484700000,
        "interestIncome": 0,
        "interestExpense": 0,
        "depreciationAndAmortization": 109100000,
        "ebitda": -339600000,
        "ebitdaratio": -0.2195216548,
        "operatingIncome": 62300000,
        "operatingIncomeRatio": 0.0402714932,
        "totalOtherIncomeExpensesNet": -511000000,
        "incomeBeforeTax": -448700000,
        "incomeBeforeTaxRatio": -0.2900452489,
        "incomeTaxExpense": -71800000,
        "netIncome": -376900000,
        "netIncomeRatio": -0.2436328378,
        "eps": -7.35,
        "epsdiluted": -7.35,
        "weightedAverageShsOut": 51278860,
        "weightedAverageShsOutDil": 51278860,
        "link": "https://www.sec.gov/Archives/edgar/data/29669/000095013196001919/0000950131-96-001919-index.html",
        "finalLink": "https://www.sec.gov/Archives/edgar/data/29669/0000950131-96-001919.txt"
    },
    {
        "date": "1995-12-31",
        "symbol": "RRD",
        "reportedCurrency": "USD",
        "cik": "0000029669",
        "fillingDate": "1996-03-11",
        "acceptedDate": "1996-03-11 00:00:00",
        "calendarYear": "1995",
        "period": "Q4",
        "revenue": 1998300000,
        "costOfRevenue": 1529600000,
        "grossProfit": 468700000,
        "grossProfitRatio": 0.234549367,
        "researchAndDevelopmentExpenses": 0,
        "generalAndAdministrativeExpenses": 188200000,
        "sellingAndMarketingExpenses": 0,
        "sellingGeneralAndAdministrativeExpenses": 188200000,
        "otherExpenses": 106000000,
        "operatingExpenses": 294200000,
        "costAndExpenses": 1823800000,
        "interestIncome": 0,
        "interestExpense": 0,
        "depreciationAndAmortization": 106000000,
        "ebitda": 246400000,
        "ebitdaratio": 0.1233048091,
        "operatingIncome": 174500000,
        "operatingIncomeRatio": 0.0873242256,
        "totalOtherIncomeExpensesNet": -34100000,
        "incomeBeforeTax": 140400000,
        "incomeBeforeTaxRatio": 0.0702597208,
        "incomeTaxExpense": 45000000,
        "netIncome": 95400000,
        "netIncomeRatio": 0.0477405795,
        "eps": 1.86,
        "epsdiluted": 1.86,
        "weightedAverageShsOut": 51278860,
        "weightedAverageShsOutDil": 51278860,
        "link": "https://www.sec.gov/Archives/edgar/data/29669/000095013196001033/0000950131-96-001033-index.html",
        "finalLink": "https://www.sec.gov/Archives/edgar/data/29669/0000950131-96-001033.txt"
    },
    {
        "date": "1995-09-30",
        "symbol": "RRD",
        "reportedCurrency": "USD",
        "cik": "0000029669",
        "fillingDate": "1995-11-13",
        "acceptedDate": "1995-11-13 00:00:00",
        "calendarYear": "1995",
        "period": "Q3",
        "revenue": 1704800000,
        "costOfRevenue": 1266100000,
        "grossProfit": 438700000,
        "grossProfitRatio": 0.2573322384,
        "researchAndDevelopmentExpenses": 0,
        "generalAndAdministrativeExpenses": 170900000,
        "sellingAndMarketingExpenses": 0,
        "sellingGeneralAndAdministrativeExpenses": 170900000,
        "otherExpenses": 99900000,
        "operatingExpenses": 270800000,
        "costAndExpenses": 1536900000,
        "interestIncome": 0,
        "interestExpense": 0,
        "depreciationAndAmortization": 99900000,
        "ebitda": 235300000,
        "ebitdaratio": 0.1380220554,
        "operatingIncome": 167900000,
        "operatingIncomeRatio": 0.098486626,
        "totalOtherIncomeExpensesNet": -32500000,
        "incomeBeforeTax": 135400000,
        "incomeBeforeTaxRatio": 0.0794228062,
        "incomeTaxExpense": 43300000,
        "netIncome": 92100000,
        "netIncomeRatio": 0.0540239324,
        "eps": 1.8,
        "epsdiluted": 1.8,
        "weightedAverageShsOut": 51166616,
        "weightedAverageShsOutDil": 51166616,
        "link": "https://www.sec.gov/Archives/edgar/data/29669/000095013195003198/0000950131-95-003198-index.html",
        "finalLink": "https://www.sec.gov/Archives/edgar/data/29669/0000950131-95-003198.txt"
    },
    {
        "date": "1995-06-30",
        "symbol": "RRD",
        "reportedCurrency": "USD",
        "cik": "0000029669",
        "fillingDate": "1995-08-11",
        "acceptedDate": "1995-08-11 00:00:00",
        "calendarYear": "1995",
        "period": "Q2",
        "revenue": 1490600000,
        "costOfRevenue": 1112400000,
        "grossProfit": 378200000,
        "grossProfitRatio": 0.2537233329,
        "researchAndDevelopmentExpenses": 0,
        "generalAndAdministrativeExpenses": 155500000,
        "sellingAndMarketingExpenses": 0,
        "sellingGeneralAndAdministrativeExpenses": 155500000,
        "otherExpenses": 100100000,
        "operatingExpenses": 255600000,
        "costAndExpenses": 1368000000,
        "interestIncome": 0,
        "interestExpense": 0,
        "depreciationAndAmortization": 100100000,
        "ebitda": 194900000,
        "ebitdaratio": 0.130752717,
        "operatingIncome": 122600000,
        "operatingIncomeRatio": 0.0822487589,
        "totalOtherIncomeExpensesNet": -27800000,
        "incomeBeforeTax": 94800000,
        "incomeBeforeTaxRatio": 0.0635985509,
        "incomeTaxExpense": 30300000,
        "netIncome": 64500000,
        "netIncomeRatio": 0.043271166,
        "eps": 1.26,
        "epsdiluted": 1.26,
        "weightedAverageShsOut": 51190425,
        "weightedAverageShsOutDil": 51190425,
        "link": "https://www.sec.gov/Archives/edgar/data/29669/000095013195002203/0000950131-95-002203-index.html",
        "finalLink": "https://www.sec.gov/Archives/edgar/data/29669/0000950131-95-002203.txt"
    },
    {
        "date": "1995-03-31",
        "symbol": "RRD",
        "reportedCurrency": "USD",
        "cik": "0000029669",
        "fillingDate": "1995-05-12",
        "acceptedDate": "1995-05-12 00:00:00",
        "calendarYear": "1995",
        "period": "Q1",
        "revenue": 1318100000,
        "costOfRevenue": 996100000,
        "grossProfit": 322000000,
        "grossProfitRatio": 0.244291025,
        "researchAndDevelopmentExpenses": 0,
        "generalAndAdministrativeExpenses": 135300000,
        "sellingAndMarketingExpenses": 0,
        "sellingGeneralAndAdministrativeExpenses": 135300000,
        "otherExpenses": 92200000,
        "operatingExpenses": 227500000,
        "costAndExpenses": 1223600000,
        "interestIncome": 0,
        "interestExpense": 0,
        "depreciationAndAmortization": 92200000,
        "ebitda": 161000000,
        "ebitdaratio": 0.1221455125,
        "operatingIncome": 94500000,
        "operatingIncomeRatio": 0.0716941052,
        "totalOtherIncomeExpensesNet": -25700000,
        "incomeBeforeTax": 68800000,
        "incomeBeforeTaxRatio": 0.0521963432,
        "incomeTaxExpense": 22000000,
        "netIncome": 46800000,
        "netIncomeRatio": 0.0355056521,
        "eps": 0.93,
        "epsdiluted": 0.93,
        "weightedAverageShsOut": 50322530,
        "weightedAverageShsOutDil": 50322530,
        "link": "https://www.sec.gov/Archives/edgar/data/29669/000095013195001279/0000950131-95-001279-index.html",
        "finalLink": "https://www.sec.gov/Archives/edgar/data/29669/0000950131-95-001279.txt"
    },
    {
        "date": "1994-12-31",
        "symbol": "RRD",
        "reportedCurrency": "USD",
        "cik": "0000029669",
        "fillingDate": "1994-12-31",
        "acceptedDate": "1994-12-30 19:00:00",
        "calendarYear": "1994",
        "period": "Q4",
        "revenue": 1457600000,
        "costOfRevenue": 1093100000,
        "grossProfit": 364500000,
        "grossProfitRatio": 0.2500686059,
        "researchAndDevelopmentExpenses": 0,
        "generalAndAdministrativeExpenses": 134800000,
        "sellingAndMarketingExpenses": 0,
        "sellingGeneralAndAdministrativeExpenses": 134800000,
        "otherExpenses": 80900000,
        "operatingExpenses": 215700000,
        "costAndExpenses": 1308800000,
        "interestIncome": 0,
        "interestExpense": 0,
        "depreciationAndAmortization": 80900000,
        "ebitda": 209400000,
        "ebitdaratio": 0.1436608123,
        "operatingIncome": 148800000,
        "operatingIncomeRatio": 0.1020856202,
        "totalOtherIncomeExpensesNet": -20300000,
        "incomeBeforeTax": 128500000,
        "incomeBeforeTaxRatio": 0.0881586169,
        "incomeTaxExpense": 41100000,
        "netIncome": 87400000,
        "netIncomeRatio": 0.0599615807,
        "eps": 1.74,
        "epsdiluted": 1.74,
        "weightedAverageShsOut": 50322530,
        "weightedAverageShsOutDil": 50322530,
        "link": "",
        "finalLink": ""
    },
    {
        "date": "1994-09-30",
        "symbol": "RRD",
        "reportedCurrency": "USD",
        "cik": "0000029669",
        "fillingDate": "1994-11-14",
        "acceptedDate": "1994-11-14 00:00:00",
        "calendarYear": "1994",
        "period": "Q3",
        "revenue": 1243000000,
        "costOfRevenue": 910400000,
        "grossProfit": 332600000,
        "grossProfitRatio": 0.2675784393,
        "researchAndDevelopmentExpenses": 0,
        "generalAndAdministrativeExpenses": 122800000,
        "sellingAndMarketingExpenses": 0,
        "sellingGeneralAndAdministrativeExpenses": 122800000,
        "otherExpenses": 77500000,
        "operatingExpenses": 200300000,
        "costAndExpenses": 1110700000,
        "interestIncome": 0,
        "interestExpense": 0,
        "depreciationAndAmortization": 81700000,
        "ebitda": 199500000,
        "ebitdaratio": 0.1604987932,
        "operatingIncome": 132300000,
        "operatingIncomeRatio": 0.1064360418,
        "totalOtherIncomeExpensesNet": -14500000,
        "incomeBeforeTax": 117800000,
        "incomeBeforeTaxRatio": 0.094770716,
        "incomeTaxExpense": 37700000,
        "netIncome": 80100000,
        "netIncomeRatio": 0.0644408689,
        "eps": 1.56,
        "epsdiluted": 1.56,
        "weightedAverageShsOut": 51346102,
        "weightedAverageShsOutDil": 51346102,
        "link": "https://www.sec.gov/Archives/edgar/data/29669/000095013194001747/0000950131-94-001747-index.html",
        "finalLink": "https://www.sec.gov/Archives/edgar/data/29669/0000950131-94-001747.txt"
    },
    {
        "date": "1994-06-30",
        "symbol": "RRD",
        "reportedCurrency": "USD",
        "cik": "0000029669",
        "fillingDate": "1994-08-12",
        "acceptedDate": "1994-08-12 00:00:00",
        "calendarYear": "1994",
        "period": "Q2",
        "revenue": 1117300000,
        "costOfRevenue": 824100000,
        "grossProfit": 293200000,
        "grossProfitRatio": 0.2624183299,
        "researchAndDevelopmentExpenses": 0,
        "generalAndAdministrativeExpenses": 118100000,
        "sellingAndMarketingExpenses": 0,
        "sellingGeneralAndAdministrativeExpenses": 118100000,
        "otherExpenses": 75400000,
        "operatingExpenses": 193500000,
        "costAndExpenses": 1017600000,
        "interestIncome": 0,
        "interestExpense": 0,
        "depreciationAndAmortization": 74800000,
        "ebitda": 160600000,
        "ebitdaratio": 0.1437393717,
        "operatingIncome": 99700000,
        "operatingIncomeRatio": 0.0892329723,
        "totalOtherIncomeExpensesNet": -13900000,
        "incomeBeforeTax": 85800000,
        "incomeBeforeTaxRatio": 0.0767922671,
        "incomeTaxExpense": 27500000,
        "netIncome": 58300000,
        "netIncomeRatio": 0.052179361,
        "eps": 1.14,
        "epsdiluted": 1.14,
        "weightedAverageShsOut": 51140300,
        "weightedAverageShsOutDil": 51140300,
        "link": "https://www.sec.gov/Archives/edgar/data/29669/000095013194001303/0000950131-94-001303-index.html",
        "finalLink": "https://www.sec.gov/Archives/edgar/data/29669/0000950131-94-001303.txt"
    },
    {
        "date": "1994-03-31",
        "symbol": "RRD",
        "reportedCurrency": "USD",
        "cik": "0000029669",
        "fillingDate": "1994-05-16",
        "acceptedDate": "1994-05-16 00:00:00",
        "calendarYear": "1994",
        "period": "Q1",
        "revenue": 1070900000,
        "costOfRevenue": 800900000,
        "grossProfit": 270000000,
        "grossProfitRatio": 0.2521243814,
        "researchAndDevelopmentExpenses": 0,
        "generalAndAdministrativeExpenses": 115200000,
        "sellingAndMarketingExpenses": 0,
        "sellingGeneralAndAdministrativeExpenses": 115200000,
        "otherExpenses": 76100000,
        "operatingExpenses": 191300000,
        "costAndExpenses": 992200000,
        "interestIncome": 0,
        "interestExpense": 0,
        "depreciationAndAmortization": 76100000,
        "ebitda": 139000000,
        "ebitdaratio": 0.1297973667,
        "operatingIncome": 78700000,
        "operatingIncomeRatio": 0.0734895882,
        "totalOtherIncomeExpensesNet": -15800000,
        "incomeBeforeTax": 62900000,
        "incomeBeforeTaxRatio": 0.0587356429,
        "incomeTaxExpense": 20100000,
        "netIncome": 42800000,
        "netIncomeRatio": 0.0399663834,
        "eps": 0.84,
        "epsdiluted": 0.84,
        "weightedAverageShsOut": 50952330,
        "weightedAverageShsOutDil": 50952330,
        "link": "https://www.sec.gov/Archives/edgar/data/29669/000095013194000638/0000950131-94-000638-index.html",
        "finalLink": "https://www.sec.gov/Archives/edgar/data/29669/0000950131-94-000638.txt"
    },
    {
        "date": "1993-12-31",
        "symbol": "RRD",
        "reportedCurrency": "USD",
        "cik": "0000029669",
        "fillingDate": "1993-12-31",
        "acceptedDate": "1993-12-30 19:00:00",
        "calendarYear": "1993",
        "period": "Q4",
        "revenue": 1309600000,
        "costOfRevenue": 971400000,
        "grossProfit": 338200000,
        "grossProfitRatio": 0.2582467929,
        "researchAndDevelopmentExpenses": 0,
        "generalAndAdministrativeExpenses": 0,
        "sellingAndMarketingExpenses": 0,
        "sellingGeneralAndAdministrativeExpenses": 44600000,
        "otherExpenses": 70900000,
        "operatingExpenses": 115500000,
        "costAndExpenses": 1086900000,
        "interestIncome": 0,
        "interestExpense": 0,
        "depreciationAndAmortization": 70900000,
        "ebitda": 189300000,
        "ebitdaratio": 0.1445479536,
        "operatingIncome": 222700000,
        "operatingIncomeRatio": 0.1700519243,
        "totalOtherIncomeExpensesNet": -104300000,
        "incomeBeforeTax": 118400000,
        "incomeBeforeTaxRatio": 0.0904092853,
        "incomeTaxExpense": 39600000,
        "netIncome": 78800000,
        "netIncomeRatio": 0.0601710446,
        "eps": 1.53,
        "epsdiluted": 1.53,
        "weightedAverageShsOut": 51481430,
        "weightedAverageShsOutDil": 51481430,
        "link": "",
        "finalLink": ""
    },
    {
        "date": "1993-09-30",
        "symbol": "RRD",
        "reportedCurrency": "USD",
        "cik": "0000029669",
        "fillingDate": "1993-09-30",
        "acceptedDate": "1993-09-29 20:00:00",
        "calendarYear": "1993",
        "period": "Q3",
        "revenue": 1123800000,
        "costOfRevenue": 755200000,
        "grossProfit": 368600000,
        "grossProfitRatio": 0.327994305,
        "researchAndDevelopmentExpenses": 0,
        "generalAndAdministrativeExpenses": 0,
        "sellingAndMarketingExpenses": 0,
        "sellingGeneralAndAdministrativeExpenses": 110200000,
        "otherExpenses": 136600000,
        "operatingExpenses": 246800000,
        "costAndExpenses": 1002000000,
        "interestIncome": 0,
        "interestExpense": 0,
        "depreciationAndAmortization": 70000000,
        "ebitda": 182700000,
        "ebitdaratio": 0.1625734116,
        "operatingIncome": 121800000,
        "operatingIncomeRatio": 0.1083822744,
        "totalOtherIncomeExpensesNet": -9100000,
        "incomeBeforeTax": 112700000,
        "incomeBeforeTaxRatio": 0.1002847482,
        "incomeTaxExpense": 43200000,
        "netIncome": 69500000,
        "netIncomeRatio": 0.0618437444,
        "eps": 1.35,
        "epsdiluted": 1.35,
        "weightedAverageShsOut": 51481430,
        "weightedAverageShsOutDil": 51481430,
        "link": "",
        "finalLink": ""
    },
    {
        "date": "1993-06-30",
        "symbol": "RRD",
        "reportedCurrency": "USD",
        "cik": "0000029669",
        "fillingDate": "1993-06-30",
        "acceptedDate": "1993-06-29 20:00:00",
        "calendarYear": "1993",
        "period": "Q2",
        "revenue": 994000000,
        "costOfRevenue": 731300000,
        "grossProfit": 262700000,
        "grossProfitRatio": 0.2642857143,
        "researchAndDevelopmentExpenses": 0,
        "generalAndAdministrativeExpenses": 0,
        "sellingAndMarketingExpenses": 0,
        "sellingGeneralAndAdministrativeExpenses": 105400000,
        "otherExpenses": 67300000,
        "operatingExpenses": 172700000,
        "costAndExpenses": 904000000,
        "interestIncome": 0,
        "interestExpense": 0,
        "depreciationAndAmortization": 67300000,
        "ebitda": 145500000,
        "ebitdaratio": 0.1463782696,
        "operatingIncome": 90000000,
        "operatingIncomeRatio": 0.0905432596,
        "totalOtherIncomeExpensesNet": -11800000,
        "incomeBeforeTax": 78200000,
        "incomeBeforeTaxRatio": 0.0786720322,
        "incomeTaxExpense": 25400000,
        "netIncome": 52800000,
        "netIncomeRatio": 0.0531187123,
        "eps": 1.02,
        "epsdiluted": 1.02,
        "weightedAverageShsOut": 51764654,
        "weightedAverageShsOutDil": 51764654,
        "link": "",
        "finalLink": ""
    },
    {
        "date": "1993-03-31",
        "symbol": "RRD",
        "reportedCurrency": "USD",
        "cik": "0000029669",
        "fillingDate": "1993-03-31",
        "acceptedDate": "1993-03-30 19:00:00",
        "calendarYear": "1993",
        "period": "Q1",
        "revenue": 960300000,
        "costOfRevenue": 718900000,
        "grossProfit": 241400000,
        "grossProfitRatio": 0.2513797772,
        "researchAndDevelopmentExpenses": 0,
        "generalAndAdministrativeExpenses": 0,
        "sellingAndMarketingExpenses": 0,
        "sellingGeneralAndAdministrativeExpenses": 193900000,
        "otherExpenses": 66600000,
        "operatingExpenses": 260500000,
        "costAndExpenses": 979400000,
        "interestIncome": 0,
        "interestExpense": 11200000,
        "depreciationAndAmortization": 66600000,
        "ebitda": -24400000,
        "ebitdaratio": -0.0254087264,
        "operatingIncome": -19100000,
        "operatingIncomeRatio": -0.0198896178,
        "totalOtherIncomeExpensesNet": -13600000,
        "incomeBeforeTax": -32700000,
        "incomeBeforeTaxRatio": -0.0340518588,
        "incomeTaxExpense": -10600000,
        "netIncome": -91600000,
        "netIncomeRatio": -0.0953868583,
        "eps": -1.77,
        "epsdiluted": -1.77,
        "weightedAverageShsOut": 51751361,
        "weightedAverageShsOutDil": 51751361,
        "link": "",
        "finalLink": ""
    },
    {
        "date": "1992-12-31",
        "symbol": "RRD",
        "reportedCurrency": "USD",
        "cik": "0000029669",
        "fillingDate": "1992-12-31",
        "acceptedDate": "1992-12-30 19:00:00",
        "calendarYear": "1992",
        "period": "Q4",
        "revenue": 1209300000,
        "costOfRevenue": 898200000,
        "grossProfit": 311100000,
        "grossProfitRatio": 0.257256264,
        "researchAndDevelopmentExpenses": 0,
        "generalAndAdministrativeExpenses": 0,
        "sellingAndMarketingExpenses": 0,
        "sellingGeneralAndAdministrativeExpenses": 119100000,
        "otherExpenses": 65100000,
        "operatingExpenses": 184200000,
        "costAndExpenses": 1082400000,
        "interestIncome": 0,
        "interestExpense": 0,
        "depreciationAndAmortization": 65100000,
        "ebitda": 177600000,
        "ebitdaratio": 0.1468618209,
        "operatingIncome": 126900000,
        "operatingIncomeRatio": 0.1049367403,
        "totalOtherIncomeExpensesNet": -14400000,
        "incomeBeforeTax": 112500000,
        "incomeBeforeTaxRatio": 0.0930290251,
        "incomeTaxExpense": 39400000,
        "netIncome": 73100000,
        "netIncomeRatio": 0.0604481932,
        "eps": 1.42,
        "epsdiluted": 1.42,
        "weightedAverageShsOut": 51347466,
        "weightedAverageShsOutDil": 51347466,
        "link": "",
        "finalLink": ""
    },
    {
        "date": "1992-09-30",
        "symbol": "RRD",
        "reportedCurrency": "USD",
        "cik": "0000029669",
        "fillingDate": "1992-09-30",
        "acceptedDate": "1992-09-29 20:00:00",
        "calendarYear": "1992",
        "period": "Q3",
        "revenue": 1038800000,
        "costOfRevenue": 754100000,
        "grossProfit": 284700000,
        "grossProfitRatio": 0.2740662303,
        "researchAndDevelopmentExpenses": 0,
        "generalAndAdministrativeExpenses": 0,
        "sellingAndMarketingExpenses": 0,
        "sellingGeneralAndAdministrativeExpenses": 98700000,
        "otherExpenses": 65600000,
        "operatingExpenses": 164300000,
        "costAndExpenses": 918400000,
        "interestIncome": 0,
        "interestExpense": 0,
        "depreciationAndAmortization": 65600000,
        "ebitda": 177000000,
        "ebitdaratio": 0.1703889103,
        "operatingIncome": 120400000,
        "operatingIncomeRatio": 0.115902965,
        "totalOtherIncomeExpensesNet": -9000000,
        "incomeBeforeTax": 111400000,
        "incomeBeforeTaxRatio": 0.1072391221,
        "incomeTaxExpense": 39000000,
        "netIncome": 72400000,
        "netIncomeRatio": 0.0696958028,
        "eps": 1.41,
        "epsdiluted": 1.41,
        "weightedAverageShsOut": 51347466,
        "weightedAverageShsOutDil": 51347466,
        "link": "",
        "finalLink": ""
    },
    {
        "date": "1992-06-30",
        "symbol": "RRD",
        "reportedCurrency": "USD",
        "cik": "0000029669",
        "fillingDate": "1992-06-30",
        "acceptedDate": "1992-06-29 20:00:00",
        "calendarYear": "1992",
        "period": "Q2",
        "revenue": 1006900000,
        "costOfRevenue": 753400000,
        "grossProfit": 253500000,
        "grossProfitRatio": 0.2517628364,
        "researchAndDevelopmentExpenses": 0,
        "generalAndAdministrativeExpenses": 0,
        "sellingAndMarketingExpenses": 0,
        "sellingGeneralAndAdministrativeExpenses": 97500000,
        "otherExpenses": 63300000,
        "operatingExpenses": 160800000,
        "costAndExpenses": 914200000,
        "interestIncome": 0,
        "interestExpense": 0,
        "depreciationAndAmortization": 63300000,
        "ebitda": 145900000,
        "ebitdaratio": 0.1449001887,
        "operatingIncome": 92700000,
        "operatingIncomeRatio": 0.0920647532,
        "totalOtherIncomeExpensesNet": -10100000,
        "incomeBeforeTax": 82600000,
        "incomeBeforeTaxRatio": 0.0820339656,
        "incomeTaxExpense": 28900000,
        "netIncome": 53700000,
        "netIncomeRatio": 0.0533320091,
        "eps": 1.05,
        "epsdiluted": 1.05,
        "weightedAverageShsOut": 51142806,
        "weightedAverageShsOutDil": 51142806,
        "link": "",
        "finalLink": ""
    },
    {
        "date": "1992-03-31",
        "symbol": "RRD",
        "reportedCurrency": "USD",
        "cik": "0000029669",
        "fillingDate": "1992-03-31",
        "acceptedDate": "1992-03-30 19:00:00",
        "calendarYear": "1992",
        "period": "Q1",
        "revenue": 938200000,
        "costOfRevenue": 711300000,
        "grossProfit": 226900000,
        "grossProfitRatio": 0.2418460883,
        "researchAndDevelopmentExpenses": 0,
        "generalAndAdministrativeExpenses": 0,
        "sellingAndMarketingExpenses": 0,
        "sellingGeneralAndAdministrativeExpenses": 97100000,
        "otherExpenses": 64200000,
        "operatingExpenses": 161300000,
        "costAndExpenses": 872600000,
        "interestIncome": 0,
        "interestExpense": 0,
        "depreciationAndAmortization": 64200000,
        "ebitda": 118800000,
        "ebitdaratio": 0.126625453,
        "operatingIncome": 65600000,
        "operatingIncomeRatio": 0.0699211256,
        "totalOtherIncomeExpensesNet": -11000000,
        "incomeBeforeTax": 54600000,
        "incomeBeforeTaxRatio": 0.0581965466,
        "incomeTaxExpense": 19100000,
        "netIncome": 35500000,
        "netIncomeRatio": 0.037838414,
        "eps": 0.69,
        "epsdiluted": 0.69,
        "weightedAverageShsOut": 51449224,
        "weightedAverageShsOutDil": 51449224,
        "link": "",
        "finalLink": ""
    },
    {
        "date": "1991-12-31",
        "symbol": "RRD",
        "reportedCurrency": "USD",
        "cik": "0000029669",
        "fillingDate": "1991-12-31",
        "acceptedDate": "1991-12-30 19:00:00",
        "calendarYear": "1991",
        "period": "Q4",
        "revenue": 1138300000,
        "costOfRevenue": 860300000,
        "grossProfit": 278000000,
        "grossProfitRatio": 0.2442238426,
        "researchAndDevelopmentExpenses": 0,
        "generalAndAdministrativeExpenses": 0,
        "sellingAndMarketingExpenses": 0,
        "sellingGeneralAndAdministrativeExpenses": 97200000,
        "otherExpenses": 62700000,
        "operatingExpenses": 159900000,
        "costAndExpenses": 1020200000,
        "interestIncome": 0,
        "interestExpense": 0,
        "depreciationAndAmortization": 62700000,
        "ebitda": 169800000,
        "ebitdaratio": 0.1491698146,
        "operatingIncome": 118100000,
        "operatingIncomeRatio": 0.1037512079,
        "totalOtherIncomeExpensesNet": -11000000,
        "incomeBeforeTax": 107100000,
        "incomeBeforeTaxRatio": 0.0940876746,
        "incomeTaxExpense": 38600000,
        "netIncome": 68500000,
        "netIncomeRatio": 0.0601774576,
        "eps": 1.34,
        "epsdiluted": 1.34,
        "weightedAverageShsOut": 51138160,
        "weightedAverageShsOutDil": 51138160,
        "link": "",
        "finalLink": ""
    },
    {
        "date": "1991-09-30",
        "symbol": "RRD",
        "reportedCurrency": "USD",
        "cik": "0000029669",
        "fillingDate": "1991-09-30",
        "acceptedDate": "1991-09-29 20:00:00",
        "calendarYear": "1991",
        "period": "Q3",
        "revenue": 980600000,
        "costOfRevenue": 723500000,
        "grossProfit": 257100000,
        "grossProfitRatio": 0.2621864165,
        "researchAndDevelopmentExpenses": 0,
        "generalAndAdministrativeExpenses": 0,
        "sellingAndMarketingExpenses": 0,
        "sellingGeneralAndAdministrativeExpenses": 87600000,
        "otherExpenses": 61400000,
        "operatingExpenses": 149000000,
        "costAndExpenses": 872500000,
        "interestIncome": 0,
        "interestExpense": 0,
        "depreciationAndAmortization": 61500000,
        "ebitda": 159800000,
        "ebitdaratio": 0.1629614522,
        "operatingIncome": 108100000,
        "operatingIncomeRatio": 0.1102386294,
        "totalOtherIncomeExpensesNet": -9800000,
        "incomeBeforeTax": 98300000,
        "incomeBeforeTaxRatio": 0.1002447481,
        "incomeTaxExpense": 35400000,
        "netIncome": 62900000,
        "netIncomeRatio": 0.0641444014,
        "eps": 1.23,
        "epsdiluted": 1.23,
        "weightedAverageShsOut": 51138160,
        "weightedAverageShsOutDil": 51138160,
        "link": "",
        "finalLink": ""
    },
    {
        "date": "1991-06-30",
        "symbol": "RRD",
        "reportedCurrency": "USD",
        "cik": "0000029669",
        "fillingDate": "1991-06-30",
        "acceptedDate": "1991-06-29 20:00:00",
        "calendarYear": "1991",
        "period": "Q2",
        "revenue": 927900000,
        "costOfRevenue": 695900000,
        "grossProfit": 232000000,
        "grossProfitRatio": 0.2500269426,
        "researchAndDevelopmentExpenses": 0,
        "generalAndAdministrativeExpenses": 0,
        "sellingAndMarketingExpenses": 0,
        "sellingGeneralAndAdministrativeExpenses": 91100000,
        "otherExpenses": 61300000,
        "operatingExpenses": 152400000,
        "costAndExpenses": 848300000,
        "interestIncome": 0,
        "interestExpense": 0,
        "depreciationAndAmortization": 61300000,
        "ebitda": 129300000,
        "ebitdaratio": 0.1393469124,
        "operatingIncome": 79600000,
        "operatingIncomeRatio": 0.0857851062,
        "totalOtherIncomeExpensesNet": -11600000,
        "incomeBeforeTax": 68000000,
        "incomeBeforeTaxRatio": 0.073283759,
        "incomeTaxExpense": 24500000,
        "netIncome": 43500000,
        "netIncomeRatio": 0.0468800517,
        "eps": 0.84,
        "epsdiluted": 0.84,
        "weightedAverageShsOut": 51785662,
        "weightedAverageShsOutDil": 51785662,
        "link": "",
        "finalLink": ""
    },
    {
        "date": "1991-03-31",
        "symbol": "RRD",
        "reportedCurrency": "USD",
        "cik": "0000029669",
        "fillingDate": "1991-03-31",
        "acceptedDate": "1991-03-30 19:00:00",
        "calendarYear": "1991",
        "period": "Q1",
        "revenue": 868100000,
        "costOfRevenue": 666100000,
        "grossProfit": 202000000,
        "grossProfitRatio": 0.2326920862,
        "researchAndDevelopmentExpenses": 0,
        "generalAndAdministrativeExpenses": 0,
        "sellingAndMarketingExpenses": 0,
        "sellingGeneralAndAdministrativeExpenses": 88000000,
        "otherExpenses": 56500000,
        "operatingExpenses": 144500000,
        "costAndExpenses": 810600000,
        "interestIncome": 0,
        "interestExpense": 0,
        "depreciationAndAmortization": 56500000,
        "ebitda": 103400000,
        "ebitdaratio": 0.1191107015,
        "operatingIncome": 57500000,
        "operatingIncomeRatio": 0.0662366087,
        "totalOtherIncomeExpensesNet": -10600000,
        "incomeBeforeTax": 46900000,
        "incomeBeforeTaxRatio": 0.0540260339,
        "incomeTaxExpense": 16900000,
        "netIncome": 30000000,
        "netIncomeRatio": 0.0345582306,
        "eps": 0.6,
        "epsdiluted": 0.6,
        "weightedAverageShsOut": 49999950,
        "weightedAverageShsOutDil": 49999950,
        "link": "",
        "finalLink": ""
    },
    {
        "date": "1990-12-31",
        "symbol": "RRD",
        "reportedCurrency": "USD",
        "cik": "0000029669",
        "fillingDate": "1990-12-31",
        "acceptedDate": "1990-12-30 19:00:00",
        "calendarYear": "1990",
        "period": "Q4",
        "revenue": 1115200000,
        "costOfRevenue": 845000000,
        "grossProfit": 270200000,
        "grossProfitRatio": 0.2422883788,
        "researchAndDevelopmentExpenses": 0,
        "generalAndAdministrativeExpenses": 0,
        "sellingAndMarketingExpenses": 0,
        "sellingGeneralAndAdministrativeExpenses": 95600000,
        "otherExpenses": 56600000,
        "operatingExpenses": 152200000,
        "costAndExpenses": 997200000,
        "interestIncome": 0,
        "interestExpense": 0,
        "depreciationAndAmortization": 56600000,
        "ebitda": 165400000,
        "ebitdaratio": 0.1483142037,
        "operatingIncome": 118000000,
        "operatingIncomeRatio": 0.1058106169,
        "totalOtherIncomeExpensesNet": -9200000,
        "incomeBeforeTax": 108800000,
        "incomeBeforeTaxRatio": 0.0975609756,
        "incomeTaxExpense": 40700000,
        "netIncome": 68100000,
        "netIncomeRatio": 0.0610652798,
        "eps": 1.33,
        "epsdiluted": 1.33,
        "weightedAverageShsOut": 51056860,
        "weightedAverageShsOutDil": 51056860,
        "link": "",
        "finalLink": ""
    },
    {
        "date": "1990-09-30",
        "symbol": "RRD",
        "reportedCurrency": "USD",
        "cik": "0000029669",
        "fillingDate": "1990-09-30",
        "acceptedDate": "1990-09-29 20:00:00",
        "calendarYear": "1990",
        "period": "Q3",
        "revenue": 898300000,
        "costOfRevenue": 666800000,
        "grossProfit": 231500000,
        "grossProfitRatio": 0.2577090059,
        "researchAndDevelopmentExpenses": 0,
        "generalAndAdministrativeExpenses": 0,
        "sellingAndMarketingExpenses": 0,
        "sellingGeneralAndAdministrativeExpenses": 81100000,
        "otherExpenses": 49700000,
        "operatingExpenses": 130800000,
        "costAndExpenses": 797600000,
        "interestIncome": 0,
        "interestExpense": 0,
        "depreciationAndAmortization": 49600000,
        "ebitda": 149200000,
        "ebitdaratio": 0.1660915062,
        "operatingIncome": 100700000,
        "operatingIncomeRatio": 0.1121006345,
        "totalOtherIncomeExpensesNet": -1100000,
        "incomeBeforeTax": 99600000,
        "incomeBeforeTaxRatio": 0.1108760993,
        "incomeTaxExpense": 36800000,
        "netIncome": 62800000,
        "netIncomeRatio": 0.0699098297,
        "eps": 1.23,
        "epsdiluted": 1.23,
        "weightedAverageShsOut": 51056860,
        "weightedAverageShsOutDil": 51056860,
        "link": "",
        "finalLink": ""
    },
    {
        "date": "1990-06-30",
        "symbol": "RRD",
        "reportedCurrency": "USD",
        "cik": "0000029669",
        "fillingDate": "1990-06-30",
        "acceptedDate": "1990-06-29 20:00:00",
        "calendarYear": "1990",
        "period": "Q2",
        "revenue": 759800000,
        "costOfRevenue": 562200000,
        "grossProfit": 197600000,
        "grossProfitRatio": 0.2600684391,
        "researchAndDevelopmentExpenses": 0,
        "generalAndAdministrativeExpenses": 0,
        "sellingAndMarketingExpenses": 0,
        "sellingGeneralAndAdministrativeExpenses": 75000000,
        "otherExpenses": 45300000,
        "operatingExpenses": 120300000,
        "costAndExpenses": 682500000,
        "interestIncome": 0,
        "interestExpense": 0,
        "depreciationAndAmortization": 45300000,
        "ebitda": 127500000,
        "ebitdaratio": 0.1678073177,
        "operatingIncome": 77300000,
        "operatingIncomeRatio": 0.1017372993,
        "totalOtherIncomeExpensesNet": 4900000,
        "incomeBeforeTax": 82200000,
        "incomeBeforeTaxRatio": 0.1081863648,
        "incomeTaxExpense": 30800000,
        "netIncome": 51400000,
        "netIncomeRatio": 0.0676493814,
        "eps": 0.99,
        "epsdiluted": 0.99,
        "weightedAverageShsOut": 51919140,
        "weightedAverageShsOutDil": 51919140,
        "link": "",
        "finalLink": ""
    },
    {
        "date": "1990-03-31",
        "symbol": "RRD",
        "reportedCurrency": "USD",
        "cik": "0000029669",
        "fillingDate": "1990-03-31",
        "acceptedDate": "1990-03-30 19:00:00",
        "calendarYear": "1990",
        "period": "Q1",
        "revenue": 724600000,
        "costOfRevenue": 540400000,
        "grossProfit": 184200000,
        "grossProfitRatio": 0.2542092189,
        "researchAndDevelopmentExpenses": 0,
        "generalAndAdministrativeExpenses": 0,
        "sellingAndMarketingExpenses": 0,
        "sellingGeneralAndAdministrativeExpenses": 75000000,
        "otherExpenses": 43400000,
        "operatingExpenses": 118400000,
        "costAndExpenses": 658800000,
        "interestIncome": 0,
        "interestExpense": 0,
        "depreciationAndAmortization": 43400000,
        "ebitda": 113000000,
        "ebitdaratio": 0.1559481093,
        "operatingIncome": 65800000,
        "operatingIncomeRatio": 0.0908087221,
        "totalOtherIncomeExpensesNet": 3800000,
        "incomeBeforeTax": 69600000,
        "incomeBeforeTaxRatio": 0.0960529948,
        "incomeTaxExpense": 26100000,
        "netIncome": 43500000,
        "netIncomeRatio": 0.0600331217,
        "eps": 0.84,
        "epsdiluted": 0.84,
        "weightedAverageShsOut": 51785662,
        "weightedAverageShsOutDil": 51785662,
        "link": "",
        "finalLink": ""
    },
    {
        "date": "1989-12-31",
        "symbol": "RRD",
        "reportedCurrency": "USD",
        "cik": "0000029669",
        "fillingDate": "1989-12-31",
        "acceptedDate": "1989-12-30 19:00:00",
        "calendarYear": "1989",
        "period": "Q4",
        "revenue": 897800000,
        "costOfRevenue": 673400000,
        "grossProfit": 224400000,
        "grossProfitRatio": 0.2499443083,
        "researchAndDevelopmentExpenses": 0,
        "generalAndAdministrativeExpenses": 0,
        "sellingAndMarketingExpenses": 0,
        "sellingGeneralAndAdministrativeExpenses": 79200000,
        "otherExpenses": 43300000,
        "operatingExpenses": 122500000,
        "costAndExpenses": 795900000,
        "interestIncome": 0,
        "interestExpense": 0,
        "depreciationAndAmortization": 43300000,
        "ebitda": 151400000,
        "ebitdaratio": 0.1686344397,
        "operatingIncome": 101900000,
        "operatingIncomeRatio": 0.1134996658,
        "totalOtherIncomeExpensesNet": 6200000,
        "incomeBeforeTax": 108100000,
        "incomeBeforeTaxRatio": 0.1204054355,
        "incomeTaxExpense": 40000000,
        "netIncome": 68100000,
        "netIncomeRatio": 0.0758520829,
        "eps": 1.34,
        "epsdiluted": 1.34,
        "weightedAverageShsOut": 50975559,
        "weightedAverageShsOutDil": 50975559,
        "link": "",
        "finalLink": ""
    },
    {
        "date": "1989-09-30",
        "symbol": "RRD",
        "reportedCurrency": "USD",
        "cik": "0000029669",
        "fillingDate": "1989-09-30",
        "acceptedDate": "1989-09-29 20:00:00",
        "calendarYear": "1989",
        "period": "Q3",
        "revenue": 794500000,
        "costOfRevenue": 590200000,
        "grossProfit": 204300000,
        "grossProfitRatio": 0.2571428571,
        "researchAndDevelopmentExpenses": 0,
        "generalAndAdministrativeExpenses": 0,
        "sellingAndMarketingExpenses": 0,
        "sellingGeneralAndAdministrativeExpenses": 72200000,
        "otherExpenses": 41300000,
        "operatingExpenses": 113500000,
        "costAndExpenses": 703700000,
        "interestIncome": 0,
        "interestExpense": 0,
        "depreciationAndAmortization": 8700000,
        "ebitda": 99500000,
        "ebitdaratio": 0.1252359975,
        "operatingIncome": 90800000,
        "operatingIncomeRatio": 0.1142857143,
        "totalOtherIncomeExpensesNet": 8700000,
        "incomeBeforeTax": 99500000,
        "incomeBeforeTaxRatio": 0.1252359975,
        "incomeTaxExpense": 36800000,
        "netIncome": 62700000,
        "netIncomeRatio": 0.0789175582,
        "eps": 1.23,
        "epsdiluted": 1.23,
        "weightedAverageShsOut": 50975559,
        "weightedAverageShsOutDil": 50975559,
        "link": "",
        "finalLink": ""
    },
    {
        "date": "1989-06-30",
        "symbol": "RRD",
        "reportedCurrency": "USD",
        "cik": "0000029669",
        "fillingDate": "1989-06-30",
        "acceptedDate": "1989-06-29 20:00:00",
        "calendarYear": "1989",
        "period": "Q2",
        "revenue": 722300000,
        "costOfRevenue": 0,
        "grossProfit": 722300000,
        "grossProfitRatio": 1,
        "researchAndDevelopmentExpenses": 0,
        "generalAndAdministrativeExpenses": 0,
        "sellingAndMarketingExpenses": 0,
        "sellingGeneralAndAdministrativeExpenses": 0,
        "otherExpenses": 0,
        "operatingExpenses": 0,
        "costAndExpenses": 0,
        "interestIncome": 0,
        "interestExpense": 0,
        "depreciationAndAmortization": 0,
        "ebitda": 722300000,
        "ebitdaratio": 1,
        "operatingIncome": 722300000,
        "operatingIncomeRatio": 1,
        "totalOtherIncomeExpensesNet": 0,
        "incomeBeforeTax": 0,
        "incomeBeforeTaxRatio": 0,
        "incomeTaxExpense": 0,
        "netIncome": 0,
        "netIncomeRatio": 0,
        "eps": 0,
        "epsdiluted": 0,
        "weightedAverageShsOut": 51865948,
        "weightedAverageShsOutDil": 51865948,
        "link": "",
        "finalLink": ""
    },
    {
        "date": "1989-03-31",
        "symbol": "RRD",
        "reportedCurrency": "USD",
        "cik": "0000029669",
        "fillingDate": "1989-03-31",
        "acceptedDate": "1989-03-30 19:00:00",
        "calendarYear": "1989",
        "period": "Q1",
        "revenue": 707600000,
        "costOfRevenue": 0,
        "grossProfit": 707600000,
        "grossProfitRatio": 1,
        "researchAndDevelopmentExpenses": 0,
        "generalAndAdministrativeExpenses": 0,
        "sellingAndMarketingExpenses": 0,
        "sellingGeneralAndAdministrativeExpenses": 0,
        "otherExpenses": 0,
        "operatingExpenses": 0,
        "costAndExpenses": 0,
        "interestIncome": 0,
        "interestExpense": 0,
        "depreciationAndAmortization": 0,
        "ebitda": 707600000,
        "ebitdaratio": 1,
        "operatingIncome": 707600000,
        "operatingIncomeRatio": 1,
        "totalOtherIncomeExpensesNet": 0,
        "incomeBeforeTax": 0,
        "incomeBeforeTaxRatio": 0,
        "incomeTaxExpense": 0,
        "netIncome": 0,
        "netIncomeRatio": 0,
        "eps": 0,
        "epsdiluted": 0,
        "weightedAverageShsOut": 51828614,
        "weightedAverageShsOutDil": 51828614,
        "link": "",
        "finalLink": ""
    },
    {
        "date": "1988-12-31",
        "symbol": "RRD",
        "reportedCurrency": "USD",
        "cik": "0000029669",
        "fillingDate": "1988-12-31",
        "acceptedDate": "1988-12-30 19:00:00",
        "calendarYear": "1988",
        "period": "Q4",
        "revenue": 880300000,
        "costOfRevenue": 0,
        "grossProfit": 880300000,
        "grossProfitRatio": 1,
        "researchAndDevelopmentExpenses": 0,
        "generalAndAdministrativeExpenses": 0,
        "sellingAndMarketingExpenses": 0,
        "sellingGeneralAndAdministrativeExpenses": 0,
        "otherExpenses": -2565400000,
        "operatingExpenses": -2565400000,
        "costAndExpenses": -2565400000,
        "interestIncome": 0,
        "interestExpense": 0,
        "depreciationAndAmortization": 0,
        "ebitda": -1685100000,
        "ebitdaratio": -1.9142337839,
        "operatingIncome": -1685100000,
        "operatingIncomeRatio": -1.9142337839,
        "totalOtherIncomeExpensesNet": 0,
        "incomeBeforeTax": 0,
        "incomeBeforeTaxRatio": 0,
        "incomeTaxExpense": 0,
        "netIncome": 0,
        "netIncomeRatio": 0,
        "eps": 0,
        "epsdiluted": 0,
        "weightedAverageShsOut": 51808614,
        "weightedAverageShsOutDil": 51808614,
        "link": "",
        "finalLink": ""
    },
    {
        "date": "1988-09-30",
        "symbol": "RRD",
        "reportedCurrency": "USD",
        "cik": "0000029669",
        "fillingDate": "1988-09-30",
        "acceptedDate": "1988-09-29 20:00:00",
        "calendarYear": "1988",
        "period": "Q3",
        "revenue": 701700000,
        "costOfRevenue": 0,
        "grossProfit": 701700000,
        "grossProfitRatio": 1,
        "researchAndDevelopmentExpenses": 0,
        "generalAndAdministrativeExpenses": 0,
        "sellingAndMarketingExpenses": 0,
        "sellingGeneralAndAdministrativeExpenses": 0,
        "otherExpenses": 0,
        "operatingExpenses": 0,
        "costAndExpenses": 0,
        "interestIncome": 0,
        "interestExpense": 0,
        "depreciationAndAmortization": 0,
        "ebitda": 701700000,
        "ebitdaratio": 1,
        "operatingIncome": 701700000,
        "operatingIncomeRatio": 1,
        "totalOtherIncomeExpensesNet": 0,
        "incomeBeforeTax": 0,
        "incomeBeforeTaxRatio": 0,
        "incomeTaxExpense": 0,
        "netIncome": 0,
        "netIncomeRatio": 0,
        "eps": 0,
        "epsdiluted": 0,
        "weightedAverageShsOut": 51808614,
        "weightedAverageShsOutDil": 51808614,
        "link": "",
        "finalLink": ""
    },
    {
        "date": "1988-06-30",
        "symbol": "RRD",
        "reportedCurrency": "USD",
        "cik": "0000029669",
        "fillingDate": "1988-06-30",
        "acceptedDate": "1988-06-29 20:00:00",
        "calendarYear": "1988",
        "period": "Q2",
        "revenue": 658000000,
        "costOfRevenue": 0,
        "grossProfit": 658000000,
        "grossProfitRatio": 1,
        "researchAndDevelopmentExpenses": 0,
        "generalAndAdministrativeExpenses": 0,
        "sellingAndMarketingExpenses": 0,
        "sellingGeneralAndAdministrativeExpenses": 0,
        "otherExpenses": 0,
        "operatingExpenses": 0,
        "costAndExpenses": 0,
        "interestIncome": 0,
        "interestExpense": 0,
        "depreciationAndAmortization": 0,
        "ebitda": 658000000,
        "ebitdaratio": 1,
        "operatingIncome": 658000000,
        "operatingIncomeRatio": 1,
        "totalOtherIncomeExpensesNet": 0,
        "incomeBeforeTax": 0,
        "incomeBeforeTaxRatio": 0,
        "incomeTaxExpense": 0,
        "netIncome": 0,
        "netIncomeRatio": 0,
        "eps": 0,
        "epsdiluted": 0,
        "weightedAverageShsOut": 51658615,
        "weightedAverageShsOutDil": 51658615,
        "link": "",
        "finalLink": ""
    },
    {
        "date": "1988-03-31",
        "symbol": "RRD",
        "reportedCurrency": "USD",
        "cik": "0000029669",
        "fillingDate": "1988-03-31",
        "acceptedDate": "1988-03-30 19:00:00",
        "calendarYear": "1988",
        "period": "Q1",
        "revenue": 638400000,
        "costOfRevenue": 0,
        "grossProfit": 638400000,
        "grossProfitRatio": 1,
        "researchAndDevelopmentExpenses": 0,
        "generalAndAdministrativeExpenses": 0,
        "sellingAndMarketingExpenses": 0,
        "sellingGeneralAndAdministrativeExpenses": 0,
        "otherExpenses": 0,
        "operatingExpenses": 0,
        "costAndExpenses": 0,
        "interestIncome": 0,
        "interestExpense": 0,
        "depreciationAndAmortization": 0,
        "ebitda": 638400000,
        "ebitdaratio": 1,
        "operatingIncome": 638400000,
        "operatingIncomeRatio": 1,
        "totalOtherIncomeExpensesNet": 0,
        "incomeBeforeTax": 0,
        "incomeBeforeTaxRatio": 0,
        "incomeTaxExpense": 0,
        "netIncome": 0,
        "netIncomeRatio": 0,
        "eps": 0,
        "epsdiluted": 0,
        "weightedAverageShsOut": 51658615,
        "weightedAverageShsOutDil": 51658615,
        "link": "",
        "finalLink": ""
    },
    {
        "date": "1987-12-31",
        "symbol": "RRD",
        "reportedCurrency": "USD",
        "cik": "0000029669",
        "fillingDate": "1987-12-31",
        "acceptedDate": "1987-12-30 19:00:00",
        "calendarYear": "1987",
        "period": "Q4",
        "revenue": 773100000,
        "costOfRevenue": 0,
        "grossProfit": 773100000,
        "grossProfitRatio": 1,
        "researchAndDevelopmentExpenses": 0,
        "generalAndAdministrativeExpenses": 0,
        "sellingAndMarketingExpenses": 0,
        "sellingGeneralAndAdministrativeExpenses": 0,
        "otherExpenses": -2203800000,
        "operatingExpenses": -2203800000,
        "costAndExpenses": -2203800000,
        "interestIncome": 0,
        "interestExpense": 0,
        "depreciationAndAmortization": 0,
        "ebitda": -1430700000,
        "ebitdaratio": -1.8506014746,
        "operatingIncome": -1430700000,
        "operatingIncomeRatio": -1.8506014746,
        "totalOtherIncomeExpensesNet": 0,
        "incomeBeforeTax": 0,
        "incomeBeforeTaxRatio": 0,
        "incomeTaxExpense": 0,
        "netIncome": 0,
        "netIncomeRatio": 0,
        "eps": 0,
        "epsdiluted": 0,
        "weightedAverageShsOut": 51971948,
        "weightedAverageShsOutDil": 51971948,
        "link": "",
        "finalLink": ""
    },
    {
        "date": "1987-09-30",
        "symbol": "RRD",
        "reportedCurrency": "USD",
        "cik": "0000029669",
        "fillingDate": "1987-09-30",
        "acceptedDate": "1987-09-29 20:00:00",
        "calendarYear": "1987",
        "period": "Q3",
        "revenue": 624600000,
        "costOfRevenue": 0,
        "grossProfit": 624600000,
        "grossProfitRatio": 1,
        "researchAndDevelopmentExpenses": 0,
        "generalAndAdministrativeExpenses": 0,
        "sellingAndMarketingExpenses": 0,
        "sellingGeneralAndAdministrativeExpenses": 0,
        "otherExpenses": 0,
        "operatingExpenses": 0,
        "costAndExpenses": 0,
        "interestIncome": 0,
        "interestExpense": 0,
        "depreciationAndAmortization": 0,
        "ebitda": 624600000,
        "ebitdaratio": 1,
        "operatingIncome": 624600000,
        "operatingIncomeRatio": 1,
        "totalOtherIncomeExpensesNet": 0,
        "incomeBeforeTax": 0,
        "incomeBeforeTaxRatio": 0,
        "incomeTaxExpense": 0,
        "netIncome": 0,
        "netIncomeRatio": 0,
        "eps": 0,
        "epsdiluted": 0,
        "weightedAverageShsOut": 51971948,
        "weightedAverageShsOutDil": 51971948,
        "link": "",
        "finalLink": ""
    },
    {
        "date": "1987-06-30",
        "symbol": "RRD",
        "reportedCurrency": "USD",
        "cik": "0000029669",
        "fillingDate": "1987-06-30",
        "acceptedDate": "1987-06-29 20:00:00",
        "calendarYear": "1987",
        "period": "Q2",
        "revenue": 574700000,
        "costOfRevenue": 0,
        "grossProfit": 574700000,
        "grossProfitRatio": 1,
        "researchAndDevelopmentExpenses": 0,
        "generalAndAdministrativeExpenses": 0,
        "sellingAndMarketingExpenses": 0,
        "sellingGeneralAndAdministrativeExpenses": 0,
        "otherExpenses": 0,
        "operatingExpenses": 0,
        "costAndExpenses": 0,
        "interestIncome": 0,
        "interestExpense": 0,
        "depreciationAndAmortization": 0,
        "ebitda": 574700000,
        "ebitdaratio": 1,
        "operatingIncome": 574700000,
        "operatingIncomeRatio": 1,
        "totalOtherIncomeExpensesNet": 0,
        "incomeBeforeTax": 0,
        "incomeBeforeTaxRatio": 0,
        "incomeTaxExpense": 0,
        "netIncome": 0,
        "netIncomeRatio": 0,
        "eps": 0,
        "epsdiluted": 0,
        "weightedAverageShsOut": 51956614,
        "weightedAverageShsOutDil": 51956614,
        "link": "",
        "finalLink": ""
    },
    {
        "date": "1987-03-31",
        "symbol": "RRD",
        "reportedCurrency": "USD",
        "cik": "0000029669",
        "fillingDate": "1987-03-31",
        "acceptedDate": "1987-03-30 19:00:00",
        "calendarYear": "1987",
        "period": "Q1",
        "revenue": 510600000,
        "costOfRevenue": 0,
        "grossProfit": 510600000,
        "grossProfitRatio": 1,
        "researchAndDevelopmentExpenses": 0,
        "generalAndAdministrativeExpenses": 0,
        "sellingAndMarketingExpenses": 0,
        "sellingGeneralAndAdministrativeExpenses": 0,
        "otherExpenses": 0,
        "operatingExpenses": 0,
        "costAndExpenses": 0,
        "interestIncome": 0,
        "interestExpense": 0,
        "depreciationAndAmortization": 0,
        "ebitda": 510600000,
        "ebitdaratio": 1,
        "operatingIncome": 510600000,
        "operatingIncomeRatio": 1,
        "totalOtherIncomeExpensesNet": 0,
        "incomeBeforeTax": 0,
        "incomeBeforeTaxRatio": 0,
        "incomeTaxExpense": 0,
        "netIncome": 0,
        "netIncomeRatio": 0,
        "eps": 0,
        "epsdiluted": 0,
        "weightedAverageShsOut": 51949281,
        "weightedAverageShsOutDil": 51949281,
        "link": "",
        "finalLink": ""
    },
    {
        "date": "1986-12-31",
        "symbol": "RRD",
        "reportedCurrency": "USD",
        "cik": "0000029669",
        "fillingDate": "1986-12-31",
        "acceptedDate": "1986-12-30 19:00:00",
        "calendarYear": "1986",
        "period": "Q4",
        "revenue": 679700000,
        "costOfRevenue": 0,
        "grossProfit": 679700000,
        "grossProfitRatio": 1,
        "researchAndDevelopmentExpenses": 0,
        "generalAndAdministrativeExpenses": 0,
        "sellingAndMarketingExpenses": 0,
        "sellingGeneralAndAdministrativeExpenses": 0,
        "otherExpenses": -1982800000,
        "operatingExpenses": -1982800000,
        "costAndExpenses": -1982800000,
        "interestIncome": 0,
        "interestExpense": 0,
        "depreciationAndAmortization": 0,
        "ebitda": -1303100000,
        "ebitdaratio": -1.9171693394,
        "operatingIncome": -1303100000,
        "operatingIncomeRatio": -1.9171693394,
        "totalOtherIncomeExpensesNet": 0,
        "incomeBeforeTax": 0,
        "incomeBeforeTaxRatio": 0,
        "incomeTaxExpense": 0,
        "netIncome": 0,
        "netIncomeRatio": 0,
        "eps": 0,
        "epsdiluted": 0,
        "weightedAverageShsOut": 51069282,
        "weightedAverageShsOutDil": 51069282,
        "link": "",
        "finalLink": ""
    },
    {
        "date": "1986-09-30",
        "symbol": "RRD",
        "reportedCurrency": "USD",
        "cik": "0000029669",
        "fillingDate": "1986-09-30",
        "acceptedDate": "1986-09-29 20:00:00",
        "calendarYear": "1986",
        "period": "Q3",
        "revenue": 560800000,
        "costOfRevenue": 0,
        "grossProfit": 560800000,
        "grossProfitRatio": 1,
        "researchAndDevelopmentExpenses": 0,
        "generalAndAdministrativeExpenses": 0,
        "sellingAndMarketingExpenses": 0,
        "sellingGeneralAndAdministrativeExpenses": 0,
        "otherExpenses": 0,
        "operatingExpenses": 0,
        "costAndExpenses": 0,
        "interestIncome": 0,
        "interestExpense": 0,
        "depreciationAndAmortization": 0,
        "ebitda": 560800000,
        "ebitdaratio": 1,
        "operatingIncome": 560800000,
        "operatingIncomeRatio": 1,
        "totalOtherIncomeExpensesNet": 0,
        "incomeBeforeTax": 0,
        "incomeBeforeTaxRatio": 0,
        "incomeTaxExpense": 0,
        "netIncome": 0,
        "netIncomeRatio": 0,
        "eps": 0,
        "epsdiluted": 0,
        "weightedAverageShsOut": 51069282,
        "weightedAverageShsOutDil": 51069282,
        "link": "",
        "finalLink": ""
    },
    {
        "date": "1986-06-30",
        "symbol": "RRD",
        "reportedCurrency": "USD",
        "cik": "0000029669",
        "fillingDate": "1986-06-30",
        "acceptedDate": "1986-06-29 20:00:00",
        "calendarYear": "1986",
        "period": "Q2",
        "revenue": 500800000,
        "costOfRevenue": 0,
        "grossProfit": 500800000,
        "grossProfitRatio": 1,
        "researchAndDevelopmentExpenses": 0,
        "generalAndAdministrativeExpenses": 0,
        "sellingAndMarketingExpenses": 0,
        "sellingGeneralAndAdministrativeExpenses": 0,
        "otherExpenses": 0,
        "operatingExpenses": 0,
        "costAndExpenses": 0,
        "interestIncome": 0,
        "interestExpense": 0,
        "depreciationAndAmortization": 0,
        "ebitda": 500800000,
        "ebitdaratio": 1,
        "operatingIncome": 500800000,
        "operatingIncomeRatio": 1,
        "totalOtherIncomeExpensesNet": 0,
        "incomeBeforeTax": 0,
        "incomeBeforeTaxRatio": 0,
        "incomeTaxExpense": 0,
        "netIncome": 0,
        "netIncomeRatio": 0,
        "eps": 0,
        "epsdiluted": 0,
        "weightedAverageShsOut": 50906615,
        "weightedAverageShsOutDil": 50906615,
        "link": "",
        "finalLink": ""
    },
    {
        "date": "1986-03-31",
        "symbol": "RRD",
        "reportedCurrency": "USD",
        "cik": "0000029669",
        "fillingDate": "1986-03-31",
        "acceptedDate": "1986-03-30 19:00:00",
        "calendarYear": "1986",
        "period": "Q1",
        "revenue": 492200000,
        "costOfRevenue": 0,
        "grossProfit": 492200000,
        "grossProfitRatio": 1,
        "researchAndDevelopmentExpenses": 0,
        "generalAndAdministrativeExpenses": 0,
        "sellingAndMarketingExpenses": 0,
        "sellingGeneralAndAdministrativeExpenses": 0,
        "otherExpenses": 0,
        "operatingExpenses": 0,
        "costAndExpenses": 0,
        "interestIncome": 0,
        "interestExpense": 0,
        "depreciationAndAmortization": 0,
        "ebitda": 492200000,
        "ebitdaratio": 1,
        "operatingIncome": 492200000,
        "operatingIncomeRatio": 1,
        "totalOtherIncomeExpensesNet": 0,
        "incomeBeforeTax": 0,
        "incomeBeforeTaxRatio": 0,
        "incomeTaxExpense": 0,
        "netIncome": 0,
        "netIncomeRatio": 0,
        "eps": 0,
        "epsdiluted": 0,
        "weightedAverageShsOut": 50906615,
        "weightedAverageShsOutDil": 50906615,
        "link": "",
        "finalLink": ""
    },
    {
        "date": "1985-12-31",
        "symbol": "RRD",
        "reportedCurrency": "USD",
        "cik": "0000029669",
        "fillingDate": "1985-12-31",
        "acceptedDate": "1985-12-30 19:00:00",
        "calendarYear": "1985",
        "period": "Q4",
        "revenue": 608900000,
        "costOfRevenue": 0,
        "grossProfit": 608900000,
        "grossProfitRatio": 1,
        "researchAndDevelopmentExpenses": 0,
        "generalAndAdministrativeExpenses": 0,
        "sellingAndMarketingExpenses": 0,
        "sellingGeneralAndAdministrativeExpenses": 0,
        "otherExpenses": -1802300000,
        "operatingExpenses": -1802300000,
        "costAndExpenses": -1802300000,
        "interestIncome": 0,
        "interestExpense": 0,
        "depreciationAndAmortization": 0,
        "ebitda": -1193400000,
        "ebitdaratio": -1.9599277385,
        "operatingIncome": -1193400000,
        "operatingIncomeRatio": -1.9599277385,
        "totalOtherIncomeExpensesNet": 0,
        "incomeBeforeTax": 0,
        "incomeBeforeTaxRatio": 0,
        "incomeTaxExpense": 0,
        "netIncome": 0,
        "netIncomeRatio": 0,
        "eps": 0,
        "epsdiluted": 0,
        "weightedAverageShsOut": 50942615,
        "weightedAverageShsOutDil": 50942615,
        "link": "",
        "finalLink": ""
    },
    {
        "date": "1985-09-30",
        "symbol": "RRD",
        "reportedCurrency": "USD",
        "cik": "0000029669",
        "fillingDate": "1985-09-30",
        "acceptedDate": "1985-09-29 20:00:00",
        "calendarYear": "1985",
        "period": "Q3",
        "revenue": 529400000,
        "costOfRevenue": 0,
        "grossProfit": 529400000,
        "grossProfitRatio": 1,
        "researchAndDevelopmentExpenses": 0,
        "generalAndAdministrativeExpenses": 0,
        "sellingAndMarketingExpenses": 0,
        "sellingGeneralAndAdministrativeExpenses": 0,
        "otherExpenses": 0,
        "operatingExpenses": 0,
        "costAndExpenses": 0,
        "interestIncome": 0,
        "interestExpense": 0,
        "depreciationAndAmortization": 0,
        "ebitda": 529400000,
        "ebitdaratio": 1,
        "operatingIncome": 529400000,
        "operatingIncomeRatio": 1,
        "totalOtherIncomeExpensesNet": 0,
        "incomeBeforeTax": 0,
        "incomeBeforeTaxRatio": 0,
        "incomeTaxExpense": 0,
        "netIncome": 0,
        "netIncomeRatio": 0,
        "eps": 0,
        "epsdiluted": 0,
        "weightedAverageShsOut": 50942615,
        "weightedAverageShsOutDil": 50942615,
        "link": "",
        "finalLink": ""
    }
]