[
    {
        "date": "2025-09-30",
        "symbol": "RS",
        "reportedCurrency": "USD",
        "cik": "0000861884",
        "fillingDate": "2025-10-28",
        "acceptedDate": "2025-10-28 16:12:04",
        "calendarYear": "2025",
        "period": "Q3",
        "revenue": 3651200000,
        "costOfRevenue": 2619600000,
        "grossProfit": 1031600000,
        "grossProfitRatio": 0.2825372480280456,
        "researchAndDevelopmentExpenses": 0,
        "generalAndAdministrativeExpenses": 0,
        "sellingAndMarketingExpenses": 0,
        "sellingGeneralAndAdministrativeExpenses": 701300000,
        "otherExpenses": 70500000,
        "operatingExpenses": 771800000,
        "costAndExpenses": 3391400000,
        "interestIncome": 0,
        "interestExpense": 14400000,
        "depreciationAndAmortization": 70500000,
        "ebitda": 332600000,
        "ebitdaratio": 0.09109333917616126,
        "operatingIncome": 259800000,
        "operatingIncomeRatio": 0.0711546888694128,
        "totalOtherIncomeExpensesNet": -12100000,
        "incomeBeforeTax": 247700000,
        "incomeBeforeTaxRatio": 0.06784070990359334,
        "incomeTaxExpense": 57700000,
        "netIncome": 189500000,
        "netIncomeRatio": 0.051900744960560914,
        "eps": 3.61,
        "epsdiluted": 3.59,
        "weightedAverageShsOut": 52482000,
        "weightedAverageShsOutDil": 52817000,
        "link": "https://www.sec.gov/Archives/edgar/data/861884/000110465925103175/0001104659-25-103175-index.htm",
        "finalLink": "https://www.sec.gov/Archives/edgar/data/861884/000110465925103175/rs-20250930x10q.htm"
    },
    {
        "date": "2025-06-30",
        "symbol": "RS",
        "reportedCurrency": "USD",
        "cik": "0000861884",
        "fillingDate": "2025-07-30",
        "acceptedDate": "2025-07-30 16:10:27",
        "calendarYear": "2025",
        "period": "Q2",
        "revenue": 3659800000,
        "costOfRevenue": 2641600000,
        "grossProfit": 1018200000,
        "grossProfitRatio": 0.2782119241,
        "researchAndDevelopmentExpenses": 0,
        "generalAndAdministrativeExpenses": 0,
        "sellingAndMarketingExpenses": 0,
        "sellingGeneralAndAdministrativeExpenses": 706000000,
        "otherExpenses": 0,
        "operatingExpenses": 706000000,
        "costAndExpenses": 3347600000,
        "interestIncome": 0,
        "interestExpense": 14300000,
        "depreciationAndAmortization": 69700000,
        "ebitda": 388300000,
        "ebitdaratio": 0.1060986939,
        "operatingIncome": 312200000,
        "operatingIncomeRatio": 0.0853052079,
        "totalOtherIncomeExpensesNet": -7900000,
        "incomeBeforeTax": 304300000,
        "incomeBeforeTaxRatio": 0.08314662,
        "incomeTaxExpense": 70100000,
        "netIncome": 233700000,
        "netIncomeRatio": 0.0638559484,
        "eps": 4.44,
        "epsdiluted": 4.41,
        "weightedAverageShsOut": 52841000,
        "weightedAverageShsOutDil": 53160000,
        "link": "https://www.sec.gov/Archives/edgar/data/861884/000155837025009796/0001558370-25-009796-index.htm",
        "finalLink": "https://www.sec.gov/Archives/edgar/data/861884/000155837025009796/rs-20250630x10q.htm"
    },
    {
        "date": "2025-03-31",
        "symbol": "RS",
        "reportedCurrency": "USD",
        "cik": "0000861884",
        "fillingDate": "2025-05-01",
        "acceptedDate": "2025-05-01 16:10:42",
        "calendarYear": "2025",
        "period": "Q1",
        "revenue": 3484700000,
        "costOfRevenue": 2520100000,
        "grossProfit": 964600000,
        "grossProfitRatio": 0.2768100554,
        "researchAndDevelopmentExpenses": 0,
        "generalAndAdministrativeExpenses": 0,
        "sellingAndMarketingExpenses": 0,
        "sellingGeneralAndAdministrativeExpenses": 690200000,
        "otherExpenses": 0,
        "operatingExpenses": 690200000,
        "costAndExpenses": 3210300000,
        "interestIncome": 0,
        "interestExpense": 11500000,
        "depreciationAndAmortization": 68700000,
        "ebitda": 342600000,
        "ebitdaratio": 0.0983154934,
        "operatingIncome": 274400000,
        "operatingIncomeRatio": 0.0787442248,
        "totalOtherIncomeExpensesNet": -12000000,
        "incomeBeforeTax": 262400000,
        "incomeBeforeTaxRatio": 0.0753005998,
        "incomeTaxExpense": 61900000,
        "netIncome": 199700000,
        "netIncomeRatio": 0.0573076592,
        "eps": 3.76,
        "epsdiluted": 3.74,
        "weightedAverageShsOut": 53075000,
        "weightedAverageShsOutDil": 53399000,
        "link": "https://www.sec.gov/Archives/edgar/data/861884/000155837025006104/0001558370-25-006104-index.htm",
        "finalLink": "https://www.sec.gov/Archives/edgar/data/861884/000155837025006104/rs-20250331x10q.htm"
    },
    {
        "date": "2024-12-31",
        "symbol": "RS",
        "reportedCurrency": "USD",
        "cik": "0000861884",
        "fillingDate": "2025-02-27",
        "acceptedDate": "2025-02-27 16:06:41",
        "calendarYear": "2024",
        "period": "Q4",
        "revenue": 3126600000,
        "costOfRevenue": 2311100000,
        "grossProfit": 815500000,
        "grossProfitRatio": 0.2608264569,
        "researchAndDevelopmentExpenses": 0,
        "generalAndAdministrativeExpenses": 0,
        "sellingAndMarketingExpenses": 0,
        "sellingGeneralAndAdministrativeExpenses": 663000000,
        "otherExpenses": 0,
        "operatingExpenses": 663000000,
        "costAndExpenses": 2974100000,
        "interestIncome": 0,
        "interestExpense": 10000000,
        "depreciationAndAmortization": 70600000,
        "ebitda": 214100000,
        "ebitdaratio": 0.0684769398,
        "operatingIncome": 152500000,
        "operatingIncomeRatio": 0.0487750272,
        "totalOtherIncomeExpensesNet": -19000000,
        "incomeBeforeTax": 133500000,
        "incomeBeforeTaxRatio": 0.0426981386,
        "incomeTaxExpense": 27500000,
        "netIncome": 105300000,
        "netIncomeRatio": 0.0336787565,
        "eps": 1.95,
        "epsdiluted": 1.93,
        "weightedAverageShsOut": 54104000,
        "weightedAverageShsOutDil": 54555000,
        "link": "https://www.sec.gov/Archives/edgar/data/861884/000155837025001806/0001558370-25-001806-index.htm",
        "finalLink": "https://www.sec.gov/Archives/edgar/data/861884/000155837025001806/rs-20241231x10k.htm"
    },
    {
        "date": "2024-09-30",
        "symbol": "RS",
        "reportedCurrency": "USD",
        "cik": "0000861884",
        "fillingDate": "2024-10-31",
        "acceptedDate": "2024-10-30 19:40:48",
        "calendarYear": "2024",
        "period": "Q3",
        "revenue": 3420300000,
        "costOfRevenue": 2481900000,
        "grossProfit": 938400000,
        "grossProfitRatio": 0.2743618981,
        "researchAndDevelopmentExpenses": 0,
        "generalAndAdministrativeExpenses": 0,
        "sellingAndMarketingExpenses": 0,
        "sellingGeneralAndAdministrativeExpenses": 659900000,
        "otherExpenses": 0,
        "operatingExpenses": 659900000,
        "costAndExpenses": 3141800000,
        "interestIncome": 0,
        "interestExpense": 10900000,
        "depreciationAndAmortization": 67900000,
        "ebitda": 339300000,
        "ebitdaratio": 0.0992018244,
        "operatingIncome": 278500000,
        "operatingIncomeRatio": 0.0814256059,
        "totalOtherIncomeExpensesNet": -18000000,
        "incomeBeforeTax": 260500000,
        "incomeBeforeTaxRatio": 0.0761629097,
        "incomeTaxExpense": 60600000,
        "netIncome": 199200000,
        "netIncomeRatio": 0.0582405052,
        "eps": 3.64,
        "epsdiluted": 3.61,
        "weightedAverageShsOut": 54691000,
        "weightedAverageShsOutDil": 55182000,
        "link": "https://www.sec.gov/Archives/edgar/data/861884/000155837024013990/0001558370-24-013990-index.htm",
        "finalLink": "https://www.sec.gov/Archives/edgar/data/861884/000155837024013990/rs-20240930x10q.htm"
    },
    {
        "date": "2024-06-30",
        "symbol": "RS",
        "reportedCurrency": "USD",
        "cik": "0000861884",
        "fillingDate": "2024-08-01",
        "acceptedDate": "2024-08-01 09:58:54",
        "calendarYear": "2024",
        "period": "Q2",
        "revenue": 3643300000,
        "costOfRevenue": 2623900000,
        "grossProfit": 1019400000,
        "grossProfitRatio": 0.2798012791,
        "researchAndDevelopmentExpenses": 0,
        "generalAndAdministrativeExpenses": 0,
        "sellingAndMarketingExpenses": 0,
        "sellingGeneralAndAdministrativeExpenses": 667700000,
        "otherExpenses": 0,
        "operatingExpenses": 667700000,
        "costAndExpenses": 3291600000,
        "interestIncome": 0,
        "interestExpense": 9700000,
        "depreciationAndAmortization": 66599999,
        "ebitda": 426000000,
        "ebitdaratio": 0.1169269618,
        "operatingIncome": 351700000,
        "operatingIncomeRatio": 0.0965333626,
        "totalOtherIncomeExpensesNet": -2000000,
        "incomeBeforeTax": 349700000,
        "incomeBeforeTaxRatio": 0.0959844097,
        "incomeTaxExpense": 81400000,
        "netIncome": 267800000,
        "netIncomeRatio": 0.0735047896,
        "eps": 4.71,
        "epsdiluted": 4.67,
        "weightedAverageShsOut": 56878000,
        "weightedAverageShsOutDil": 57394000,
        "link": "https://www.sec.gov/Archives/edgar/data/861884/000155837024010541/0001558370-24-010541-index.htm",
        "finalLink": "https://www.sec.gov/Archives/edgar/data/861884/000155837024010541/rs-20240630x10q.htm"
    },
    {
        "date": "2024-03-31",
        "symbol": "RS",
        "reportedCurrency": "USD",
        "cik": "0000861884",
        "fillingDate": "2024-05-02",
        "acceptedDate": "2024-05-02 14:54:56",
        "calendarYear": "2024",
        "period": "Q1",
        "revenue": 3644800000,
        "costOfRevenue": 2580200000,
        "grossProfit": 1064599999,
        "grossProfitRatio": 0.2920873571,
        "researchAndDevelopmentExpenses": 0,
        "generalAndAdministrativeExpenses": 0,
        "sellingAndMarketingExpenses": 0,
        "sellingGeneralAndAdministrativeExpenses": 671500000,
        "otherExpenses": 0,
        "operatingExpenses": 671500000,
        "costAndExpenses": 3251700000,
        "interestIncome": 0,
        "interestExpense": 9700000,
        "depreciationAndAmortization": 63600000,
        "ebitda": 469500000,
        "ebitdaratio": 0.1288136523,
        "operatingIncome": 393100000,
        "operatingIncomeRatio": 0.1078522827,
        "totalOtherIncomeExpensesNet": 3100000,
        "incomeBeforeTax": 396200000,
        "incomeBeforeTaxRatio": 0.1087028095,
        "incomeTaxExpense": 92400000,
        "netIncome": 302900000,
        "netIncomeRatio": 0.0831046971,
        "eps": 5.28,
        "epsdiluted": 5.23,
        "weightedAverageShsOut": 57340000,
        "weightedAverageShsOutDil": 57882000,
        "link": "https://www.sec.gov/Archives/edgar/data/861884/000155837024006509/0001558370-24-006509-index.htm",
        "finalLink": "https://www.sec.gov/Archives/edgar/data/861884/000155837024006509/rs-20240331x10q.htm"
    },
    {
        "date": "2023-12-31",
        "symbol": "RS",
        "reportedCurrency": "USD",
        "cik": "0000861884",
        "fillingDate": "2024-02-29",
        "acceptedDate": "2024-02-29 15:16:15",
        "calendarYear": "2023",
        "period": "Q4",
        "revenue": 3337300000,
        "costOfRevenue": 2378600000,
        "grossProfit": 958700000,
        "grossProfitRatio": 0.2872681509,
        "researchAndDevelopmentExpenses": 0,
        "generalAndAdministrativeExpenses": 0,
        "sellingAndMarketingExpenses": 0,
        "sellingGeneralAndAdministrativeExpenses": 633600000,
        "otherExpenses": 0,
        "operatingExpenses": 633600000,
        "costAndExpenses": 3012200000,
        "interestIncome": 0,
        "interestExpense": 9800000,
        "depreciationAndAmortization": 62900000,
        "ebitda": 406000000,
        "ebitdaratio": 0.1216552303,
        "operatingIncome": 325100000,
        "operatingIncomeRatio": 0.0974140772,
        "totalOtherIncomeExpensesNet": 8200000,
        "incomeBeforeTax": 333300000,
        "incomeBeforeTaxRatio": 0.0998711533,
        "incomeTaxExpense": 59900000,
        "netIncome": 272700000,
        "netIncomeRatio": 0.0817127618,
        "eps": 4.75,
        "epsdiluted": 4.7,
        "weightedAverageShsOut": 57381000,
        "weightedAverageShsOutDil": 58071000,
        "link": "https://www.sec.gov/Archives/edgar/data/861884/000155837024002166/0001558370-24-002166-index.htm",
        "finalLink": "https://www.sec.gov/Archives/edgar/data/861884/000155837024002166/rs-20231231x10k.htm"
    },
    {
        "date": "2023-09-30",
        "symbol": "RS",
        "reportedCurrency": "USD",
        "cik": "0000861884",
        "fillingDate": "2023-11-02",
        "acceptedDate": "2023-11-02 15:38:17",
        "calendarYear": "2023",
        "period": "Q3",
        "revenue": 3623000000,
        "costOfRevenue": 2606600000,
        "grossProfit": 1016400000,
        "grossProfitRatio": 0.2805409881,
        "researchAndDevelopmentExpenses": 0,
        "generalAndAdministrativeExpenses": 0,
        "sellingAndMarketingExpenses": 0,
        "sellingGeneralAndAdministrativeExpenses": 626900000,
        "otherExpenses": 0,
        "operatingExpenses": 626900000,
        "costAndExpenses": 3233500000,
        "interestIncome": 0,
        "interestExpense": 9700000,
        "depreciationAndAmortization": 60600000,
        "ebitda": 458300000,
        "ebitdaratio": 0.1264973779,
        "operatingIncome": 389500000,
        "operatingIncomeRatio": 0.1075075904,
        "totalOtherIncomeExpensesNet": -1500000,
        "incomeBeforeTax": 388000000,
        "incomeBeforeTaxRatio": 0.1070935689,
        "incomeTaxExpense": 92000000,
        "netIncome": 295000000,
        "netIncomeRatio": 0.0814242341,
        "eps": 5.05,
        "epsdiluted": 4.99,
        "weightedAverageShsOut": 58427000,
        "weightedAverageShsOutDil": 59124000,
        "link": "https://www.sec.gov/Archives/edgar/data/861884/000155837023017398/0001558370-23-017398-index.htm",
        "finalLink": "https://www.sec.gov/Archives/edgar/data/861884/000155837023017398/rs-20230930x10q.htm"
    },
    {
        "date": "2023-06-30",
        "symbol": "RS",
        "reportedCurrency": "USD",
        "cik": "0000861884",
        "fillingDate": "2023-08-03",
        "acceptedDate": "2023-08-03 12:10:40",
        "calendarYear": "2023",
        "period": "Q2",
        "revenue": 3880300000,
        "costOfRevenue": 2718400000,
        "grossProfit": 1161900000,
        "grossProfitRatio": 0.2994356106,
        "researchAndDevelopmentExpenses": 0,
        "generalAndAdministrativeExpenses": 0,
        "sellingAndMarketingExpenses": 0,
        "sellingGeneralAndAdministrativeExpenses": 650600000,
        "otherExpenses": 0,
        "operatingExpenses": 650600000,
        "costAndExpenses": 3369000000,
        "interestIncome": 0,
        "interestExpense": 9700000,
        "depreciationAndAmortization": 60800000,
        "ebitda": 581400000,
        "ebitdaratio": 0.1498337757,
        "operatingIncome": 511300000,
        "operatingIncomeRatio": 0.1317681623,
        "totalOtherIncomeExpensesNet": -400000,
        "incomeBeforeTax": 510900000,
        "incomeBeforeTaxRatio": 0.1316650774,
        "incomeTaxExpense": 124600000,
        "netIncome": 385100000,
        "netIncomeRatio": 0.0992449037,
        "eps": 6.56,
        "epsdiluted": 6.49,
        "weightedAverageShsOut": 58688000,
        "weightedAverageShsOutDil": 59346000,
        "link": "https://www.sec.gov/Archives/edgar/data/861884/000155837023013124/0001558370-23-013124-index.htm",
        "finalLink": "https://www.sec.gov/Archives/edgar/data/861884/000155837023013124/rs-20230630x10q.htm"
    },
    {
        "date": "2023-03-31",
        "symbol": "RS",
        "reportedCurrency": "USD",
        "cik": "0000861884",
        "fillingDate": "2023-05-04",
        "acceptedDate": "2023-05-04 14:49:40",
        "calendarYear": "2023",
        "period": "Q1",
        "revenue": 3965300000,
        "costOfRevenue": 2800400000,
        "grossProfit": 1164900000,
        "grossProfitRatio": 0.293773485,
        "researchAndDevelopmentExpenses": 0,
        "generalAndAdministrativeExpenses": 0,
        "sellingAndMarketingExpenses": 0,
        "sellingGeneralAndAdministrativeExpenses": 651300000,
        "otherExpenses": 0,
        "operatingExpenses": 651300000,
        "costAndExpenses": 3451700000,
        "interestIncome": 0,
        "interestExpense": 10900000,
        "depreciationAndAmortization": 61100000,
        "ebitda": 580500000,
        "ebitdaratio": 0.1463949764,
        "operatingIncome": 513600000,
        "operatingIncomeRatio": 0.1295236174,
        "totalOtherIncomeExpensesNet": -5100000,
        "incomeBeforeTax": 508500000,
        "incomeBeforeTaxRatio": 0.12823746,
        "incomeTaxExpense": 124100000,
        "netIncome": 383100000,
        "netIncomeRatio": 0.0966131188,
        "eps": 6.51,
        "epsdiluted": 6.43,
        "weightedAverageShsOut": 58832000,
        "weightedAverageShsOutDil": 59534000,
        "link": "https://www.sec.gov/Archives/edgar/data/861884/000155837023008056/0001558370-23-008056-index.htm",
        "finalLink": "https://www.sec.gov/Archives/edgar/data/861884/000155837023008056/rs-20230331x10q.htm"
    },
    {
        "date": "2022-12-31",
        "symbol": "RS",
        "reportedCurrency": "USD",
        "cik": "0000861884",
        "fillingDate": "2023-02-28",
        "acceptedDate": "2023-02-28 16:23:01",
        "calendarYear": "2022",
        "period": "Q4",
        "revenue": 3610800000,
        "costOfRevenue": 2542400000,
        "grossProfit": 1068400000,
        "grossProfitRatio": 0.2958901075,
        "researchAndDevelopmentExpenses": 0,
        "generalAndAdministrativeExpenses": 0,
        "sellingAndMarketingExpenses": 0,
        "sellingGeneralAndAdministrativeExpenses": 613600000,
        "otherExpenses": 0,
        "operatingExpenses": 613600000,
        "costAndExpenses": 3156000000,
        "interestIncome": 0,
        "interestExpense": 15500000,
        "depreciationAndAmortization": 61400000,
        "ebitda": 523500000,
        "ebitdaratio": 0.1449817215,
        "operatingIncome": 454800000,
        "operatingIncomeRatio": 0.1259554669,
        "totalOtherIncomeExpensesNet": -8200000,
        "incomeBeforeTax": 446600000,
        "incomeBeforeTaxRatio": 0.123684502,
        "incomeTaxExpense": 95300000,
        "netIncome": 350500000,
        "netIncomeRatio": 0.0970699014,
        "eps": 5.97,
        "epsdiluted": 5.88,
        "weightedAverageShsOut": 58732000,
        "weightedAverageShsOutDil": 59657000,
        "link": "https://www.sec.gov/Archives/edgar/data/861884/000155837023002368/0001558370-23-002368-index.htm",
        "finalLink": "https://www.sec.gov/Archives/edgar/data/861884/000155837023002368/rs-20221231x10k.htm"
    },
    {
        "date": "2022-09-30",
        "symbol": "RS",
        "reportedCurrency": "USD",
        "cik": "0000861884",
        "fillingDate": "2022-11-03",
        "acceptedDate": "2022-11-03 14:33:23",
        "calendarYear": "2022",
        "period": "Q3",
        "revenue": 4247200000,
        "costOfRevenue": 3068600000,
        "grossProfit": 1178600000,
        "grossProfitRatio": 0.2775004709,
        "researchAndDevelopmentExpenses": 0,
        "generalAndAdministrativeExpenses": 0,
        "sellingAndMarketingExpenses": 0,
        "sellingGeneralAndAdministrativeExpenses": 630100000,
        "otherExpenses": 0,
        "operatingExpenses": 630100000,
        "costAndExpenses": 3698700000,
        "interestIncome": 0,
        "interestExpense": 15600000,
        "depreciationAndAmortization": 60400000,
        "ebitda": 600000000,
        "ebitdaratio": 0.1412695423,
        "operatingIncome": 548500000,
        "operatingIncomeRatio": 0.1291439066,
        "totalOtherIncomeExpensesNet": -24500000,
        "incomeBeforeTax": 524000000,
        "incomeBeforeTaxRatio": 0.1233754003,
        "incomeTaxExpense": 129600000,
        "netIncome": 393500000,
        "netIncomeRatio": 0.0926492748,
        "eps": 6.55,
        "epsdiluted": 6.45,
        "weightedAverageShsOut": 60055000,
        "weightedAverageShsOutDil": 60984000,
        "link": "https://www.sec.gov/Archives/edgar/data/861884/000155837022016206/0001558370-22-016206-index.htm",
        "finalLink": "https://www.sec.gov/Archives/edgar/data/861884/000155837022016206/rs-20220930x10q.htm"
    },
    {
        "date": "2022-06-30",
        "symbol": "RS",
        "reportedCurrency": "USD",
        "cik": "0000861884",
        "fillingDate": "2022-08-04",
        "acceptedDate": "2022-08-04 16:54:08",
        "calendarYear": "2022",
        "period": "Q2",
        "revenue": 4681200000,
        "costOfRevenue": 3245100000,
        "grossProfit": 1436100000,
        "grossProfitRatio": 0.3067803127,
        "researchAndDevelopmentExpenses": 0,
        "generalAndAdministrativeExpenses": 0,
        "sellingAndMarketingExpenses": 0,
        "sellingGeneralAndAdministrativeExpenses": 648600000,
        "otherExpenses": 0,
        "operatingExpenses": 648600000,
        "costAndExpenses": 3893700000,
        "interestIncome": 0,
        "interestExpense": 15600000,
        "depreciationAndAmortization": 59300000,
        "ebitda": 837500000,
        "ebitdaratio": 0.1789071178,
        "operatingIncome": 787500000,
        "operatingIncomeRatio": 0.1682260959,
        "totalOtherIncomeExpensesNet": -24900000,
        "incomeBeforeTax": 762600000,
        "incomeBeforeTaxRatio": 0.1629069469,
        "incomeTaxExpense": 188700000,
        "netIncome": 572800000,
        "netIncomeRatio": 0.1223617876,
        "eps": 9.29,
        "epsdiluted": 9.15,
        "weightedAverageShsOut": 61657000,
        "weightedAverageShsOutDil": 62594000,
        "link": "https://www.sec.gov/Archives/edgar/data/861884/000155837022012274/0001558370-22-012274-index.htm",
        "finalLink": "https://www.sec.gov/Archives/edgar/data/861884/000155837022012274/rs-20220630x10q.htm"
    },
    {
        "date": "2022-03-31",
        "symbol": "RS",
        "reportedCurrency": "USD",
        "cik": "0000861884",
        "fillingDate": "2022-05-05",
        "acceptedDate": "2022-05-05 16:07:30",
        "calendarYear": "2022",
        "period": "Q1",
        "revenue": 4485800000,
        "costOfRevenue": 3157800000,
        "grossProfit": 1328000000,
        "grossProfitRatio": 0.2960452985,
        "researchAndDevelopmentExpenses": 0,
        "generalAndAdministrativeExpenses": 0,
        "sellingAndMarketingExpenses": 0,
        "sellingGeneralAndAdministrativeExpenses": 611900000,
        "otherExpenses": 0,
        "operatingExpenses": 611900000,
        "costAndExpenses": 3769700000,
        "interestIncome": 0,
        "interestExpense": 15600000,
        "depreciationAndAmortization": 59100000,
        "ebitda": 771900000,
        "ebitdaratio": 0.1720763298,
        "operatingIncome": 716100000,
        "operatingIncomeRatio": 0.159637077,
        "totalOtherIncomeExpensesNet": -18900000,
        "incomeBeforeTax": 697200000,
        "incomeBeforeTaxRatio": 0.1554237817,
        "incomeTaxExpense": 172600000,
        "netIncome": 523300000,
        "netIncomeRatio": 0.1166570066,
        "eps": 8.46,
        "epsdiluted": 8.33,
        "weightedAverageShsOut": 61833000,
        "weightedAverageShsOutDil": 62784000,
        "link": "https://www.sec.gov/Archives/edgar/data/861884/000155837022007361/0001558370-22-007361-index.htm",
        "finalLink": "https://www.sec.gov/Archives/edgar/data/861884/000155837022007361/rs-20220331x10q.htm"
    },
    {
        "date": "2021-12-31",
        "symbol": "RS",
        "reportedCurrency": "USD",
        "cik": "0000861884",
        "fillingDate": "2022-02-24",
        "acceptedDate": "2022-02-24 15:57:30",
        "calendarYear": "2021",
        "period": "Q4",
        "revenue": 3988700000,
        "costOfRevenue": 2803500000,
        "grossProfit": 1185200000,
        "grossProfitRatio": 0.2971394189,
        "researchAndDevelopmentExpenses": 0,
        "generalAndAdministrativeExpenses": 0,
        "sellingAndMarketingExpenses": 0,
        "sellingGeneralAndAdministrativeExpenses": 617900000,
        "otherExpenses": 0,
        "operatingExpenses": 617900000,
        "costAndExpenses": 3421400000,
        "interestIncome": 0,
        "interestExpense": 15700000,
        "depreciationAndAmortization": 58100000,
        "ebitda": 621200000,
        "ebitdaratio": 0.1557399654,
        "operatingIncome": 567300000,
        "operatingIncomeRatio": 0.1422267907,
        "totalOtherIncomeExpensesNet": -19900000,
        "incomeBeforeTax": 547400000,
        "incomeBeforeTaxRatio": 0.1372376965,
        "incomeTaxExpense": 125100000,
        "netIncome": 421300000,
        "netIncomeRatio": 0.1056233861,
        "eps": 6.76,
        "epsdiluted": 6.64,
        "weightedAverageShsOut": 62299000,
        "weightedAverageShsOutDil": 63468000,
        "link": "https://www.sec.gov/Archives/edgar/data/861884/000155837022001918/0001558370-22-001918-index.htm",
        "finalLink": "https://www.sec.gov/Archives/edgar/data/861884/000155837022001918/rs-20211231x10k.htm"
    },
    {
        "date": "2021-09-30",
        "symbol": "RS",
        "reportedCurrency": "USD",
        "cik": "0000861884",
        "fillingDate": "2021-11-04",
        "acceptedDate": "2021-11-04 15:12:57",
        "calendarYear": "2021",
        "period": "Q3",
        "revenue": 3847400000,
        "costOfRevenue": 2693000000,
        "grossProfit": 1154400000,
        "grossProfitRatio": 0.3000467848,
        "researchAndDevelopmentExpenses": 0,
        "generalAndAdministrativeExpenses": 0,
        "sellingAndMarketingExpenses": 0,
        "sellingGeneralAndAdministrativeExpenses": 606800000,
        "otherExpenses": 0,
        "operatingExpenses": 606800000,
        "costAndExpenses": 3299800000,
        "interestIncome": 0,
        "interestExpense": 15600000,
        "depreciationAndAmortization": 56700000,
        "ebitda": 604900000,
        "ebitdaratio": 0.1572230597,
        "operatingIncome": 547600000,
        "operatingIncomeRatio": 0.1423298851,
        "totalOtherIncomeExpensesNet": -15000000,
        "incomeBeforeTax": 532600000,
        "incomeBeforeTaxRatio": 0.1384311483,
        "incomeTaxExpense": 135900000,
        "netIncome": 395700000,
        "netIncomeRatio": 0.102848677,
        "eps": 6.25,
        "epsdiluted": 6.15,
        "weightedAverageShsOut": 63275000,
        "weightedAverageShsOutDil": 64350000,
        "link": "https://www.sec.gov/Archives/edgar/data/861884/000155837021014546/0001558370-21-014546-index.htm",
        "finalLink": "https://www.sec.gov/Archives/edgar/data/861884/000155837021014546/rs-20210930x10q.htm"
    },
    {
        "date": "2021-06-30",
        "symbol": "RS",
        "reportedCurrency": "USD",
        "cik": "0000861884",
        "fillingDate": "2021-07-29",
        "acceptedDate": "2021-07-29 14:31:42",
        "calendarYear": "2021",
        "period": "Q2",
        "revenue": 3418800000,
        "costOfRevenue": 2395100000,
        "grossProfit": 1023700000,
        "grossProfitRatio": 0.2994325494,
        "researchAndDevelopmentExpenses": 0,
        "generalAndAdministrativeExpenses": 0,
        "sellingAndMarketingExpenses": 0,
        "sellingGeneralAndAdministrativeExpenses": 563300000,
        "otherExpenses": 0,
        "operatingExpenses": 563300000,
        "costAndExpenses": 2958400000,
        "interestIncome": 0,
        "interestExpense": 15700000,
        "depreciationAndAmortization": 58500000,
        "ebitda": 518300000,
        "ebitdaratio": 0.1516029016,
        "operatingIncome": 460400000,
        "operatingIncomeRatio": 0.1346671347,
        "totalOtherIncomeExpensesNet": -16300000,
        "incomeBeforeTax": 444100000,
        "incomeBeforeTaxRatio": 0.1298993799,
        "incomeTaxExpense": 113900000,
        "netIncome": 329100000,
        "netIncomeRatio": 0.0962618463,
        "eps": 5.17,
        "epsdiluted": 5.08,
        "weightedAverageShsOut": 63663000,
        "weightedAverageShsOutDil": 64793000,
        "link": "https://www.sec.gov/Archives/edgar/data/861884/000155837021009581/0001558370-21-009581-index.htm",
        "finalLink": "https://www.sec.gov/Archives/edgar/data/861884/000155837021009581/rs-20210630x10q.htm"
    },
    {
        "date": "2021-03-31",
        "symbol": "RS",
        "reportedCurrency": "USD",
        "cik": "0000861884",
        "fillingDate": "2021-04-29",
        "acceptedDate": "2021-04-29 16:34:21",
        "calendarYear": "2021",
        "period": "Q1",
        "revenue": 2838400000,
        "costOfRevenue": 1941600000,
        "grossProfit": 896800000,
        "grossProfitRatio": 0.3159526494,
        "researchAndDevelopmentExpenses": 0,
        "generalAndAdministrativeExpenses": 0,
        "sellingAndMarketingExpenses": 0,
        "sellingGeneralAndAdministrativeExpenses": 518400000,
        "otherExpenses": 0,
        "operatingExpenses": 518400000,
        "costAndExpenses": 2460000000,
        "interestIncome": 0,
        "interestExpense": 15700000,
        "depreciationAndAmortization": 56900000,
        "ebitda": 431600000,
        "ebitdaratio": 0.1520574972,
        "operatingIncome": 378400000,
        "operatingIncomeRatio": 0.1333145434,
        "totalOtherIncomeExpensesNet": -19400000,
        "incomeBeforeTax": 359000000,
        "incomeBeforeTaxRatio": 0.1264797069,
        "incomeTaxExpense": 90800000,
        "netIncome": 266900000,
        "netIncomeRatio": 0.0940318489,
        "eps": 4.19,
        "epsdiluted": 4.12,
        "weightedAverageShsOut": 63645000,
        "weightedAverageShsOutDil": 64711000,
        "link": "https://www.sec.gov/Archives/edgar/data/861884/000155837021005275/0001558370-21-005275-index.htm",
        "finalLink": "https://www.sec.gov/Archives/edgar/data/861884/000155837021005275/rs-20210331x10q.htm"
    },
    {
        "date": "2020-12-31",
        "symbol": "RS",
        "reportedCurrency": "USD",
        "cik": "0000861884",
        "fillingDate": "2021-02-25",
        "acceptedDate": "2021-02-25 16:27:14",
        "calendarYear": "2020",
        "period": "Q4",
        "revenue": 2134100000,
        "costOfRevenue": 1488400000,
        "grossProfit": 645700000,
        "grossProfitRatio": 0.3025631414,
        "researchAndDevelopmentExpenses": 0,
        "generalAndAdministrativeExpenses": 0,
        "sellingAndMarketingExpenses": 0,
        "sellingGeneralAndAdministrativeExpenses": 462200000,
        "otherExpenses": 0,
        "operatingExpenses": 462200000,
        "costAndExpenses": 1950600000,
        "interestIncome": 0,
        "interestExpense": 15700000,
        "depreciationAndAmortization": 56500000,
        "ebitda": 238300000,
        "ebitdaratio": 0.1116629961,
        "operatingIncome": 183500000,
        "operatingIncomeRatio": 0.0859847242,
        "totalOtherIncomeExpensesNet": -17400000,
        "incomeBeforeTax": 166100000,
        "incomeBeforeTaxRatio": 0.0778314043,
        "incomeTaxExpense": 35600000,
        "netIncome": 129600000,
        "netIncomeRatio": 0.0607281758,
        "eps": 2.04,
        "epsdiluted": 2.01,
        "weightedAverageShsOut": 63583000,
        "weightedAverageShsOutDil": 64548000,
        "link": "https://www.sec.gov/Archives/edgar/data/861884/000155837021001836/0001558370-21-001836-index.htm",
        "finalLink": "https://www.sec.gov/Archives/edgar/data/861884/000155837021001836/rs-20201231x10k.htm"
    },
    {
        "date": "2020-09-30",
        "symbol": "RS",
        "reportedCurrency": "USD",
        "cik": "0000861884",
        "fillingDate": "2020-10-29",
        "acceptedDate": "2020-10-29 15:25:01",
        "calendarYear": "2020",
        "period": "Q3",
        "revenue": 2085600000,
        "costOfRevenue": 1466100000,
        "grossProfit": 619500000,
        "grossProfitRatio": 0.2970368239,
        "researchAndDevelopmentExpenses": 0,
        "generalAndAdministrativeExpenses": 0,
        "sellingAndMarketingExpenses": 0,
        "sellingGeneralAndAdministrativeExpenses": 444400000,
        "otherExpenses": 0,
        "operatingExpenses": 444400000,
        "costAndExpenses": 1910500000,
        "interestIncome": 0,
        "interestExpense": 15700000,
        "depreciationAndAmortization": 56400000,
        "ebitda": 199100000,
        "ebitdaratio": 0.095464135,
        "operatingIncome": 175100000,
        "operatingIncomeRatio": 0.0839566552,
        "totalOtherIncomeExpensesNet": -48100000,
        "incomeBeforeTax": 127000000,
        "incomeBeforeTaxRatio": 0.0608937476,
        "incomeTaxExpense": 28700000,
        "netIncome": 97600000,
        "netIncomeRatio": 0.0467970848,
        "eps": 1.53,
        "epsdiluted": 1.51,
        "weightedAverageShsOut": 63758000,
        "weightedAverageShsOutDil": 64688000,
        "link": "https://www.sec.gov/Archives/edgar/data/861884/000155837020012025/0001558370-20-012025-index.htm",
        "finalLink": "https://www.sec.gov/Archives/edgar/data/861884/000155837020012025/rs-20200930x10q.htm"
    },
    {
        "date": "2020-06-30",
        "symbol": "RS",
        "reportedCurrency": "USD",
        "cik": "0000861884",
        "fillingDate": "2020-07-24",
        "acceptedDate": "2020-07-24 14:58:08",
        "calendarYear": "2020",
        "period": "Q2",
        "revenue": 2019300000,
        "costOfRevenue": 1462000000,
        "grossProfit": 557300000,
        "grossProfitRatio": 0.2759867281,
        "researchAndDevelopmentExpenses": 0,
        "generalAndAdministrativeExpenses": 0,
        "sellingAndMarketingExpenses": 0,
        "sellingGeneralAndAdministrativeExpenses": 433100000,
        "otherExpenses": 0,
        "operatingExpenses": 433100000,
        "costAndExpenses": 1895100000,
        "interestIncome": 0,
        "interestExpense": 14600000,
        "depreciationAndAmortization": 57400000,
        "ebitda": 174000000,
        "ebitdaratio": 0.0861684742,
        "operatingIncome": 124200000,
        "operatingIncomeRatio": 0.0615064626,
        "totalOtherIncomeExpensesNet": -22200000,
        "incomeBeforeTax": 102000000,
        "incomeBeforeTaxRatio": 0.0505125539,
        "incomeTaxExpense": 21300000,
        "netIncome": 80200000,
        "netIncomeRatio": 0.0397167335,
        "eps": 1.26,
        "epsdiluted": 1.24,
        "weightedAverageShsOut": 63647000,
        "weightedAverageShsOutDil": 64582000,
        "link": "https://www.sec.gov/Archives/edgar/data/861884/000155837020008383/0001558370-20-008383-index.htm",
        "finalLink": "https://www.sec.gov/Archives/edgar/data/861884/000155837020008383/rs-20200630x10q.htm"
    },
    {
        "date": "2020-03-31",
        "symbol": "RS",
        "reportedCurrency": "USD",
        "cik": "0000861884",
        "fillingDate": "2020-05-01",
        "acceptedDate": "2020-05-01 15:29:03",
        "calendarYear": "2020",
        "period": "Q1",
        "revenue": 2572900000,
        "costOfRevenue": 1809400000,
        "grossProfit": 763500000,
        "grossProfitRatio": 0.2967468615,
        "researchAndDevelopmentExpenses": 0,
        "generalAndAdministrativeExpenses": 0,
        "sellingAndMarketingExpenses": 0,
        "sellingGeneralAndAdministrativeExpenses": 522700000,
        "otherExpenses": 0,
        "operatingExpenses": 522700000,
        "costAndExpenses": 2332100000,
        "interestIncome": 0,
        "interestExpense": 16900000,
        "depreciationAndAmortization": 57000000,
        "ebitda": 157000000,
        "ebitdaratio": 0.0610206382,
        "operatingIncome": 240800000,
        "operatingIncomeRatio": 0.0935908897,
        "totalOtherIncomeExpensesNet": -157700000,
        "incomeBeforeTax": 83100000,
        "incomeBeforeTaxRatio": 0.0322981849,
        "incomeTaxExpense": 20200000,
        "netIncome": 61700000,
        "netIncomeRatio": 0.0239807221,
        "eps": 0.93,
        "epsdiluted": 0.92,
        "weightedAverageShsOut": 66337000,
        "weightedAverageShsOutDil": 67248000,
        "link": "https://www.sec.gov/Archives/edgar/data/861884/000155837020004910/0001558370-20-004910-index.htm",
        "finalLink": "https://www.sec.gov/Archives/edgar/data/861884/000155837020004910/rs-20200501x10q.htm"
    },
    {
        "date": "2019-12-31",
        "symbol": "RS",
        "reportedCurrency": "USD",
        "cik": "0000861884",
        "fillingDate": "2020-02-27",
        "acceptedDate": "2020-02-27 16:25:57",
        "calendarYear": "2019",
        "period": "Q4",
        "revenue": 2447800000,
        "costOfRevenue": 1709700000,
        "grossProfit": 738100000,
        "grossProfitRatio": 0.3015360732,
        "researchAndDevelopmentExpenses": 0,
        "generalAndAdministrativeExpenses": 0,
        "sellingAndMarketingExpenses": 0,
        "sellingGeneralAndAdministrativeExpenses": 513200000,
        "otherExpenses": 0,
        "operatingExpenses": 513200000,
        "costAndExpenses": 2222900000,
        "interestIncome": 0,
        "interestExpense": 16600000,
        "depreciationAndAmortization": 56100000,
        "ebitda": 282300000,
        "ebitdaratio": 0.1153280497,
        "operatingIncome": 224900000,
        "operatingIncomeRatio": 0.0918784214,
        "totalOtherIncomeExpensesNet": -15300000,
        "incomeBeforeTax": 209600000,
        "incomeBeforeTaxRatio": 0.0856279108,
        "incomeTaxExpense": 43300000,
        "netIncome": 165600000,
        "netIncomeRatio": 0.067652586,
        "eps": 2.48,
        "epsdiluted": 2.44,
        "weightedAverageShsOut": 66719000,
        "weightedAverageShsOutDil": 67818000,
        "link": "https://www.sec.gov/Archives/edgar/data/861884/000155837020001637/0001558370-20-001637-index.htm",
        "finalLink": "https://www.sec.gov/Archives/edgar/data/861884/000155837020001637/rs-20191231x10kfac9e5.htm"
    },
    {
        "date": "2019-09-30",
        "symbol": "RS",
        "reportedCurrency": "USD",
        "cik": "0000861884",
        "fillingDate": "2019-10-31",
        "acceptedDate": "2019-10-31 15:04:12",
        "calendarYear": "2019",
        "period": "Q3",
        "revenue": 2685900000,
        "costOfRevenue": 1926000000,
        "grossProfit": 759900000,
        "grossProfitRatio": 0.2829219256,
        "researchAndDevelopmentExpenses": 0,
        "generalAndAdministrativeExpenses": 0,
        "sellingAndMarketingExpenses": 0,
        "sellingGeneralAndAdministrativeExpenses": 518700000,
        "otherExpenses": 0,
        "operatingExpenses": 518700000,
        "costAndExpenses": 2444700000,
        "interestIncome": 0,
        "interestExpense": 20500000,
        "depreciationAndAmortization": 54800000,
        "ebitda": 293700000,
        "ebitdaratio": 0.1093488216,
        "operatingIncome": 241200000,
        "operatingIncomeRatio": 0.0898023009,
        "totalOtherIncomeExpensesNet": -22800000,
        "incomeBeforeTax": 218400000,
        "incomeBeforeTaxRatio": 0.0813135262,
        "incomeTaxExpense": 54500000,
        "netIncome": 162700000,
        "netIncomeRatio": 0.0605755985,
        "eps": 2.44,
        "epsdiluted": 2.4,
        "weightedAverageShsOut": 66656000,
        "weightedAverageShsOutDil": 67704000,
        "link": "https://www.sec.gov/Archives/edgar/data/861884/000155837019009551/0001558370-19-009551-index.htm",
        "finalLink": "https://www.sec.gov/Archives/edgar/data/861884/000155837019009551/rs-20190930x10qb8f28a.htm"
    },
    {
        "date": "2019-06-30",
        "symbol": "RS",
        "reportedCurrency": "USD",
        "cik": "0000861884",
        "fillingDate": "2019-08-01",
        "acceptedDate": "2019-08-01 15:44:41",
        "calendarYear": "2019",
        "period": "Q2",
        "revenue": 2883500000,
        "costOfRevenue": 2084300000,
        "grossProfit": 799200000,
        "grossProfitRatio": 0.2771631698,
        "researchAndDevelopmentExpenses": 0,
        "generalAndAdministrativeExpenses": 0,
        "sellingAndMarketingExpenses": 0,
        "sellingGeneralAndAdministrativeExpenses": 531400000,
        "otherExpenses": 0,
        "operatingExpenses": 531400000,
        "costAndExpenses": 2615700000,
        "interestIncome": 0,
        "interestExpense": 23700000,
        "depreciationAndAmortization": 54400000,
        "ebitda": 323900000,
        "ebitdaratio": 0.1123287671,
        "operatingIncome": 267800000,
        "operatingIncomeRatio": 0.0928732443,
        "totalOtherIncomeExpensesNet": -22000000,
        "incomeBeforeTax": 245800000,
        "incomeBeforeTaxRatio": 0.0852436275,
        "incomeTaxExpense": 61500000,
        "netIncome": 183100000,
        "netIncomeRatio": 0.0634992197,
        "eps": 2.73,
        "epsdiluted": 2.69,
        "weightedAverageShsOut": 67045000,
        "weightedAverageShsOutDil": 67977000,
        "link": "https://www.sec.gov/Archives/edgar/data/861884/000155837019006789/0001558370-19-006789-index.htm",
        "finalLink": "https://www.sec.gov/Archives/edgar/data/861884/000155837019006789/rs-20190630x10q.htm"
    },
    {
        "date": "2019-03-31",
        "symbol": "RS",
        "reportedCurrency": "USD",
        "cik": "0000861884",
        "fillingDate": "2019-05-02",
        "acceptedDate": "2019-05-02 15:08:22",
        "calendarYear": "2019",
        "period": "Q1",
        "revenue": 2956600000,
        "costOfRevenue": 2143699999,
        "grossProfit": 812900000,
        "grossProfitRatio": 0.2749441927,
        "researchAndDevelopmentExpenses": 0,
        "generalAndAdministrativeExpenses": 0,
        "sellingAndMarketingExpenses": 0,
        "sellingGeneralAndAdministrativeExpenses": 532100000,
        "otherExpenses": 0,
        "operatingExpenses": 532100000,
        "costAndExpenses": 2675800000,
        "interestIncome": 0,
        "interestExpense": 24200000,
        "depreciationAndAmortization": 54000000,
        "ebitda": 333700000,
        "ebitdaratio": 0.11286613,
        "operatingIncome": 280800000,
        "operatingIncomeRatio": 0.0949739566,
        "totalOtherIncomeExpensesNet": -25300000,
        "incomeBeforeTax": 255500000,
        "incomeBeforeTaxRatio": 0.0864168301,
        "incomeTaxExpense": 63900000,
        "netIncome": 190100000,
        "netIncomeRatio": 0.0642968274,
        "eps": 2.83,
        "epsdiluted": 2.8,
        "weightedAverageShsOut": 67127000,
        "weightedAverageShsOutDil": 67926000,
        "link": "https://www.sec.gov/Archives/edgar/data/861884/000155837019003834/0001558370-19-003834-index.htm",
        "finalLink": "https://www.sec.gov/Archives/edgar/data/861884/000155837019003834/rs-20190331x10q.htm"
    },
    {
        "date": "2018-12-31",
        "symbol": "RS",
        "reportedCurrency": "USD",
        "cik": "0000861884",
        "fillingDate": "2019-02-27",
        "acceptedDate": "2019-02-27 16:44:59",
        "calendarYear": "2018",
        "period": "Q4",
        "revenue": 2814000000,
        "costOfRevenue": 2157600000,
        "grossProfit": 656400000,
        "grossProfitRatio": 0.2332622601,
        "researchAndDevelopmentExpenses": 0,
        "generalAndAdministrativeExpenses": 0,
        "sellingAndMarketingExpenses": 0,
        "sellingGeneralAndAdministrativeExpenses": 504300000,
        "otherExpenses": 0,
        "operatingExpenses": 504300000,
        "costAndExpenses": 2661900000,
        "interestIncome": 0,
        "interestExpense": 23600000,
        "depreciationAndAmortization": 53400000,
        "ebitda": 200900000,
        "ebitdaratio": 0.0713930348,
        "operatingIncome": 152100000,
        "operatingIncomeRatio": 0.0540511727,
        "totalOtherIncomeExpensesNet": -28200000,
        "incomeBeforeTax": 123900000,
        "incomeBeforeTaxRatio": 0.0440298507,
        "incomeTaxExpense": 36600000,
        "netIncome": 85600000,
        "netIncomeRatio": 0.0304193319,
        "eps": 1.23,
        "epsdiluted": 1.22,
        "weightedAverageShsOut": 69593496,
        "weightedAverageShsOutDil": 70380000,
        "link": "https://www.sec.gov/Archives/edgar/data/861884/000155837019001202/0001558370-19-001202-index.htm",
        "finalLink": "https://www.sec.gov/Archives/edgar/data/861884/000155837019001202/rs-20181231x10k.htm"
    },
    {
        "date": "2018-09-30",
        "symbol": "RS",
        "reportedCurrency": "USD",
        "cik": "0000861884",
        "fillingDate": "2018-11-01",
        "acceptedDate": "2018-11-01 06:09:03",
        "calendarYear": "2018",
        "period": "Q3",
        "revenue": 2974500000,
        "costOfRevenue": 2193600000,
        "grossProfit": 780900000,
        "grossProfitRatio": 0.2625315179,
        "researchAndDevelopmentExpenses": 0,
        "generalAndAdministrativeExpenses": 0,
        "sellingAndMarketingExpenses": 0,
        "sellingGeneralAndAdministrativeExpenses": 529700000,
        "otherExpenses": 0,
        "operatingExpenses": 529700000,
        "costAndExpenses": 2723300000,
        "interestIncome": 0,
        "interestExpense": 22000000,
        "depreciationAndAmortization": 53400000,
        "ebitda": 270300000,
        "ebitdaratio": 0.0908724155,
        "operatingIncome": 251200000,
        "operatingIncomeRatio": 0.0844511683,
        "totalOtherIncomeExpensesNet": -56300000,
        "incomeBeforeTax": 194900000,
        "incomeBeforeTaxRatio": 0.0655236174,
        "incomeTaxExpense": 44600000,
        "netIncome": 148300000,
        "netIncomeRatio": 0.0498571188,
        "eps": 2.06,
        "epsdiluted": 2.03,
        "weightedAverageShsOut": 71990291,
        "weightedAverageShsOutDil": 72981230,
        "link": "https://www.sec.gov/Archives/edgar/data/861884/000155837018008206/0001558370-18-008206-index.htm",
        "finalLink": "https://www.sec.gov/Archives/edgar/data/861884/000155837018008206/rs-20180930x10q.htm"
    },
    {
        "date": "2018-06-30",
        "symbol": "RS",
        "reportedCurrency": "USD",
        "cik": "0000861884",
        "fillingDate": "2018-08-02",
        "acceptedDate": "2018-08-02 06:07:36",
        "calendarYear": "2018",
        "period": "Q2",
        "revenue": 2988900000,
        "costOfRevenue": 2125699999,
        "grossProfit": 863200000,
        "grossProfitRatio": 0.2888019004,
        "researchAndDevelopmentExpenses": 0,
        "generalAndAdministrativeExpenses": 0,
        "sellingAndMarketingExpenses": 0,
        "sellingGeneralAndAdministrativeExpenses": 535900000,
        "otherExpenses": 0,
        "operatingExpenses": 535900000,
        "costAndExpenses": 2661600000,
        "interestIncome": 0,
        "interestExpense": 21300000,
        "depreciationAndAmortization": 54300000,
        "ebitda": 382200000,
        "ebitdaratio": 0.1278731306,
        "operatingIncome": 327300000,
        "operatingIncomeRatio": 0.1095051691,
        "totalOtherIncomeExpensesNet": -20700000,
        "incomeBeforeTax": 306600000,
        "incomeBeforeTaxRatio": 0.1025795443,
        "incomeTaxExpense": 73500000,
        "netIncome": 230800000,
        "netIncomeRatio": 0.0772190438,
        "eps": 3.19,
        "epsdiluted": 3.16,
        "weightedAverageShsOut": 72351097,
        "weightedAverageShsOutDil": 72987798,
        "link": "https://www.sec.gov/Archives/edgar/data/861884/000155837018006143/0001558370-18-006143-index.htm",
        "finalLink": "https://www.sec.gov/Archives/edgar/data/861884/000155837018006143/rs-20180630x10q.htm"
    },
    {
        "date": "2018-03-31",
        "symbol": "RS",
        "reportedCurrency": "USD",
        "cik": "0000861884",
        "fillingDate": "2018-05-02",
        "acceptedDate": "2018-05-02 15:12:40",
        "calendarYear": "2018",
        "period": "Q1",
        "revenue": 2757100000,
        "costOfRevenue": 1991300000,
        "grossProfit": 765800000,
        "grossProfitRatio": 0.2777556128,
        "researchAndDevelopmentExpenses": 0,
        "generalAndAdministrativeExpenses": 0,
        "sellingAndMarketingExpenses": 0,
        "sellingGeneralAndAdministrativeExpenses": 519400000,
        "otherExpenses": 0,
        "operatingExpenses": 519400000,
        "costAndExpenses": 2510700000,
        "interestIncome": 0,
        "interestExpense": 19300000,
        "depreciationAndAmortization": 54100000,
        "ebitda": 298600000,
        "ebitdaratio": 0.1083022016,
        "operatingIncome": 246400000,
        "operatingIncomeRatio": 0.0893692648,
        "totalOtherIncomeExpensesNet": -21200000,
        "incomeBeforeTax": 225200000,
        "incomeBeforeTaxRatio": 0.0816800261,
        "incomeTaxExpense": 54100000,
        "netIncome": 169000000,
        "netIncomeRatio": 0.0612962896,
        "eps": 2.32,
        "epsdiluted": 2.3,
        "weightedAverageShsOut": 72844828,
        "weightedAverageShsOutDil": 73450365,
        "link": "https://www.sec.gov/Archives/edgar/data/861884/000155837018003740/0001558370-18-003740-index.htm",
        "finalLink": "https://www.sec.gov/Archives/edgar/data/861884/000155837018003740/rs-20180331x10q.htm"
    },
    {
        "date": "2017-12-31",
        "symbol": "RS",
        "reportedCurrency": "USD",
        "cik": "0000861884",
        "fillingDate": "2018-02-28",
        "acceptedDate": "2018-02-28 16:25:30",
        "calendarYear": "2017",
        "period": "Q4",
        "revenue": 2376400000,
        "costOfRevenue": 1752000000,
        "grossProfit": 624400000,
        "grossProfitRatio": 0.2627503787,
        "researchAndDevelopmentExpenses": 0,
        "generalAndAdministrativeExpenses": 0,
        "sellingAndMarketingExpenses": 0,
        "sellingGeneralAndAdministrativeExpenses": 480700000,
        "otherExpenses": 0,
        "operatingExpenses": 480700000,
        "costAndExpenses": 2232700000,
        "interestIncome": 0,
        "interestExpense": 19000000,
        "depreciationAndAmortization": 54200000,
        "ebitda": 193900000,
        "ebitdaratio": 0.0815940077,
        "operatingIncome": 143700000,
        "operatingIncomeRatio": 0.0604696179,
        "totalOtherIncomeExpensesNet": -23000000,
        "incomeBeforeTax": 120700000,
        "incomeBeforeTaxRatio": 0.0507911126,
        "incomeTaxExpense": -183100000,
        "netIncome": 301400000,
        "netIncomeRatio": 0.1268304999,
        "eps": 4.14,
        "epsdiluted": 4.09,
        "weightedAverageShsOut": 72801932,
        "weightedAverageShsOutDil": 73624388,
        "link": "https://www.sec.gov/Archives/edgar/data/861884/000155837018001275/0001558370-18-001275-index.htm",
        "finalLink": "https://www.sec.gov/Archives/edgar/data/861884/000155837018001275/rs-20171231x10k.htm"
    },
    {
        "date": "2017-09-30",
        "symbol": "RS",
        "reportedCurrency": "USD",
        "cik": "0000861884",
        "fillingDate": "2017-11-01",
        "acceptedDate": "2017-11-01 16:29:05",
        "calendarYear": "2017",
        "period": "Q3",
        "revenue": 2450100000,
        "costOfRevenue": 1818600000,
        "grossProfit": 631500000,
        "grossProfitRatio": 0.2577445819,
        "researchAndDevelopmentExpenses": 0,
        "generalAndAdministrativeExpenses": 0,
        "sellingAndMarketingExpenses": 0,
        "sellingGeneralAndAdministrativeExpenses": 470000000,
        "otherExpenses": 0,
        "operatingExpenses": 470000000,
        "costAndExpenses": 2288600000,
        "interestIncome": 0,
        "interestExpense": 19100000,
        "depreciationAndAmortization": 54000000,
        "ebitda": 215300000,
        "ebitdaratio": 0.0878739643,
        "operatingIncome": 161500000,
        "operatingIncomeRatio": 0.0659156769,
        "totalOtherIncomeExpensesNet": -19300000,
        "incomeBeforeTax": 142200000,
        "incomeBeforeTaxRatio": 0.0580384474,
        "incomeTaxExpense": 43200000,
        "netIncome": 97300000,
        "netIncomeRatio": 0.0397126648,
        "eps": 1.33,
        "epsdiluted": 1.32,
        "weightedAverageShsOut": 73157895,
        "weightedAverageShsOutDil": 73617479,
        "link": "https://www.sec.gov/Archives/edgar/data/861884/000155837017007927/0001558370-17-007927-index.htm",
        "finalLink": "https://www.sec.gov/Archives/edgar/data/861884/000155837017007927/rs-20170930x10q.htm"
    },
    {
        "date": "2017-06-30",
        "symbol": "RS",
        "reportedCurrency": "USD",
        "cik": "0000861884",
        "fillingDate": "2017-08-02",
        "acceptedDate": "2017-08-02 12:18:01",
        "calendarYear": "2017",
        "period": "Q2",
        "revenue": 2475200000,
        "costOfRevenue": 1828100000,
        "grossProfit": 647100000,
        "grossProfitRatio": 0.2614334195,
        "researchAndDevelopmentExpenses": 0,
        "generalAndAdministrativeExpenses": 0,
        "sellingAndMarketingExpenses": 0,
        "sellingGeneralAndAdministrativeExpenses": 475900000,
        "otherExpenses": 0,
        "operatingExpenses": 475900000,
        "costAndExpenses": 2304000000,
        "interestIncome": 0,
        "interestExpense": 18500000,
        "depreciationAndAmortization": 55000000,
        "ebitda": 225900000,
        "ebitdaratio": 0.0912653523,
        "operatingIncome": 171200000,
        "operatingIncomeRatio": 0.069166128,
        "totalOtherIncomeExpensesNet": -18800000,
        "incomeBeforeTax": 152400000,
        "incomeBeforeTaxRatio": 0.0615707822,
        "incomeTaxExpense": 47600000,
        "netIncome": 103000000,
        "netIncomeRatio": 0.041612799,
        "eps": 1.41,
        "epsdiluted": 1.4,
        "weightedAverageShsOut": 73049645,
        "weightedAverageShsOutDil": 73500701,
        "link": "https://www.sec.gov/Archives/edgar/data/861884/000155837017005677/0001558370-17-005677-index.htm",
        "finalLink": "https://www.sec.gov/Archives/edgar/data/861884/000155837017005677/rs-20170630x10q.htm"
    },
    {
        "date": "2017-03-31",
        "symbol": "RS",
        "reportedCurrency": "USD",
        "cik": "0000861884",
        "fillingDate": "2017-05-03",
        "acceptedDate": "2017-05-03 06:13:25",
        "calendarYear": "2017",
        "period": "Q1",
        "revenue": 2419300000,
        "costOfRevenue": 1752900000,
        "grossProfit": 666400000,
        "grossProfitRatio": 0.2754515769,
        "researchAndDevelopmentExpenses": 0,
        "generalAndAdministrativeExpenses": 0,
        "sellingAndMarketingExpenses": 0,
        "sellingGeneralAndAdministrativeExpenses": 476200000,
        "otherExpenses": 0,
        "operatingExpenses": 476200000,
        "costAndExpenses": 2229100000,
        "interestIncome": 0,
        "interestExpense": 17300000,
        "depreciationAndAmortization": 55200000,
        "ebitda": 241000000,
        "ebitdaratio": 0.0996155913,
        "operatingIncome": 190200000,
        "operatingIncomeRatio": 0.078617782,
        "totalOtherIncomeExpensesNet": -21700000,
        "incomeBeforeTax": 168500000,
        "incomeBeforeTaxRatio": 0.0696482454,
        "incomeTaxExpense": 55100000,
        "netIncome": 111700000,
        "netIncomeRatio": 0.0461703799,
        "eps": 1.53,
        "epsdiluted": 1.52,
        "weightedAverageShsOut": 73006536,
        "weightedAverageShsOutDil": 73415365,
        "link": "https://www.sec.gov/Archives/edgar/data/861884/000155837017003315/0001558370-17-003315-index.htm",
        "finalLink": "https://www.sec.gov/Archives/edgar/data/861884/000155837017003315/rs-20170331x10q.htm"
    },
    {
        "date": "2016-12-31",
        "symbol": "RS",
        "reportedCurrency": "USD",
        "cik": "0000861884",
        "fillingDate": "2017-02-24",
        "acceptedDate": "2017-02-24 14:52:15",
        "calendarYear": "2016",
        "period": "Q4",
        "revenue": 2061600000,
        "costOfRevenue": 1503000000,
        "grossProfit": 558600000,
        "grossProfitRatio": 0.2709545984,
        "researchAndDevelopmentExpenses": 0,
        "generalAndAdministrativeExpenses": 0,
        "sellingAndMarketingExpenses": 0,
        "sellingGeneralAndAdministrativeExpenses": 441700000,
        "otherExpenses": 0,
        "operatingExpenses": 441700000,
        "costAndExpenses": 1944700000,
        "interestIncome": 0,
        "interestExpense": 19000000,
        "depreciationAndAmortization": 55300000,
        "ebitda": 172200000,
        "ebitdaratio": 0.0835273574,
        "operatingIncome": 116900000,
        "operatingIncomeRatio": 0.0567035312,
        "totalOtherIncomeExpensesNet": -19000000,
        "incomeBeforeTax": 97900000,
        "incomeBeforeTaxRatio": 0.0474873884,
        "incomeTaxExpense": 35000000,
        "netIncome": 61700000,
        "netIncomeRatio": 0.0299282111,
        "eps": 0.85,
        "epsdiluted": 0.84,
        "weightedAverageShsOut": 72588235,
        "weightedAverageShsOutDil": 73338628,
        "link": "https://www.sec.gov/Archives/edgar/data/861884/000155837017000994/0001558370-17-000994-index.htm",
        "finalLink": "https://www.sec.gov/Archives/edgar/data/861884/000155837017000994/rs-20161231x10k.htm"
    },
    {
        "date": "2016-09-30",
        "symbol": "RS",
        "reportedCurrency": "USD",
        "cik": "0000861884",
        "fillingDate": "2016-10-31",
        "acceptedDate": "2016-10-31 15:57:04",
        "calendarYear": "2016",
        "period": "Q3",
        "revenue": 2185200000,
        "costOfRevenue": 1574000000,
        "grossProfit": 611200000,
        "grossProfitRatio": 0.2796997986,
        "researchAndDevelopmentExpenses": 0,
        "generalAndAdministrativeExpenses": 0,
        "sellingAndMarketingExpenses": 0,
        "sellingGeneralAndAdministrativeExpenses": 451400000,
        "otherExpenses": 0,
        "operatingExpenses": 451400000,
        "costAndExpenses": 2025400000,
        "interestIncome": 0,
        "interestExpense": 22200000,
        "depreciationAndAmortization": 55100000,
        "ebitda": 147800000,
        "ebitdaratio": 0.0676368296,
        "operatingIncome": 159800000,
        "operatingIncomeRatio": 0.0731283178,
        "totalOtherIncomeExpensesNet": -89300000,
        "incomeBeforeTax": 70500000,
        "incomeBeforeTaxRatio": 0.0322624931,
        "incomeTaxExpense": 19900000,
        "netIncome": 49500000,
        "netIncomeRatio": 0.0226523888,
        "eps": 0.68,
        "epsdiluted": 0.68,
        "weightedAverageShsOut": 72794118,
        "weightedAverageShsOutDil": 73280797,
        "link": "https://www.sec.gov/Archives/edgar/data/861884/000155837016008896/0001558370-16-008896-index.htm",
        "finalLink": "https://www.sec.gov/Archives/edgar/data/861884/000155837016008896/rs-20160930x10q.htm"
    },
    {
        "date": "2016-06-30",
        "symbol": "RS",
        "reportedCurrency": "USD",
        "cik": "0000861884",
        "fillingDate": "2016-08-01",
        "acceptedDate": "2016-08-01 06:06:25",
        "calendarYear": "2016",
        "period": "Q2",
        "revenue": 2203900000,
        "costOfRevenue": 1518800000,
        "grossProfit": 685100000,
        "grossProfitRatio": 0.3108580244,
        "researchAndDevelopmentExpenses": 0,
        "generalAndAdministrativeExpenses": 456500000,
        "sellingAndMarketingExpenses": 0,
        "sellingGeneralAndAdministrativeExpenses": 456500000,
        "otherExpenses": 200000,
        "operatingExpenses": 512000000,
        "costAndExpenses": 2030800000,
        "interestIncome": 0,
        "interestExpense": 21700000,
        "depreciationAndAmortization": 55500000,
        "ebitda": 229900000,
        "ebitdaratio": 0.1043150778,
        "operatingIncome": 173100000,
        "operatingIncomeRatio": 0.0785425836,
        "totalOtherIncomeExpensesNet": -21500000,
        "incomeBeforeTax": 151600000,
        "incomeBeforeTaxRatio": 0.0687871501,
        "incomeTaxExpense": 49500000,
        "netIncome": 100900000,
        "netIncomeRatio": 0.0457824765,
        "eps": 1.39,
        "epsdiluted": 1.38,
        "weightedAverageShsOut": 72589928,
        "weightedAverageShsOutDil": 73112808,
        "link": "https://www.sec.gov/Archives/edgar/data/861884/000155837016006999/0001558370-16-006999-index.htm",
        "finalLink": "https://www.sec.gov/Archives/edgar/data/861884/000155837016006999/rs-20160630x10q.htm"
    },
    {
        "date": "2016-03-31",
        "symbol": "RS",
        "reportedCurrency": "USD",
        "cik": "0000861884",
        "fillingDate": "2016-05-02",
        "acceptedDate": "2016-04-29 19:49:53",
        "calendarYear": "2016",
        "period": "Q1",
        "revenue": 2162700000,
        "costOfRevenue": 1526000000,
        "grossProfit": 636700000,
        "grossProfitRatio": 0.2944005179,
        "researchAndDevelopmentExpenses": 0,
        "generalAndAdministrativeExpenses": 450800000,
        "sellingAndMarketingExpenses": 0,
        "sellingGeneralAndAdministrativeExpenses": 450800000,
        "otherExpenses": 1100000,
        "operatingExpenses": 506900000,
        "costAndExpenses": 2032900000,
        "interestIncome": 0,
        "interestExpense": 21700000,
        "depreciationAndAmortization": 56100000,
        "ebitda": 187200000,
        "ebitdaratio": 0.0865584686,
        "operatingIncome": 129800000,
        "operatingIncomeRatio": 0.0600175706,
        "totalOtherIncomeExpensesNet": -21900000,
        "incomeBeforeTax": 109200000,
        "incomeBeforeTaxRatio": 0.05049244,
        "incomeTaxExpense": 15700000,
        "netIncome": 92200000,
        "netIncomeRatio": 0.0426318953,
        "eps": 1.28,
        "epsdiluted": 1.27,
        "weightedAverageShsOut": 72031250,
        "weightedAverageShsOutDil": 72708349,
        "link": "https://www.sec.gov/Archives/edgar/data/861884/000155837016005071/0001558370-16-005071-index.htm",
        "finalLink": "https://www.sec.gov/Archives/edgar/data/861884/000155837016005071/rs-20160331x10q.htm"
    },
    {
        "date": "2015-12-31",
        "symbol": "RS",
        "reportedCurrency": "USD",
        "cik": "0000861884",
        "fillingDate": "2016-02-26",
        "acceptedDate": "2016-02-25 21:49:33",
        "calendarYear": "2015",
        "period": "Q4",
        "revenue": 2026200000,
        "costOfRevenue": 1444200000,
        "grossProfit": 582000000,
        "grossProfitRatio": 0.2872371928,
        "researchAndDevelopmentExpenses": 0,
        "generalAndAdministrativeExpenses": 422800000,
        "sellingAndMarketingExpenses": -10100000,
        "sellingGeneralAndAdministrativeExpenses": 412700000,
        "otherExpenses": 100000,
        "operatingExpenses": 466600000,
        "costAndExpenses": 1910800000,
        "interestIncome": 1000000,
        "interestExpense": 21000000,
        "depreciationAndAmortization": 53900000,
        "ebitda": 160700000,
        "ebitdaratio": 0.0793110256,
        "operatingIncome": 115400000,
        "operatingIncomeRatio": 0.0569539039,
        "totalOtherIncomeExpensesNet": -20900000,
        "incomeBeforeTax": 94500000,
        "incomeBeforeTaxRatio": 0.0466390287,
        "incomeTaxExpense": 25600000,
        "netIncome": 68600000,
        "netIncomeRatio": 0.0338564801,
        "eps": 0.96,
        "epsdiluted": 0.94,
        "weightedAverageShsOut": 71458333,
        "weightedAverageShsOutDil": 72614482,
        "link": "https://www.sec.gov/Archives/edgar/data/861884/000155837016003570/0001558370-16-003570-index.htm",
        "finalLink": "https://www.sec.gov/Archives/edgar/data/861884/000155837016003570/rs-20151231x10k.htm"
    },
    {
        "date": "2015-09-30",
        "symbol": "RS",
        "reportedCurrency": "USD",
        "cik": "0000861884",
        "fillingDate": "2015-10-30",
        "acceptedDate": "2015-10-30 16:16:14",
        "calendarYear": "2015",
        "period": "Q3",
        "revenue": 2286200000,
        "costOfRevenue": 1647900000,
        "grossProfit": 638300000,
        "grossProfitRatio": 0.2791969207,
        "researchAndDevelopmentExpenses": 0,
        "generalAndAdministrativeExpenses": 428900000,
        "sellingAndMarketingExpenses": 0,
        "sellingGeneralAndAdministrativeExpenses": 428900000,
        "otherExpenses": -2800000,
        "operatingExpenses": 483300000,
        "costAndExpenses": 2131200000,
        "interestIncome": 0,
        "interestExpense": 21200000,
        "depreciationAndAmortization": 54400000,
        "ebitda": 153300000,
        "ebitdaratio": 0.0670545009,
        "operatingIncome": 101700000,
        "operatingIncomeRatio": 0.0444842971,
        "totalOtherIncomeExpensesNet": -24000000,
        "incomeBeforeTax": 77700000,
        "incomeBeforeTaxRatio": 0.0339865279,
        "incomeTaxExpense": 24900000,
        "netIncome": 51400000,
        "netIncomeRatio": 0.0224827224,
        "eps": 0.7,
        "epsdiluted": 0.69,
        "weightedAverageShsOut": 73428571,
        "weightedAverageShsOutDil": 74136193,
        "link": "https://www.sec.gov/Archives/edgar/data/861884/000110465915074533/0001104659-15-074533-index.htm",
        "finalLink": "https://www.sec.gov/Archives/edgar/data/861884/000110465915074533/a15-17869_110q.htm"
    },
    {
        "date": "2015-06-30",
        "symbol": "RS",
        "reportedCurrency": "USD",
        "cik": "0000861884",
        "fillingDate": "2015-07-31",
        "acceptedDate": "2015-07-31 14:55:35",
        "calendarYear": "2015",
        "period": "Q2",
        "revenue": 2423700000,
        "costOfRevenue": 1767800000,
        "grossProfit": 655900000,
        "grossProfitRatio": 0.2706193011,
        "researchAndDevelopmentExpenses": 0,
        "generalAndAdministrativeExpenses": 440800000,
        "sellingAndMarketingExpenses": 0,
        "sellingGeneralAndAdministrativeExpenses": 440800000,
        "otherExpenses": -2800000,
        "operatingExpenses": 495700000,
        "costAndExpenses": 2263500000,
        "interestIncome": 0,
        "interestExpense": 21500000,
        "depreciationAndAmortization": 54900000,
        "ebitda": 215100000,
        "ebitdaratio": 0.0887486075,
        "operatingIncome": 160200000,
        "operatingIncomeRatio": 0.0660972893,
        "totalOtherIncomeExpensesNet": -24300000,
        "incomeBeforeTax": 135900000,
        "incomeBeforeTaxRatio": 0.056071296,
        "incomeTaxExpense": 44300000,
        "netIncome": 90200000,
        "netIncomeRatio": 0.037215827,
        "eps": 1.21,
        "epsdiluted": 1.2,
        "weightedAverageShsOut": 74545455,
        "weightedAverageShsOutDil": 75094062,
        "link": "https://www.sec.gov/Archives/edgar/data/861884/000110465915055210/0001104659-15-055210-index.htm",
        "finalLink": "https://www.sec.gov/Archives/edgar/data/861884/000110465915055210/a15-11944_110q.htm"
    },
    {
        "date": "2015-03-31",
        "symbol": "RS",
        "reportedCurrency": "USD",
        "cik": "0000861884",
        "fillingDate": "2015-05-01",
        "acceptedDate": "2015-05-01 14:48:29",
        "calendarYear": "2015",
        "period": "Q1",
        "revenue": 2614400000,
        "costOfRevenue": 1943700000,
        "grossProfit": 670700000,
        "grossProfitRatio": 0.2565406977,
        "researchAndDevelopmentExpenses": 0,
        "generalAndAdministrativeExpenses": 446100000,
        "sellingAndMarketingExpenses": 0,
        "sellingGeneralAndAdministrativeExpenses": 446100000,
        "otherExpenses": 1900000,
        "operatingExpenses": 501400000,
        "costAndExpenses": 2445100000,
        "interestIncome": 0,
        "interestExpense": 20600000,
        "depreciationAndAmortization": 55300000,
        "ebitda": 224600000,
        "ebitdaratio": 0.0859088127,
        "operatingIncome": 169300000,
        "operatingIncomeRatio": 0.0647567319,
        "totalOtherIncomeExpensesNet": -18700000,
        "incomeBeforeTax": 150600000,
        "incomeBeforeTaxRatio": 0.0576040392,
        "incomeTaxExpense": 47700000,
        "netIncome": 101300000,
        "netIncomeRatio": 0.03874694,
        "eps": 1.31,
        "epsdiluted": 1.3,
        "weightedAverageShsOut": 77328244,
        "weightedAverageShsOutDil": 77832320,
        "link": "https://www.sec.gov/Archives/edgar/data/861884/000110465915033135/0001104659-15-033135-index.htm",
        "finalLink": "https://www.sec.gov/Archives/edgar/data/861884/000110465915033135/a15-7160_110q.htm"
    },
    {
        "date": "2014-12-31",
        "symbol": "RS",
        "reportedCurrency": "USD",
        "cik": "0000861884",
        "fillingDate": "2015-02-26",
        "acceptedDate": "2015-02-26 17:08:25",
        "calendarYear": "2014",
        "period": "Q4",
        "revenue": 2576700000,
        "costOfRevenue": 1954400000,
        "grossProfit": 622300000,
        "grossProfitRatio": 0.2415104591,
        "researchAndDevelopmentExpenses": 0,
        "generalAndAdministrativeExpenses": 440200000,
        "sellingAndMarketingExpenses": -9200000,
        "sellingGeneralAndAdministrativeExpenses": 431000000,
        "otherExpenses": 12200000,
        "operatingExpenses": 486200000,
        "costAndExpenses": 2440600000,
        "interestIncome": 1400000,
        "interestExpense": 20700000,
        "depreciationAndAmortization": 55200000,
        "ebitda": 189500000,
        "ebitdaratio": 0.0735436799,
        "operatingIncome": 136100000,
        "operatingIncomeRatio": 0.0528194978,
        "totalOtherIncomeExpensesNet": -8500000,
        "incomeBeforeTax": 127600000,
        "incomeBeforeTaxRatio": 0.0495207048,
        "incomeTaxExpense": 33900000,
        "netIncome": 92300000,
        "netIncomeRatio": 0.0358210114,
        "eps": 1.19,
        "epsdiluted": 1.18,
        "weightedAverageShsOut": 77563025,
        "weightedAverageShsOutDil": 78440744,
        "link": "https://www.sec.gov/Archives/edgar/data/861884/000104746915001302/0001047469-15-001302-index.htm",
        "finalLink": "https://www.sec.gov/Archives/edgar/data/861884/000104746915001302/a2223210z10-k.htm"
    },
    {
        "date": "2014-09-30",
        "symbol": "RS",
        "reportedCurrency": "USD",
        "cik": "0000861884",
        "fillingDate": "2014-10-31",
        "acceptedDate": "2014-10-31 15:01:38",
        "calendarYear": "2014",
        "period": "Q3",
        "revenue": 2705100000,
        "costOfRevenue": 2026900000,
        "grossProfit": 678200000,
        "grossProfitRatio": 0.2507116188,
        "researchAndDevelopmentExpenses": 0,
        "generalAndAdministrativeExpenses": 472900000,
        "sellingAndMarketingExpenses": 0,
        "sellingGeneralAndAdministrativeExpenses": 472900000,
        "otherExpenses": -100000,
        "operatingExpenses": 526900000,
        "costAndExpenses": 2553800000,
        "interestIncome": 0,
        "interestExpense": 20800000,
        "depreciationAndAmortization": 54000000,
        "ebitda": 218800000,
        "ebitdaratio": 0.0808842557,
        "operatingIncome": 151300000,
        "operatingIncomeRatio": 0.0559313889,
        "totalOtherIncomeExpensesNet": -20900000,
        "incomeBeforeTax": 130400000,
        "incomeBeforeTaxRatio": 0.048205242,
        "incomeTaxExpense": 33500000,
        "netIncome": 95500000,
        "netIncomeRatio": 0.0353036856,
        "eps": 1.23,
        "epsdiluted": 1.21,
        "weightedAverageShsOut": 77642276,
        "weightedAverageShsOutDil": 78884181,
        "link": "https://www.sec.gov/Archives/edgar/data/861884/000110465914075546/0001104659-14-075546-index.htm",
        "finalLink": "https://www.sec.gov/Archives/edgar/data/861884/000110465914075546/a14-19651_110q.htm"
    },
    {
        "date": "2014-06-30",
        "symbol": "RS",
        "reportedCurrency": "USD",
        "cik": "0000861884",
        "fillingDate": "2014-07-31",
        "acceptedDate": "2014-07-31 16:17:24",
        "calendarYear": "2014",
        "period": "Q2",
        "revenue": 2616800000,
        "costOfRevenue": 1943500000,
        "grossProfit": 673300000,
        "grossProfitRatio": 0.2572989911,
        "researchAndDevelopmentExpenses": 0,
        "generalAndAdministrativeExpenses": 444900000,
        "sellingAndMarketingExpenses": 0,
        "sellingGeneralAndAdministrativeExpenses": 444900000,
        "otherExpenses": -1300000,
        "operatingExpenses": 497600000,
        "costAndExpenses": 2441100000,
        "interestIncome": 0,
        "interestExpense": 20200000,
        "depreciationAndAmortization": 52700000,
        "ebitda": 229600000,
        "ebitdaratio": 0.0877407521,
        "operatingIncome": 175700000,
        "operatingIncomeRatio": 0.0671430755,
        "totalOtherIncomeExpensesNet": -21500000,
        "incomeBeforeTax": 154200000,
        "incomeBeforeTaxRatio": 0.0589269337,
        "incomeTaxExpense": 56400000,
        "netIncome": 96500000,
        "netIncomeRatio": 0.0368771018,
        "eps": 1.24,
        "epsdiluted": 1.22,
        "weightedAverageShsOut": 77822581,
        "weightedAverageShsOutDil": 78777752,
        "link": "https://www.sec.gov/Archives/edgar/data/861884/000110465914055493/0001104659-14-055493-index.htm",
        "finalLink": "https://www.sec.gov/Archives/edgar/data/861884/000110465914055493/a14-13901_110q.htm"
    },
    {
        "date": "2014-03-31",
        "symbol": "RS",
        "reportedCurrency": "USD",
        "cik": "0000861884",
        "fillingDate": "2014-05-02",
        "acceptedDate": "2014-05-02 06:01:34",
        "calendarYear": "2014",
        "period": "Q1",
        "revenue": 2553000000,
        "costOfRevenue": 1905800000,
        "grossProfit": 647200000,
        "grossProfitRatio": 0.2535056796,
        "researchAndDevelopmentExpenses": 0,
        "generalAndAdministrativeExpenses": 441000000,
        "sellingAndMarketingExpenses": 0,
        "sellingGeneralAndAdministrativeExpenses": 441000000,
        "otherExpenses": 0,
        "operatingExpenses": 492900000,
        "costAndExpenses": 2398700000,
        "interestIncome": 0,
        "interestExpense": 20200000,
        "depreciationAndAmortization": 51900000,
        "ebitda": 206200000,
        "ebitdaratio": 0.0807677242,
        "operatingIncome": 154300000,
        "operatingIncomeRatio": 0.0604386996,
        "totalOtherIncomeExpensesNet": -20200000,
        "incomeBeforeTax": 134100000,
        "incomeBeforeTaxRatio": 0.0525264395,
        "incomeTaxExpense": 46200000,
        "netIncome": 87200000,
        "netIncomeRatio": 0.034155895,
        "eps": 1.13,
        "epsdiluted": 1.11,
        "weightedAverageShsOut": 77168142,
        "weightedAverageShsOutDil": 78357832,
        "link": "https://www.sec.gov/Archives/edgar/data/861884/000110465914033681/0001104659-14-033681-index.htm",
        "finalLink": "https://www.sec.gov/Archives/edgar/data/861884/000110465914033681/a14-8668_110q.htm"
    },
    {
        "date": "2013-12-31",
        "symbol": "RS",
        "reportedCurrency": "USD",
        "cik": "0000861884",
        "fillingDate": "2014-02-27",
        "acceptedDate": "2014-02-27 15:44:43",
        "calendarYear": "2013",
        "period": "Q4",
        "revenue": 2306700000,
        "costOfRevenue": 1702500000,
        "grossProfit": 604200000,
        "grossProfitRatio": 0.261932631,
        "researchAndDevelopmentExpenses": 0,
        "generalAndAdministrativeExpenses": 433200000,
        "sellingAndMarketingExpenses": -8500000,
        "sellingGeneralAndAdministrativeExpenses": 424700000,
        "otherExpenses": 400000,
        "operatingExpenses": 476000000,
        "costAndExpenses": 2178500000,
        "interestIncome": 1000000,
        "interestExpense": 20700000,
        "depreciationAndAmortization": 51300000,
        "ebitda": 180200000,
        "ebitdaratio": 0.0781202584,
        "operatingIncome": 113300000,
        "operatingIncomeRatio": 0.0491177873,
        "totalOtherIncomeExpensesNet": -20300000,
        "incomeBeforeTax": 93000000,
        "incomeBeforeTaxRatio": 0.0403173365,
        "incomeTaxExpense": 30700000,
        "netIncome": 61800000,
        "netIncomeRatio": 0.0267915204,
        "eps": 0.8,
        "epsdiluted": 0.79,
        "weightedAverageShsOut": 77250000,
        "weightedAverageShsOutDil": 78163911,
        "link": "https://www.sec.gov/Archives/edgar/data/861884/000104746914001477/0001047469-14-001477-index.htm",
        "finalLink": "https://www.sec.gov/Archives/edgar/data/861884/000104746914001477/a2218513z10-k.htm"
    },
    {
        "date": "2013-09-30",
        "symbol": "RS",
        "reportedCurrency": "USD",
        "cik": "0000861884",
        "fillingDate": "2013-11-01",
        "acceptedDate": "2013-11-01 14:41:34",
        "calendarYear": "2013",
        "period": "Q3",
        "revenue": 2443500000,
        "costOfRevenue": 1800500000,
        "grossProfit": 643000000,
        "grossProfitRatio": 0.263147125,
        "researchAndDevelopmentExpenses": 0,
        "generalAndAdministrativeExpenses": 430000000,
        "sellingAndMarketingExpenses": 0,
        "sellingGeneralAndAdministrativeExpenses": 430000000,
        "otherExpenses": 1200000,
        "operatingExpenses": 479900000,
        "costAndExpenses": 2280400000,
        "interestIncome": 0,
        "interestExpense": 21600000,
        "depreciationAndAmortization": 49900000,
        "ebitda": 215600000,
        "ebitdaratio": 0.0882340904,
        "operatingIncome": 163100000,
        "operatingIncomeRatio": 0.0667485165,
        "totalOtherIncomeExpensesNet": -20400000,
        "incomeBeforeTax": 142700000,
        "incomeBeforeTaxRatio": 0.0583998363,
        "incomeTaxExpense": 46700000,
        "netIncome": 95100000,
        "netIncomeRatio": 0.0389195826,
        "eps": 1.23,
        "epsdiluted": 1.22,
        "weightedAverageShsOut": 77317073,
        "weightedAverageShsOutDil": 77857506,
        "link": "https://www.sec.gov/Archives/edgar/data/861884/000110465913080006/0001104659-13-080006-index.htm",
        "finalLink": "https://www.sec.gov/Archives/edgar/data/861884/000110465913080006/a13-19786_110q.htm"
    },
    {
        "date": "2013-06-30",
        "symbol": "RS",
        "reportedCurrency": "USD",
        "cik": "0000861884",
        "fillingDate": "2013-08-02",
        "acceptedDate": "2013-08-02 15:10:31",
        "calendarYear": "2013",
        "period": "Q2",
        "revenue": 2448300000,
        "costOfRevenue": 1826700000,
        "grossProfit": 621600000,
        "grossProfitRatio": 0.2538904546,
        "researchAndDevelopmentExpenses": 0,
        "generalAndAdministrativeExpenses": 426000000,
        "sellingAndMarketingExpenses": 0,
        "sellingGeneralAndAdministrativeExpenses": 426000000,
        "otherExpenses": -600000,
        "operatingExpenses": 476100000,
        "costAndExpenses": 2302800000,
        "interestIncome": 0,
        "interestExpense": 22100000,
        "depreciationAndAmortization": 50100000,
        "ebitda": 195000000,
        "ebitdaratio": 0.0796471021,
        "operatingIncome": 145500000,
        "operatingIncomeRatio": 0.0594289915,
        "totalOtherIncomeExpensesNet": -22700000,
        "incomeBeforeTax": 122800000,
        "incomeBeforeTaxRatio": 0.050157252,
        "incomeTaxExpense": 40900000,
        "netIncome": 81000000,
        "netIncomeRatio": 0.0330841809,
        "eps": 1.06,
        "epsdiluted": 1.05,
        "weightedAverageShsOut": 76415094,
        "weightedAverageShsOutDil": 77469117,
        "link": "https://www.sec.gov/Archives/edgar/data/861884/000110465913059391/0001104659-13-059391-index.htm",
        "finalLink": "https://www.sec.gov/Archives/edgar/data/861884/000110465913059391/a13-13953_110q.htm"
    },
    {
        "date": "2013-03-31",
        "symbol": "RS",
        "reportedCurrency": "USD",
        "cik": "0000861884",
        "fillingDate": "2013-05-03",
        "acceptedDate": "2013-05-03 11:52:56",
        "calendarYear": "2013",
        "period": "Q1",
        "revenue": 2025300000,
        "costOfRevenue": 1496500000,
        "grossProfit": 528800000,
        "grossProfitRatio": 0.2610971214,
        "researchAndDevelopmentExpenses": 0,
        "generalAndAdministrativeExpenses": 357700000,
        "sellingAndMarketingExpenses": 0,
        "sellingGeneralAndAdministrativeExpenses": 357700000,
        "otherExpenses": 2900000,
        "operatingExpenses": 398800000,
        "costAndExpenses": 1895300000,
        "interestIncome": 0,
        "interestExpense": 13100000,
        "depreciationAndAmortization": 41100000,
        "ebitda": 174000000,
        "ebitdaratio": 0.085913198,
        "operatingIncome": 130000000,
        "operatingIncomeRatio": 0.0641880215,
        "totalOtherIncomeExpensesNet": -10200000,
        "incomeBeforeTax": 119800000,
        "incomeBeforeTaxRatio": 0.0591517306,
        "incomeTaxExpense": 35300000,
        "netIncome": 83700000,
        "netIncomeRatio": 0.0413272108,
        "eps": 1.1,
        "epsdiluted": 1.09,
        "weightedAverageShsOut": 76090909,
        "weightedAverageShsOutDil": 77080703,
        "link": "https://www.sec.gov/Archives/edgar/data/861884/000110465913036944/0001104659-13-036944-index.htm",
        "finalLink": "https://www.sec.gov/Archives/edgar/data/861884/000110465913036944/a13-8663_110q.htm"
    },
    {
        "date": "2012-12-31",
        "symbol": "RS",
        "reportedCurrency": "USD",
        "cik": "0000861884",
        "fillingDate": "2013-02-27",
        "acceptedDate": "2013-02-27 17:18:27",
        "calendarYear": "2012",
        "period": "Q4",
        "revenue": 1889000000,
        "costOfRevenue": 1364600000,
        "grossProfit": 524400000,
        "grossProfitRatio": 0.2776071996,
        "researchAndDevelopmentExpenses": 0,
        "generalAndAdministrativeExpenses": 354200000,
        "sellingAndMarketingExpenses": -7800000,
        "sellingGeneralAndAdministrativeExpenses": 346400000,
        "otherExpenses": -300000,
        "operatingExpenses": 388600000,
        "costAndExpenses": 1753200000,
        "interestIncome": 1400000,
        "interestExpense": 14200000,
        "depreciationAndAmortization": 42200000,
        "ebitda": 221900000,
        "ebitdaratio": 0.1174695606,
        "operatingIncome": 135800000,
        "operatingIncomeRatio": 0.0718898888,
        "totalOtherIncomeExpensesNet": -14500000,
        "incomeBeforeTax": 121300000,
        "incomeBeforeTaxRatio": 0.0642138698,
        "incomeTaxExpense": 40500000,
        "netIncome": 80400000,
        "netIncomeRatio": 0.0425622022,
        "eps": 1.06,
        "epsdiluted": 1.06,
        "weightedAverageShsOut": 75849057,
        "weightedAverageShsOutDil": 76124260,
        "link": "https://www.sec.gov/Archives/edgar/data/861884/000104746913001836/0001047469-13-001836-index.htm",
        "finalLink": "https://www.sec.gov/Archives/edgar/data/861884/000104746913001836/a2213196z10-k.htm"
    },
    {
        "date": "2012-09-30",
        "symbol": "RS",
        "reportedCurrency": "USD",
        "cik": "0000861884",
        "fillingDate": "2012-11-02",
        "acceptedDate": "2012-11-02 17:01:37",
        "calendarYear": "2012",
        "period": "Q3",
        "revenue": 2055300000,
        "costOfRevenue": 1520000000,
        "grossProfit": 535300000,
        "grossProfitRatio": 0.2604485963,
        "researchAndDevelopmentExpenses": 0,
        "generalAndAdministrativeExpenses": 345400000,
        "sellingAndMarketingExpenses": 0,
        "sellingGeneralAndAdministrativeExpenses": 345400000,
        "otherExpenses": 37300000,
        "operatingExpenses": 382700000,
        "costAndExpenses": 1902700000,
        "interestIncome": 0,
        "interestExpense": 14700000,
        "depreciationAndAmortization": 37300000,
        "ebitda": 195800000,
        "ebitdaratio": 0.0952658979,
        "operatingIncome": 152600000,
        "operatingIncomeRatio": 0.0742470686,
        "totalOtherIncomeExpensesNet": -8800000,
        "incomeBeforeTax": 143800000,
        "incomeBeforeTaxRatio": 0.0699654552,
        "incomeTaxExpense": 44400000,
        "netIncome": 98100000,
        "netIncomeRatio": 0.0477302584,
        "eps": 1.3,
        "epsdiluted": 1.3,
        "weightedAverageShsOut": 75461538,
        "weightedAverageShsOutDil": 75710040,
        "link": "https://www.sec.gov/Archives/edgar/data/861884/000110465912073738/0001104659-12-073738-index.htm",
        "finalLink": "https://www.sec.gov/Archives/edgar/data/861884/000110465912073738/a12-20538_110q.htm"
    },
    {
        "date": "2012-06-30",
        "symbol": "RS",
        "reportedCurrency": "USD",
        "cik": "0000861884",
        "fillingDate": "2012-08-06",
        "acceptedDate": "2012-08-06 14:39:05",
        "calendarYear": "2012",
        "period": "Q2",
        "revenue": 2209700000,
        "costOfRevenue": 1640300000,
        "grossProfit": 569400000,
        "grossProfitRatio": 0.2576820383,
        "researchAndDevelopmentExpenses": 0,
        "generalAndAdministrativeExpenses": 346700000,
        "sellingAndMarketingExpenses": 0,
        "sellingGeneralAndAdministrativeExpenses": 346700000,
        "otherExpenses": 36500000,
        "operatingExpenses": 383200000,
        "costAndExpenses": 2023500000,
        "interestIncome": 0,
        "interestExpense": 15000000,
        "depreciationAndAmortization": 36500000,
        "ebitda": 219200000,
        "ebitdaratio": 0.0991989863,
        "operatingIncome": 186200000,
        "operatingIncomeRatio": 0.0842648323,
        "totalOtherIncomeExpensesNet": -18500000,
        "incomeBeforeTax": 167700000,
        "incomeBeforeTaxRatio": 0.0758926551,
        "incomeTaxExpense": 57500000,
        "netIncome": 108800000,
        "netIncomeRatio": 0.049237453,
        "eps": 1.45,
        "epsdiluted": 1.44,
        "weightedAverageShsOut": 75034483,
        "weightedAverageShsOutDil": 75511249,
        "link": "https://www.sec.gov/Archives/edgar/data/861884/000110465912054544/0001104659-12-054544-index.htm",
        "finalLink": "https://www.sec.gov/Archives/edgar/data/861884/000110465912054544/a12-12473_110q.htm"
    },
    {
        "date": "2012-03-31",
        "symbol": "RS",
        "reportedCurrency": "USD",
        "cik": "0000861884",
        "fillingDate": "2012-05-04",
        "acceptedDate": "2012-05-04 16:12:54",
        "calendarYear": "2012",
        "period": "Q1",
        "revenue": 2288300000,
        "costOfRevenue": 1710500000,
        "grossProfit": 577800000,
        "grossProfitRatio": 0.2525018573,
        "researchAndDevelopmentExpenses": 0,
        "generalAndAdministrativeExpenses": 357700000,
        "sellingAndMarketingExpenses": 0,
        "sellingGeneralAndAdministrativeExpenses": 357700000,
        "otherExpenses": 35500000,
        "operatingExpenses": 393200000,
        "costAndExpenses": 2103700000,
        "interestIncome": 0,
        "interestExpense": 14500000,
        "depreciationAndAmortization": 35500000,
        "ebitda": 226600000,
        "ebitdaratio": 0.0990254774,
        "operatingIncome": 184600000,
        "operatingIncomeRatio": 0.0806712407,
        "totalOtherIncomeExpensesNet": -8000000,
        "incomeBeforeTax": 176600000,
        "incomeBeforeTaxRatio": 0.0771751956,
        "incomeTaxExpense": 58700000,
        "netIncome": 116200000,
        "netIncomeRatio": 0.0507800551,
        "eps": 1.55,
        "epsdiluted": 1.54,
        "weightedAverageShsOut": 74967742,
        "weightedAverageShsOutDil": 75426552,
        "link": "https://www.sec.gov/Archives/edgar/data/861884/000110465912033212/0001104659-12-033212-index.htm",
        "finalLink": "https://www.sec.gov/Archives/edgar/data/861884/000110465912033212/a12-8563_110q.htm"
    },
    {
        "date": "2011-12-31",
        "symbol": "RS",
        "reportedCurrency": "USD",
        "cik": "0000861884",
        "fillingDate": "2012-02-24",
        "acceptedDate": "2012-02-24 16:41:50",
        "calendarYear": "2011",
        "period": "Q4",
        "revenue": 2033900000,
        "costOfRevenue": 1558900000,
        "grossProfit": 475000000,
        "grossProfitRatio": 0.233541472,
        "researchAndDevelopmentExpenses": 0,
        "generalAndAdministrativeExpenses": 328300000,
        "sellingAndMarketingExpenses": 0,
        "sellingGeneralAndAdministrativeExpenses": 328300000,
        "otherExpenses": 34400000,
        "operatingExpenses": 362700000,
        "costAndExpenses": 1921600000,
        "interestIncome": 0,
        "interestExpense": 14700000,
        "depreciationAndAmortization": 34400000,
        "ebitda": 147500000,
        "ebitdaratio": 0.0725207729,
        "operatingIncome": 112300000,
        "operatingIncomeRatio": 0.0552141207,
        "totalOtherIncomeExpensesNet": -13900000,
        "incomeBeforeTax": 98400000,
        "incomeBeforeTaxRatio": 0.0483799597,
        "incomeTaxExpense": 29300000,
        "netIncome": 67900000,
        "netIncomeRatio": 0.0333841388,
        "eps": 0.91,
        "epsdiluted": 0.91,
        "weightedAverageShsOut": 74849189,
        "weightedAverageShsOutDil": 74967742,
        "link": "https://www.sec.gov/Archives/edgar/data/861884/000104746912001477/0001047469-12-001477-index.htm",
        "finalLink": "https://www.sec.gov/Archives/edgar/data/861884/000104746912001477/a2207457z10-k.htm"
    },
    {
        "date": "2011-09-30",
        "symbol": "RS",
        "reportedCurrency": "USD",
        "cik": "0000861884",
        "fillingDate": "2011-11-04",
        "acceptedDate": "2011-11-04 16:36:12",
        "calendarYear": "2011",
        "period": "Q3",
        "revenue": 2138600000,
        "costOfRevenue": 1644700000,
        "grossProfit": 493900000,
        "grossProfitRatio": 0.2309454784,
        "researchAndDevelopmentExpenses": 0,
        "generalAndAdministrativeExpenses": 319600000,
        "sellingAndMarketingExpenses": 0,
        "sellingGeneralAndAdministrativeExpenses": 319600000,
        "otherExpenses": 34200000,
        "operatingExpenses": 353800000,
        "costAndExpenses": 1998500000,
        "interestIncome": 0,
        "interestExpense": 15000000,
        "depreciationAndAmortization": 34200000,
        "ebitda": 167800000,
        "ebitdaratio": 0.0784625456,
        "operatingIncome": 140100000,
        "operatingIncomeRatio": 0.0655101468,
        "totalOtherIncomeExpensesNet": -21500000,
        "incomeBeforeTax": 118600000,
        "incomeBeforeTaxRatio": 0.0554568409,
        "incomeTaxExpense": 32300000,
        "netIncome": 84900000,
        "netIncomeRatio": 0.0396988684,
        "eps": 1.13,
        "epsdiluted": 1.13,
        "weightedAverageShsOut": 75132743,
        "weightedAverageShsOutDil": 75132743,
        "link": "https://www.sec.gov/Archives/edgar/data/861884/000110465911061166/0001104659-11-061166-index.htm",
        "finalLink": "https://www.sec.gov/Archives/edgar/data/861884/000110465911061166/a11-26000_110q.htm"
    },
    {
        "date": "2011-06-30",
        "symbol": "RS",
        "reportedCurrency": "USD",
        "cik": "0000861884",
        "fillingDate": "2011-08-05",
        "acceptedDate": "2011-08-05 16:19:59",
        "calendarYear": "2011",
        "period": "Q2",
        "revenue": 2049500000,
        "costOfRevenue": 1538700000,
        "grossProfit": 510800000,
        "grossProfitRatio": 0.2492315199,
        "researchAndDevelopmentExpenses": 0,
        "generalAndAdministrativeExpenses": 313700000,
        "sellingAndMarketingExpenses": 0,
        "sellingGeneralAndAdministrativeExpenses": 313700000,
        "otherExpenses": 31500000,
        "operatingExpenses": 345200000,
        "costAndExpenses": 1883900000,
        "interestIncome": 0,
        "interestExpense": 15500000,
        "depreciationAndAmortization": 31500000,
        "ebitda": 201200000,
        "ebitdaratio": 0.0981702854,
        "operatingIncome": 165600000,
        "operatingIncomeRatio": 0.0808001952,
        "totalOtherIncomeExpensesNet": -11400000,
        "incomeBeforeTax": 154200000,
        "incomeBeforeTaxRatio": 0.0752378629,
        "incomeTaxExpense": 54000000,
        "netIncome": 98700000,
        "netIncomeRatio": 0.0481580873,
        "eps": 1.32,
        "epsdiluted": 1.31,
        "weightedAverageShsOut": 74772727,
        "weightedAverageShsOutDil": 75150798,
        "link": "https://www.sec.gov/Archives/edgar/data/861884/000110465911044292/0001104659-11-044292-index.htm",
        "finalLink": "https://www.sec.gov/Archives/edgar/data/861884/000110465911044292/a11-20991_110q.htm"
    },
    {
        "date": "2011-03-31",
        "symbol": "RS",
        "reportedCurrency": "USD",
        "cik": "0000861884",
        "fillingDate": "2011-05-06",
        "acceptedDate": "2011-05-06 15:54:17",
        "calendarYear": "2011",
        "period": "Q1",
        "revenue": 1912700000,
        "costOfRevenue": 1406400000,
        "grossProfit": 506300000,
        "grossProfitRatio": 0.2647043446,
        "researchAndDevelopmentExpenses": 0,
        "generalAndAdministrativeExpenses": 318500000,
        "sellingAndMarketingExpenses": 0,
        "sellingGeneralAndAdministrativeExpenses": 318500000,
        "otherExpenses": 33000000,
        "operatingExpenses": 351500000,
        "costAndExpenses": 1757900000,
        "interestIncome": 0,
        "interestExpense": 14600000,
        "depreciationAndAmortization": 33000000,
        "ebitda": 188000000,
        "ebitdaratio": 0.0982903749,
        "operatingIncome": 154800000,
        "operatingIncomeRatio": 0.0809327129,
        "totalOtherIncomeExpensesNet": -14400000,
        "incomeBeforeTax": 140400000,
        "incomeBeforeTaxRatio": 0.0734040885,
        "incomeTaxExpense": 46800000,
        "netIncome": 92300000,
        "netIncomeRatio": 0.0482563915,
        "eps": 1.24,
        "epsdiluted": 1.23,
        "weightedAverageShsOut": 74435484,
        "weightedAverageShsOutDil": 75040650,
        "link": "https://www.sec.gov/Archives/edgar/data/861884/000119312511130669/0001193125-11-130669-index.htm",
        "finalLink": "https://www.sec.gov/Archives/edgar/data/861884/000119312511130669/d10q.htm"
    },
    {
        "date": "2010-12-31",
        "symbol": "RS",
        "reportedCurrency": "USD",
        "cik": "0000861884",
        "fillingDate": "2011-02-25",
        "acceptedDate": "2011-02-25 16:57:51",
        "calendarYear": "2010",
        "period": "Q4",
        "revenue": 1584337000,
        "costOfRevenue": 1190486000,
        "grossProfit": 393851000,
        "grossProfitRatio": 0.2485904198,
        "researchAndDevelopmentExpenses": 0,
        "generalAndAdministrativeExpenses": 283988000,
        "sellingAndMarketingExpenses": 0,
        "sellingGeneralAndAdministrativeExpenses": 283988000,
        "otherExpenses": 31701000,
        "operatingExpenses": 315689000,
        "costAndExpenses": 1506175000,
        "interestIncome": 0,
        "interestExpense": 15169000,
        "depreciationAndAmortization": 31701000,
        "ebitda": 107341000,
        "ebitdaratio": 0.0677513686,
        "operatingIncome": 78162000,
        "operatingIncomeRatio": 0.049334201,
        "totalOtherIncomeExpensesNet": -17691000,
        "incomeBeforeTax": 60471000,
        "incomeBeforeTaxRatio": 0.038168016,
        "incomeTaxExpense": 19699000,
        "netIncome": 39454000,
        "netIncomeRatio": 0.0249025302,
        "eps": 0.53,
        "epsdiluted": 0.53,
        "weightedAverageShsOut": 74435484,
        "weightedAverageShsOutDil": 74435484,
        "link": "https://www.sec.gov/Archives/edgar/data/861884/000119312511047561/0001193125-11-047561-index.htm",
        "finalLink": "https://www.sec.gov/Archives/edgar/data/861884/000119312511047561/d10k.htm"
    },
    {
        "date": "2010-09-30",
        "symbol": "RS",
        "reportedCurrency": "USD",
        "cik": "0000861884",
        "fillingDate": "2010-11-05",
        "acceptedDate": "2010-11-05 15:34:41",
        "calendarYear": "2010",
        "period": "Q3",
        "revenue": 1653798000,
        "costOfRevenue": 1257629000,
        "grossProfit": 396169000,
        "grossProfitRatio": 0.2395510213,
        "researchAndDevelopmentExpenses": 0,
        "generalAndAdministrativeExpenses": 278135000,
        "sellingAndMarketingExpenses": 0,
        "sellingGeneralAndAdministrativeExpenses": 278135000,
        "otherExpenses": 29847000,
        "operatingExpenses": 307982000,
        "costAndExpenses": 1565611000,
        "interestIncome": 0,
        "interestExpense": 15276000,
        "depreciationAndAmortization": 29847000,
        "ebitda": 118500000,
        "ebitdaratio": 0.0716532491,
        "operatingIncome": 88187000,
        "operatingIncomeRatio": 0.0533239247,
        "totalOtherIncomeExpensesNet": -14787000,
        "incomeBeforeTax": 73424000,
        "incomeBeforeTaxRatio": 0.0443971997,
        "incomeTaxExpense": 24139000,
        "netIncome": 48700000,
        "netIncomeRatio": 0.029447369,
        "eps": 0.65,
        "epsdiluted": 0.65,
        "weightedAverageShsOut": 74292161,
        "weightedAverageShsOutDil": 74400359,
        "link": "https://www.sec.gov/Archives/edgar/data/861884/000119312510249985/0001193125-10-249985-index.htm",
        "finalLink": "https://www.sec.gov/Archives/edgar/data/861884/000119312510249985/d10q.htm"
    },
    {
        "date": "2010-06-30",
        "symbol": "RS",
        "reportedCurrency": "USD",
        "cik": "0000861884",
        "fillingDate": "2010-08-06",
        "acceptedDate": "2010-08-06 15:48:01",
        "calendarYear": "2010",
        "period": "Q2",
        "revenue": 1620585000,
        "costOfRevenue": 1203810000,
        "grossProfit": 416775000,
        "grossProfitRatio": 0.2571756495,
        "researchAndDevelopmentExpenses": 0,
        "generalAndAdministrativeExpenses": 272187000,
        "sellingAndMarketingExpenses": 0,
        "sellingGeneralAndAdministrativeExpenses": 272187000,
        "otherExpenses": 29977000,
        "operatingExpenses": 302164000,
        "costAndExpenses": 1505974000,
        "interestIncome": 0,
        "interestExpense": 15647000,
        "depreciationAndAmortization": 29977000,
        "ebitda": 142300000,
        "ebitdaratio": 0.0878077978,
        "operatingIncome": 114611000,
        "operatingIncomeRatio": 0.0707219924,
        "totalOtherIncomeExpensesNet": -17911000,
        "incomeBeforeTax": 96728000,
        "incomeBeforeTaxRatio": 0.0596870883,
        "incomeTaxExpense": 33923000,
        "netIncome": 61500000,
        "netIncomeRatio": 0.0379492591,
        "eps": 0.83,
        "epsdiluted": 0.83,
        "weightedAverageShsOut": 74220164,
        "weightedAverageShsOutDil": 74517743,
        "link": "https://www.sec.gov/Archives/edgar/data/861884/000119312510181299/0001193125-10-181299-index.htm",
        "finalLink": "https://www.sec.gov/Archives/edgar/data/861884/000119312510181299/d10q.htm"
    },
    {
        "date": "2010-03-31",
        "symbol": "RS",
        "reportedCurrency": "USD",
        "cik": "0000861884",
        "fillingDate": "2010-05-07",
        "acceptedDate": "2010-05-06 19:02:50",
        "calendarYear": "2010",
        "period": "Q1",
        "revenue": 1454075000,
        "costOfRevenue": 1075962000,
        "grossProfit": 378113000,
        "grossProfitRatio": 0.2600367932,
        "researchAndDevelopmentExpenses": 0,
        "generalAndAdministrativeExpenses": 269274000,
        "sellingAndMarketingExpenses": 0,
        "sellingGeneralAndAdministrativeExpenses": 269274000,
        "otherExpenses": 29078000,
        "operatingExpenses": 298352000,
        "costAndExpenses": 1374314000,
        "interestIncome": 0,
        "interestExpense": 15083000,
        "depreciationAndAmortization": 29078000,
        "ebitda": 110000000,
        "ebitdaratio": 0.0756494679,
        "operatingIncome": 79761000,
        "operatingIncomeRatio": 0.0548534292,
        "totalOtherIncomeExpensesNet": -13961000,
        "incomeBeforeTax": 65805000,
        "incomeBeforeTaxRatio": 0.0452555748,
        "incomeTaxExpense": 20818000,
        "netIncome": 44700000,
        "netIncomeRatio": 0.0307411929,
        "eps": 0.6,
        "epsdiluted": 0.6,
        "weightedAverageShsOut": 73862445,
        "weightedAverageShsOutDil": 74184403,
        "link": "https://www.sec.gov/Archives/edgar/data/861884/000119312510111266/0001193125-10-111266-index.htm",
        "finalLink": "https://www.sec.gov/Archives/edgar/data/861884/000119312510111266/d10q.htm"
    },
    {
        "date": "2009-12-31",
        "symbol": "RS",
        "reportedCurrency": "USD",
        "cik": "0000861884",
        "fillingDate": "2010-02-26",
        "acceptedDate": "2010-02-26 17:15:32",
        "calendarYear": "2009",
        "period": "Q4",
        "revenue": 1273246000,
        "costOfRevenue": 867521000,
        "grossProfit": 405725000,
        "grossProfitRatio": 0.3186540543,
        "researchAndDevelopmentExpenses": 0,
        "generalAndAdministrativeExpenses": 253975000,
        "sellingAndMarketingExpenses": 0,
        "sellingGeneralAndAdministrativeExpenses": 253975000,
        "otherExpenses": 29032000,
        "operatingExpenses": 283007000,
        "costAndExpenses": 1150528000,
        "interestIncome": 0,
        "interestExpense": 15593000,
        "depreciationAndAmortization": 29032000,
        "ebitda": 157474000,
        "ebitdaratio": 0.1236791633,
        "operatingIncome": 122718000,
        "operatingIncomeRatio": 0.0963820032,
        "totalOtherIncomeExpensesNet": -9869000,
        "incomeBeforeTax": 112849000,
        "incomeBeforeTaxRatio": 0.088630948,
        "incomeTaxExpense": 20582000,
        "netIncome": 92070000,
        "netIncomeRatio": 0.0723112423,
        "eps": 1.25,
        "epsdiluted": 1.25,
        "weightedAverageShsOut": 73609203,
        "weightedAverageShsOutDil": 73862445,
        "link": "https://www.sec.gov/Archives/edgar/data/861884/000095012310018335/0000950123-10-018335-index.htm",
        "finalLink": "https://www.sec.gov/Archives/edgar/data/861884/000095012310018335/v55324e10vk.htm"
    },
    {
        "date": "2009-09-30",
        "symbol": "RS",
        "reportedCurrency": "USD",
        "cik": "0000861884",
        "fillingDate": "2009-11-06",
        "acceptedDate": "2009-11-06 16:34:13",
        "calendarYear": "2009",
        "period": "Q3",
        "revenue": 1243373000,
        "costOfRevenue": 886904000,
        "grossProfit": 356469000,
        "grossProfitRatio": 0.286695143,
        "researchAndDevelopmentExpenses": 0,
        "generalAndAdministrativeExpenses": 251761000,
        "sellingAndMarketingExpenses": 0,
        "sellingGeneralAndAdministrativeExpenses": 251761000,
        "otherExpenses": 30425000,
        "operatingExpenses": 282186000,
        "costAndExpenses": 1169090000,
        "interestIncome": 0,
        "interestExpense": 15916000,
        "depreciationAndAmortization": 30425000,
        "ebitda": 107852000,
        "ebitdaratio": 0.0867414686,
        "operatingIncome": 74283000,
        "operatingIncomeRatio": 0.0597431342,
        "totalOtherIncomeExpensesNet": -12772000,
        "incomeBeforeTax": 61511000,
        "incomeBeforeTaxRatio": 0.0494710759,
        "incomeTaxExpense": 19434000,
        "netIncome": 41757000,
        "netIncomeRatio": 0.0335836471,
        "eps": 0.57,
        "epsdiluted": 0.57,
        "weightedAverageShsOut": 73478197,
        "weightedAverageShsOutDil": 73784086,
        "link": "https://www.sec.gov/Archives/edgar/data/861884/000095012309059356/0000950123-09-059356-index.htm",
        "finalLink": "https://www.sec.gov/Archives/edgar/data/861884/000095012309059356/v54269e10vq.htm"
    },
    {
        "date": "2009-06-30",
        "symbol": "RS",
        "reportedCurrency": "USD",
        "cik": "0000861884",
        "fillingDate": "2009-08-07",
        "acceptedDate": "2009-08-07 15:01:04",
        "calendarYear": "2009",
        "period": "Q2",
        "revenue": 1242978000,
        "costOfRevenue": 960093000,
        "grossProfit": 282885000,
        "grossProfitRatio": 0.2275864899,
        "researchAndDevelopmentExpenses": 0,
        "generalAndAdministrativeExpenses": 247875000,
        "sellingAndMarketingExpenses": 0,
        "sellingGeneralAndAdministrativeExpenses": 247875000,
        "otherExpenses": 29580000,
        "operatingExpenses": 277455000,
        "costAndExpenses": 1237548000,
        "interestIncome": 0,
        "interestExpense": 16698000,
        "depreciationAndAmortization": 29580000,
        "ebitda": 36842000,
        "ebitdaratio": 0.0296401063,
        "operatingIncome": 5430000,
        "operatingIncomeRatio": 0.0043685407,
        "totalOtherIncomeExpensesNet": -14866000,
        "incomeBeforeTax": -9436000,
        "incomeBeforeTaxRatio": -0.0075914457,
        "incomeTaxExpense": -3880000,
        "netIncome": -5787000,
        "netIncomeRatio": -0.0046557542,
        "eps": -0.0789,
        "epsdiluted": -0.0789,
        "weightedAverageShsOut": 73376023,
        "weightedAverageShsOutDil": 73376023,
        "link": "https://www.sec.gov/Archives/edgar/data/861884/000095012309032002/0000950123-09-032002-index.htm",
        "finalLink": "https://www.sec.gov/Archives/edgar/data/861884/000095012309032002/v53406e10vq.htm"
    },
    {
        "date": "2009-03-31",
        "symbol": "RS",
        "reportedCurrency": "USD",
        "cik": "0000861884",
        "fillingDate": "2009-05-08",
        "acceptedDate": "2009-05-08 16:48:28",
        "calendarYear": "2009",
        "period": "Q1",
        "revenue": 1558535000,
        "costOfRevenue": 1204093000,
        "grossProfit": 354442000,
        "grossProfitRatio": 0.2274199809,
        "researchAndDevelopmentExpenses": 0,
        "generalAndAdministrativeExpenses": 276634000,
        "sellingAndMarketingExpenses": 0,
        "sellingGeneralAndAdministrativeExpenses": 276634000,
        "otherExpenses": 29847000,
        "operatingExpenses": 306481000,
        "costAndExpenses": 1510574000,
        "interestIncome": 0,
        "interestExpense": 19316000,
        "depreciationAndAmortization": 29847000,
        "ebitda": 79732000,
        "ebitdaratio": 0.0511582993,
        "operatingIncome": 47961000,
        "operatingIncomeRatio": 0.0307731299,
        "totalOtherIncomeExpensesNet": -17392000,
        "incomeBeforeTax": 30569000,
        "incomeBeforeTaxRatio": 0.0196139323,
        "incomeTaxExpense": 10181000,
        "netIncome": 20118000,
        "netIncomeRatio": 0.012908276,
        "eps": 0.27,
        "epsdiluted": 0.27,
        "weightedAverageShsOut": 73317140,
        "weightedAverageShsOutDil": 73323713,
        "link": "https://www.sec.gov/Archives/edgar/data/861884/000095013409010143/0000950134-09-010143-index.htm",
        "finalLink": "https://www.sec.gov/Archives/edgar/data/861884/000095013409010143/v52436e10vq.htm"
    },
    {
        "date": "2008-12-31",
        "symbol": "RS",
        "reportedCurrency": "USD",
        "cik": "0000861884",
        "fillingDate": "2009-02-27",
        "acceptedDate": "2009-02-27 16:39:41",
        "calendarYear": "2008",
        "period": "Q4",
        "revenue": 2142770000,
        "costOfRevenue": 1683935000,
        "grossProfit": 458835000,
        "grossProfitRatio": 0.214131708,
        "researchAndDevelopmentExpenses": 0,
        "generalAndAdministrativeExpenses": 303481000,
        "sellingAndMarketingExpenses": 0,
        "sellingGeneralAndAdministrativeExpenses": 303481000,
        "otherExpenses": 28104000,
        "operatingExpenses": 331585000,
        "costAndExpenses": 2015520000,
        "interestIncome": 0,
        "interestExpense": 0,
        "depreciationAndAmortization": 28104000,
        "ebitda": 150656000,
        "ebitdaratio": 0.0703089926,
        "operatingIncome": 127250000,
        "operatingIncomeRatio": 0.0593857484,
        "totalOtherIncomeExpensesNet": -29646000,
        "incomeBeforeTax": 97604000,
        "incomeBeforeTaxRatio": 0.0455503857,
        "incomeTaxExpense": 31316000,
        "netIncome": 66288000,
        "netIncomeRatio": 0.0309356581,
        "eps": 0.9,
        "epsdiluted": 0.9,
        "weightedAverageShsOut": 73294440,
        "weightedAverageShsOutDil": 73317140,
        "link": "https://www.sec.gov/Archives/edgar/data/861884/000095013409004031/0000950134-09-004031-index.htm",
        "finalLink": "https://www.sec.gov/Archives/edgar/data/861884/000095013409004031/v51578e10vk.htm"
    },
    {
        "date": "2008-09-30",
        "symbol": "RS",
        "reportedCurrency": "USD",
        "cik": "0000861884",
        "fillingDate": "2008-11-07",
        "acceptedDate": "2008-11-07 17:20:51",
        "calendarYear": "2008",
        "period": "Q3",
        "revenue": 2572836000,
        "costOfRevenue": 1948788000,
        "grossProfit": 624048000,
        "grossProfitRatio": 0.2425525762,
        "researchAndDevelopmentExpenses": 0,
        "generalAndAdministrativeExpenses": 328446000,
        "sellingAndMarketingExpenses": 0,
        "sellingGeneralAndAdministrativeExpenses": 328446000,
        "otherExpenses": 27010000,
        "operatingExpenses": 355456000,
        "costAndExpenses": 2304244000,
        "interestIncome": 0,
        "interestExpense": 23899000,
        "depreciationAndAmortization": 27010000,
        "ebitda": 295670000,
        "ebitdaratio": 0.1149198783,
        "operatingIncome": 268592000,
        "operatingIncomeRatio": 0.1043953054,
        "totalOtherIncomeExpensesNet": -23343000,
        "incomeBeforeTax": 244625000,
        "incomeBeforeTaxRatio": 0.095079904,
        "incomeTaxExpense": 92127000,
        "netIncome": 152498000,
        "netIncomeRatio": 0.0592723361,
        "eps": 2.08,
        "epsdiluted": 2.07,
        "weightedAverageShsOut": 73238881,
        "weightedAverageShsOutDil": 73775991,
        "link": "https://www.sec.gov/Archives/edgar/data/861884/000095015008000031/0000950150-08-000031-index.htm",
        "finalLink": "https://www.sec.gov/Archives/edgar/data/861884/000095015008000031/v50430e10vq.htm"
    },
    {
        "date": "2008-06-30",
        "symbol": "RS",
        "reportedCurrency": "USD",
        "cik": "0000861884",
        "fillingDate": "2008-07-23",
        "acceptedDate": "2008-07-23 08:51:03",
        "calendarYear": "2008",
        "period": "Q2",
        "revenue": 2095068000,
        "costOfRevenue": 1508134000,
        "grossProfit": 586934000,
        "grossProfitRatio": 0.280150334,
        "researchAndDevelopmentExpenses": 0,
        "generalAndAdministrativeExpenses": 297582000,
        "sellingAndMarketingExpenses": 0,
        "sellingGeneralAndAdministrativeExpenses": 297582000,
        "otherExpenses": 21445000,
        "operatingExpenses": 319027000,
        "costAndExpenses": 1827161000,
        "interestIncome": 0,
        "interestExpense": 16161000,
        "depreciationAndAmortization": 21445000,
        "ebitda": 289851000,
        "ebitdaratio": 0.1383492087,
        "operatingIncome": 267907000,
        "operatingIncomeRatio": 0.1278750857,
        "totalOtherIncomeExpensesNet": -16651000,
        "incomeBeforeTax": 251247000,
        "incomeBeforeTaxRatio": 0.1199230765,
        "incomeTaxExpense": 94651000,
        "netIncome": 156596000,
        "netIncomeRatio": 0.0747450679,
        "eps": 2.14,
        "epsdiluted": 2.12,
        "weightedAverageShsOut": 73015855,
        "weightedAverageShsOutDil": 73757864,
        "link": "https://www.sec.gov/Archives/edgar/data/861884/000095013408013134/0000950134-08-013134-index.htm",
        "finalLink": "https://www.sec.gov/Archives/edgar/data/861884/000095013408013134/v42354e10vq.htm"
    },
    {
        "date": "2008-03-31",
        "symbol": "RS",
        "reportedCurrency": "USD",
        "cik": "0000861884",
        "fillingDate": "2008-05-12",
        "acceptedDate": "2008-05-12 12:52:37",
        "calendarYear": "2008",
        "period": "Q1",
        "revenue": 1908170000,
        "costOfRevenue": 1415891000,
        "grossProfit": 492279000,
        "grossProfitRatio": 0.2579848756,
        "researchAndDevelopmentExpenses": 0,
        "generalAndAdministrativeExpenses": 281692000,
        "sellingAndMarketingExpenses": 0,
        "sellingGeneralAndAdministrativeExpenses": 281692000,
        "otherExpenses": 21365000,
        "operatingExpenses": 303057000,
        "costAndExpenses": 1718948000,
        "interestIncome": 0,
        "interestExpense": 16613000,
        "depreciationAndAmortization": 21365000,
        "ebitda": 210974000,
        "ebitdaratio": 0.1105635242,
        "operatingIncome": 189222000,
        "operatingIncomeRatio": 0.0991641206,
        "totalOtherIncomeExpensesNet": -17000000,
        "incomeBeforeTax": 172222000,
        "incomeBeforeTaxRatio": 0.0902550611,
        "incomeTaxExpense": 64827000,
        "netIncome": 107395000,
        "netIncomeRatio": 0.056281673,
        "eps": 1.47,
        "epsdiluted": 1.46,
        "weightedAverageShsOut": 72857477,
        "weightedAverageShsOutDil": 73548014,
        "link": "https://www.sec.gov/Archives/edgar/data/861884/000095014808000191/0000950148-08-000191-index.htm",
        "finalLink": "https://www.sec.gov/Archives/edgar/data/861884/000095014808000191/v40689e10vq.htm"
    },
    {
        "date": "2007-12-31",
        "symbol": "RS",
        "reportedCurrency": "USD",
        "cik": "0000861884",
        "fillingDate": "2008-02-29",
        "acceptedDate": "2008-02-28 19:35:28",
        "calendarYear": "2007",
        "period": "Q4",
        "revenue": 1715592000,
        "costOfRevenue": 1278056000,
        "grossProfit": 437536000,
        "grossProfitRatio": 0.2550349967,
        "researchAndDevelopmentExpenses": 0,
        "generalAndAdministrativeExpenses": 262021000,
        "sellingAndMarketingExpenses": 0,
        "sellingGeneralAndAdministrativeExpenses": 262021000,
        "otherExpenses": 22421000,
        "operatingExpenses": 284442000,
        "costAndExpenses": 1562498000,
        "interestIncome": 0,
        "interestExpense": 0,
        "depreciationAndAmortization": 22421000,
        "ebitda": 175515000,
        "ebitdaratio": 0.102305793,
        "operatingIncome": 153094000,
        "operatingIncomeRatio": 0.0892368349,
        "totalOtherIncomeExpensesNet": -23572000,
        "incomeBeforeTax": 129522000,
        "incomeBeforeTaxRatio": 0.0754969713,
        "incomeTaxExpense": 49612000,
        "netIncome": 79910000,
        "netIncomeRatio": 0.0465786737,
        "eps": 1.1,
        "epsdiluted": 1.1,
        "weightedAverageShsOut": 72857477,
        "weightedAverageShsOutDil": 72857477,
        "link": "https://www.sec.gov/Archives/edgar/data/861884/000095013408003739/0000950134-08-003739-index.htm",
        "finalLink": "https://www.sec.gov/Archives/edgar/data/861884/000095013408003739/a38525e10vk.htm"
    },
    {
        "date": "2007-09-30",
        "symbol": "RS",
        "reportedCurrency": "USD",
        "cik": "0000861884",
        "fillingDate": "2007-11-09",
        "acceptedDate": "2007-11-09 12:07:46",
        "calendarYear": "2007",
        "period": "Q3",
        "revenue": 1812092000,
        "costOfRevenue": 1372128000,
        "grossProfit": 439964000,
        "grossProfitRatio": 0.2427934123,
        "researchAndDevelopmentExpenses": 0,
        "generalAndAdministrativeExpenses": 252017000,
        "sellingAndMarketingExpenses": 0,
        "sellingGeneralAndAdministrativeExpenses": 252017000,
        "otherExpenses": 19791000,
        "operatingExpenses": 271808000,
        "costAndExpenses": 1643936000,
        "interestIncome": 0,
        "interestExpense": 0,
        "depreciationAndAmortization": 19791000,
        "ebitda": 187947000,
        "ebitdaratio": 0.1037182439,
        "operatingIncome": 168156000,
        "operatingIncomeRatio": 0.092796613,
        "totalOtherIncomeExpensesNet": -18454000,
        "incomeBeforeTax": 149702000,
        "incomeBeforeTaxRatio": 0.0826128033,
        "incomeTaxExpense": 56137000,
        "netIncome": 93565000,
        "netIncomeRatio": 0.0516336919,
        "eps": 1.24,
        "epsdiluted": 1.22,
        "weightedAverageShsOut": 75609783,
        "weightedAverageShsOutDil": 76476928,
        "link": "https://www.sec.gov/Archives/edgar/data/861884/000095013407023471/0000950134-07-023471-index.htm",
        "finalLink": "https://www.sec.gov/Archives/edgar/data/861884/000095013407023471/a35405e10vq.htm"
    },
    {
        "date": "2007-06-30",
        "symbol": "RS",
        "reportedCurrency": "USD",
        "cik": "0000861884",
        "fillingDate": "2007-08-09",
        "acceptedDate": "2007-08-09 11:03:35",
        "calendarYear": "2007",
        "period": "Q2",
        "revenue": 1898369000,
        "costOfRevenue": 1398539000,
        "grossProfit": 499830000,
        "grossProfitRatio": 0.2632944385,
        "researchAndDevelopmentExpenses": 0,
        "generalAndAdministrativeExpenses": 264549000,
        "sellingAndMarketingExpenses": 0,
        "sellingGeneralAndAdministrativeExpenses": 264549000,
        "otherExpenses": 19210000,
        "operatingExpenses": 283759000,
        "costAndExpenses": 1682298000,
        "interestIncome": 0,
        "interestExpense": 0,
        "depreciationAndAmortization": 19210000,
        "ebitda": 232948000,
        "ebitdaratio": 0.122709547,
        "operatingIncome": 216071000,
        "operatingIncomeRatio": 0.1138192838,
        "totalOtherIncomeExpensesNet": -17282000,
        "incomeBeforeTax": 196456000,
        "incomeBeforeTaxRatio": 0.1034867299,
        "incomeTaxExpense": 73672000,
        "netIncome": 122784000,
        "netIncomeRatio": 0.0646786794,
        "eps": 1.61,
        "epsdiluted": 1.59,
        "weightedAverageShsOut": 76219670,
        "weightedAverageShsOutDil": 77181651,
        "link": "https://www.sec.gov/Archives/edgar/data/861884/000095013407017470/0000950134-07-017470-index.htm",
        "finalLink": "https://www.sec.gov/Archives/edgar/data/861884/000095013407017470/a32807e10vq.htm"
    },
    {
        "date": "2007-03-31",
        "symbol": "RS",
        "reportedCurrency": "USD",
        "cik": "0000861884",
        "fillingDate": "2007-05-10",
        "acceptedDate": "2007-05-10 11:55:48",
        "calendarYear": "2007",
        "period": "Q1",
        "revenue": 1842264000,
        "costOfRevenue": 1369438000,
        "grossProfit": 472826000,
        "grossProfitRatio": 0.2566548551,
        "researchAndDevelopmentExpenses": 0,
        "generalAndAdministrativeExpenses": 255552000,
        "sellingAndMarketingExpenses": 0,
        "sellingGeneralAndAdministrativeExpenses": 255552000,
        "otherExpenses": 18451000,
        "operatingExpenses": 274003000,
        "costAndExpenses": 1643441000,
        "interestIncome": 0,
        "interestExpense": 0,
        "depreciationAndAmortization": 18451000,
        "ebitda": 1568261000,
        "ebitdaratio": 0.8512683307,
        "operatingIncome": 198823000,
        "operatingIncomeRatio": 0.1079231858,
        "totalOtherIncomeExpensesNet": -20110000,
        "incomeBeforeTax": 178713000,
        "incomeBeforeTaxRatio": 0.0970072693,
        "incomeTaxExpense": 67017000,
        "netIncome": 111696000,
        "netIncomeRatio": 0.0606297469,
        "eps": 1.47,
        "epsdiluted": 1.46,
        "weightedAverageShsOut": 75862219,
        "weightedAverageShsOutDil": 76452752,
        "link": "https://www.sec.gov/Archives/edgar/data/861884/000095013407011029/0000950134-07-011029-index.htm",
        "finalLink": "https://www.sec.gov/Archives/edgar/data/861884/000095013407011029/a30137e10vq.htm"
    },
    {
        "date": "2006-12-31",
        "symbol": "RS",
        "reportedCurrency": "USD",
        "cik": "0000861884",
        "fillingDate": "2007-03-01",
        "acceptedDate": "2007-03-01 14:39:45",
        "calendarYear": "2006",
        "period": "Q4",
        "revenue": 1571319000,
        "costOfRevenue": 1180097000,
        "grossProfit": 391222000,
        "grossProfitRatio": 0.248976815,
        "researchAndDevelopmentExpenses": 0,
        "generalAndAdministrativeExpenses": 234368000,
        "sellingAndMarketingExpenses": 0,
        "sellingGeneralAndAdministrativeExpenses": 234368000,
        "otherExpenses": 17342000,
        "operatingExpenses": 251710000,
        "costAndExpenses": 1431807000,
        "interestIncome": 0,
        "interestExpense": 0,
        "depreciationAndAmortization": 16972000,
        "ebitda": 154727000,
        "ebitdaratio": 0.0984695024,
        "operatingIncome": 139512000,
        "operatingIncomeRatio": 0.0887865545,
        "totalOtherIncomeExpensesNet": -19775000,
        "incomeBeforeTax": 119737000,
        "incomeBeforeTaxRatio": 0.0762015861,
        "incomeTaxExpense": 45095000,
        "netIncome": 74642000,
        "netIncomeRatio": 0.0475027668,
        "eps": 0.98,
        "epsdiluted": 0.98,
        "weightedAverageShsOut": 75589071,
        "weightedAverageShsOutDil": 75862219,
        "link": "https://www.sec.gov/Archives/edgar/data/861884/000095013407004550/0000950134-07-004550-index.htm",
        "finalLink": "https://www.sec.gov/Archives/edgar/data/861884/000095013407004550/a27894e10vk.htm"
    },
    {
        "date": "2006-09-30",
        "symbol": "RS",
        "reportedCurrency": "USD",
        "cik": "0000861884",
        "fillingDate": "2006-11-03",
        "acceptedDate": "2006-11-03 16:53:00",
        "calendarYear": "2006",
        "period": "Q3",
        "revenue": 1628195000,
        "costOfRevenue": 1194139000,
        "grossProfit": 434056000,
        "grossProfitRatio": 0.2665872331,
        "researchAndDevelopmentExpenses": 0,
        "generalAndAdministrativeExpenses": 224703000,
        "sellingAndMarketingExpenses": 0,
        "sellingGeneralAndAdministrativeExpenses": 224703000,
        "otherExpenses": 16511000,
        "operatingExpenses": 241214000,
        "costAndExpenses": 1435353000,
        "interestIncome": 0,
        "interestExpense": 0,
        "depreciationAndAmortization": 15624000,
        "ebitda": 207426000,
        "ebitdaratio": 0.1273962885,
        "operatingIncome": 192842000,
        "operatingIncomeRatio": 0.1184391304,
        "totalOtherIncomeExpensesNet": -17522000,
        "incomeBeforeTax": 173393000,
        "incomeBeforeTaxRatio": 0.106494001,
        "incomeTaxExpense": 65888000,
        "netIncome": 107505000,
        "netIncomeRatio": 0.0660271036,
        "eps": 1.42,
        "epsdiluted": 1.41,
        "weightedAverageShsOut": 75451585,
        "weightedAverageShsOutDil": 76016596,
        "link": "https://www.sec.gov/Archives/edgar/data/861884/000095013406020439/0000950134-06-020439-index.htm",
        "finalLink": "https://www.sec.gov/Archives/edgar/data/861884/000095013406020439/a24797e10vq.htm"
    },
    {
        "date": "2006-06-30",
        "symbol": "RS",
        "reportedCurrency": "USD",
        "cik": "0000861884",
        "fillingDate": "2006-08-09",
        "acceptedDate": "2006-08-09 13:18:34",
        "calendarYear": "2006",
        "period": "Q2",
        "revenue": 1559598000,
        "costOfRevenue": 1139349000,
        "grossProfit": 420249000,
        "grossProfitRatio": 0.2694598223,
        "researchAndDevelopmentExpenses": 0,
        "generalAndAdministrativeExpenses": 225267000,
        "sellingAndMarketingExpenses": 0,
        "sellingGeneralAndAdministrativeExpenses": 225267000,
        "otherExpenses": 16800000,
        "operatingExpenses": 242067000,
        "costAndExpenses": 1381416000,
        "interestIncome": 0,
        "interestExpense": 0,
        "depreciationAndAmortization": 15908000,
        "ebitda": 194897000,
        "ebitdaratio": 0.1249661772,
        "operatingIncome": 178182000,
        "operatingIncomeRatio": 0.1142486718,
        "totalOtherIncomeExpensesNet": -17018000,
        "incomeBeforeTax": 161164000,
        "incomeBeforeTaxRatio": 0.1033368855,
        "incomeTaxExpense": 60659000,
        "netIncome": 100505000,
        "netIncomeRatio": 0.0644428885,
        "eps": 1.34,
        "epsdiluted": 1.32,
        "weightedAverageShsOut": 75115438,
        "weightedAverageShsOutDil": 75874992,
        "link": "https://www.sec.gov/Archives/edgar/data/861884/000095013406015453/0000950134-06-015453-index.htm",
        "finalLink": "https://www.sec.gov/Archives/edgar/data/861884/000095013406015453/a22894e10vq.htm"
    },
    {
        "date": "2006-03-31",
        "symbol": "RS",
        "reportedCurrency": "USD",
        "cik": "0000861884",
        "fillingDate": "2006-05-09",
        "acceptedDate": "2006-05-09 14:44:04",
        "calendarYear": "2006",
        "period": "Q1",
        "revenue": 989264000,
        "costOfRevenue": 717801000,
        "grossProfit": 271463000,
        "grossProfitRatio": 0.2744090556,
        "researchAndDevelopmentExpenses": 0,
        "generalAndAdministrativeExpenses": 137048000,
        "sellingAndMarketingExpenses": 0,
        "sellingGeneralAndAdministrativeExpenses": 137048000,
        "otherExpenses": 11821000,
        "operatingExpenses": 148869000,
        "costAndExpenses": 866670000,
        "interestIncome": 0,
        "interestExpense": 0,
        "depreciationAndAmortization": 11821000,
        "ebitda": 133090000,
        "ebitdaratio": 0.1345343609,
        "operatingIncome": 122594000,
        "operatingIncomeRatio": 0.1239244529,
        "totalOtherIncomeExpensesNet": -4431000,
        "incomeBeforeTax": 116838000,
        "incomeBeforeTaxRatio": 0.1181059859,
        "incomeTaxExpense": 44983000,
        "netIncome": 71855000,
        "netIncomeRatio": 0.0726348073,
        "eps": 1.08,
        "epsdiluted": 1.07,
        "weightedAverageShsOut": 66279524,
        "weightedAverageShsOutDil": 67196664,
        "link": "https://www.sec.gov/Archives/edgar/data/861884/000095012906005181/0000950129-06-005181-index.htm",
        "finalLink": "https://www.sec.gov/Archives/edgar/data/861884/000095012906005181/a20335e10vq.htm"
    },
    {
        "date": "2005-12-31",
        "symbol": "RS",
        "reportedCurrency": "USD",
        "cik": "0000861884",
        "fillingDate": "2006-03-15",
        "acceptedDate": "2006-03-15 06:03:37",
        "calendarYear": "2005",
        "period": "Q4",
        "revenue": 869640000,
        "costOfRevenue": 617526000,
        "grossProfit": 252114000,
        "grossProfitRatio": 0.2899061681,
        "researchAndDevelopmentExpenses": 0,
        "generalAndAdministrativeExpenses": 132292000,
        "sellingAndMarketingExpenses": 0,
        "sellingGeneralAndAdministrativeExpenses": 132292000,
        "otherExpenses": 11825000,
        "operatingExpenses": 144117000,
        "costAndExpenses": 761643000,
        "interestIncome": 0,
        "interestExpense": 0,
        "depreciationAndAmortization": 11825000,
        "ebitda": 119822000,
        "ebitdaratio": 0.1377834506,
        "operatingIncome": 107997000,
        "operatingIncomeRatio": 0.12418587,
        "totalOtherIncomeExpensesNet": -8413000,
        "incomeBeforeTax": 99584000,
        "incomeBeforeTaxRatio": 0.114511752,
        "incomeTaxExpense": 38996000,
        "netIncome": 60588000,
        "netIncomeRatio": 0.0696702084,
        "eps": 0.91,
        "epsdiluted": 0.91,
        "weightedAverageShsOut": 66147916,
        "weightedAverageShsOutDil": 66279524,
        "link": "https://www.sec.gov/Archives/edgar/data/861884/000095013406005093/0000950134-06-005093-index.htm",
        "finalLink": "https://www.sec.gov/Archives/edgar/data/861884/000095013406005093/a18560e10vk.htm"
    },
    {
        "date": "2005-09-30",
        "symbol": "RS",
        "reportedCurrency": "USD",
        "cik": "0000861884",
        "fillingDate": "2005-11-09",
        "acceptedDate": "2005-11-09 12:00:44",
        "calendarYear": "2005",
        "period": "Q3",
        "revenue": 871469000,
        "costOfRevenue": 641396000,
        "grossProfit": 230073000,
        "grossProfitRatio": 0.2640059486,
        "researchAndDevelopmentExpenses": 0,
        "generalAndAdministrativeExpenses": 130260000,
        "sellingAndMarketingExpenses": 0,
        "sellingGeneralAndAdministrativeExpenses": 130260000,
        "otherExpenses": 11537000,
        "operatingExpenses": 141797000,
        "costAndExpenses": 783193000,
        "interestIncome": 0,
        "interestExpense": 0,
        "depreciationAndAmortization": 11537000,
        "ebitda": 99813000,
        "ebitdaratio": 0.1145341946,
        "operatingIncome": 88276000,
        "operatingIncomeRatio": 0.1012956284,
        "totalOtherIncomeExpensesNet": -8538000,
        "incomeBeforeTax": 79738000,
        "incomeBeforeTaxRatio": 0.091498378,
        "incomeTaxExpense": 30301000,
        "netIncome": 49437000,
        "netIncomeRatio": 0.0567283518,
        "eps": 0.75,
        "epsdiluted": 0.75,
        "weightedAverageShsOut": 65933804,
        "weightedAverageShsOutDil": 66332166,
        "link": "https://www.sec.gov/Archives/edgar/data/861884/000095012905010781/0000950129-05-010781-index.htm",
        "finalLink": "https://www.sec.gov/Archives/edgar/data/861884/000095012905010781/a14127e10vq.htm"
    },
    {
        "date": "2005-06-30",
        "symbol": "RS",
        "reportedCurrency": "USD",
        "cik": "0000861884",
        "fillingDate": "2005-08-09",
        "acceptedDate": "2005-08-09 14:48:33",
        "calendarYear": "2005",
        "period": "Q2",
        "revenue": 817041000,
        "costOfRevenue": 594107000,
        "grossProfit": 222934000,
        "grossProfitRatio": 0.2728553402,
        "researchAndDevelopmentExpenses": 0,
        "generalAndAdministrativeExpenses": 123571000,
        "sellingAndMarketingExpenses": 0,
        "sellingGeneralAndAdministrativeExpenses": 123571000,
        "otherExpenses": 12107000,
        "operatingExpenses": 135678000,
        "costAndExpenses": 729785000,
        "interestIncome": 0,
        "interestExpense": 0,
        "depreciationAndAmortization": 12107000,
        "ebitda": 99363000,
        "ebitdaratio": 0.1216132361,
        "operatingIncome": 87256000,
        "operatingIncomeRatio": 0.1067951302,
        "totalOtherIncomeExpensesNet": -8146000,
        "incomeBeforeTax": 79110000,
        "incomeBeforeTaxRatio": 0.0968250063,
        "incomeTaxExpense": 30061000,
        "netIncome": 49049000,
        "netIncomeRatio": 0.0600324831,
        "eps": 0.75,
        "epsdiluted": 0.74,
        "weightedAverageShsOut": 65831694,
        "weightedAverageShsOutDil": 66172204,
        "link": "https://www.sec.gov/Archives/edgar/data/861884/000095012905007993/0000950129-05-007993-index.htm",
        "finalLink": "https://www.sec.gov/Archives/edgar/data/861884/000095012905007993/a11505e10vq.htm"
    },
    {
        "date": "2005-03-31",
        "symbol": "RS",
        "reportedCurrency": "USD",
        "cik": "0000861884",
        "fillingDate": "2005-05-09",
        "acceptedDate": "2005-05-09 17:17:26",
        "calendarYear": "2005",
        "period": "Q1",
        "revenue": 812572000,
        "costOfRevenue": 595971000,
        "grossProfit": 216601000,
        "grossProfitRatio": 0.2665622246,
        "researchAndDevelopmentExpenses": 0,
        "generalAndAdministrativeExpenses": 121782000,
        "sellingAndMarketingExpenses": 0,
        "sellingGeneralAndAdministrativeExpenses": 121782000,
        "otherExpenses": 11162000,
        "operatingExpenses": 132944000,
        "costAndExpenses": 728915000,
        "interestIncome": 0,
        "interestExpense": 0,
        "depreciationAndAmortization": 11162000,
        "ebitda": 94819000,
        "ebitdaratio": 0.1166899672,
        "operatingIncome": 83657000,
        "operatingIncomeRatio": 0.1029533383,
        "totalOtherIncomeExpensesNet": -8877000,
        "incomeBeforeTax": 74780000,
        "incomeBeforeTaxRatio": 0.0920287679,
        "incomeTaxExpense": 28417000,
        "netIncome": 46363000,
        "netIncomeRatio": 0.0570570977,
        "eps": 0.71,
        "epsdiluted": 0.71,
        "weightedAverageShsOut": 65562782,
        "weightedAverageShsOutDil": 65945186,
        "link": "https://www.sec.gov/Archives/edgar/data/861884/000095012905004956/0000950129-05-004956-index.htm",
        "finalLink": "https://www.sec.gov/Archives/edgar/data/861884/000095012905004956/a08973e10vq.htm"
    },
    {
        "date": "2004-12-31",
        "symbol": "RS",
        "reportedCurrency": "USD",
        "cik": "0000861884",
        "fillingDate": "2005-03-15",
        "acceptedDate": "2005-03-15 17:25:25",
        "calendarYear": "2004",
        "period": "Q4",
        "revenue": 744611000,
        "costOfRevenue": 541452000,
        "grossProfit": 203159000,
        "grossProfitRatio": 0.2728391066,
        "researchAndDevelopmentExpenses": 0,
        "generalAndAdministrativeExpenses": 123611000,
        "sellingAndMarketingExpenses": 0,
        "sellingGeneralAndAdministrativeExpenses": 123611000,
        "otherExpenses": 11481000,
        "operatingExpenses": 135092000,
        "costAndExpenses": 676544000,
        "interestIncome": 0,
        "interestExpense": 0,
        "depreciationAndAmortization": 11481000,
        "ebitda": 79548000,
        "ebitdaratio": 0.1068316208,
        "operatingIncome": 68067000,
        "operatingIncomeRatio": 0.0914128317,
        "totalOtherIncomeExpensesNet": -7158000,
        "incomeBeforeTax": 60909000,
        "incomeBeforeTaxRatio": 0.0817997585,
        "incomeTaxExpense": 17957000,
        "netIncome": 42952000,
        "netIncomeRatio": 0.0576838107,
        "eps": 0.66,
        "epsdiluted": 0.66,
        "weightedAverageShsOut": 65266324,
        "weightedAverageShsOutDil": 65562782,
        "link": "https://www.sec.gov/Archives/edgar/data/861884/000095012905002444/0000950129-05-002444-index.htm",
        "finalLink": "https://www.sec.gov/Archives/edgar/data/861884/000095012905002444/a06871e10vk.htm"
    },
    {
        "date": "2004-09-30",
        "symbol": "RS",
        "reportedCurrency": "USD",
        "cik": "0000861884",
        "fillingDate": "2004-11-08",
        "acceptedDate": "2004-11-08 14:09:21",
        "calendarYear": "2004",
        "period": "Q3",
        "revenue": 784153000,
        "costOfRevenue": 568748000,
        "grossProfit": 215405000,
        "grossProfitRatio": 0.2746976674,
        "researchAndDevelopmentExpenses": 0,
        "generalAndAdministrativeExpenses": 121047000,
        "sellingAndMarketingExpenses": 0,
        "sellingGeneralAndAdministrativeExpenses": 121047000,
        "otherExpenses": 11034000,
        "operatingExpenses": 132081000,
        "costAndExpenses": 700829000,
        "interestIncome": 0,
        "interestExpense": 7080000,
        "depreciationAndAmortization": 11034000,
        "ebitda": 94358000,
        "ebitdaratio": 0.1203311089,
        "operatingIncome": 83324000,
        "operatingIncomeRatio": 0.1062598753,
        "totalOtherIncomeExpensesNet": -10433000,
        "incomeBeforeTax": 72891000,
        "incomeBeforeTaxRatio": 0.0929550738,
        "incomeTaxExpense": 28751000,
        "netIncome": 44140000,
        "netIncomeRatio": 0.0562900352,
        "eps": 0.68,
        "epsdiluted": 0.68,
        "weightedAverageShsOut": 65091998,
        "weightedAverageShsOutDil": 65605006,
        "link": "https://www.sec.gov/Archives/edgar/data/861884/000095012904008646/0000950129-04-008646-index.htm",
        "finalLink": "https://www.sec.gov/Archives/edgar/data/861884/000095012904008646/a03061e10vq.htm"
    },
    {
        "date": "2004-06-30",
        "symbol": "RS",
        "reportedCurrency": "USD",
        "cik": "0000861884",
        "fillingDate": "2004-08-09",
        "acceptedDate": "2004-08-09 15:24:06",
        "calendarYear": "2004",
        "period": "Q2",
        "revenue": 762166000,
        "costOfRevenue": 532313000,
        "grossProfit": 229853000,
        "grossProfitRatio": 0.3015786587,
        "researchAndDevelopmentExpenses": 0,
        "generalAndAdministrativeExpenses": 120723000,
        "sellingAndMarketingExpenses": 0,
        "sellingGeneralAndAdministrativeExpenses": 120723000,
        "otherExpenses": 11066000,
        "operatingExpenses": 131789000,
        "costAndExpenses": 664102000,
        "interestIncome": 0,
        "interestExpense": 7256000,
        "depreciationAndAmortization": 11066000,
        "ebitda": 109130000,
        "ebitdaratio": 0.1431840308,
        "operatingIncome": 98064000,
        "operatingIncomeRatio": 0.128664884,
        "totalOtherIncomeExpensesNet": -11054000,
        "incomeBeforeTax": 87010000,
        "incomeBeforeTaxRatio": 0.1141614819,
        "incomeTaxExpense": 34213000,
        "netIncome": 52797000,
        "netIncomeRatio": 0.0692723108,
        "eps": 0.82,
        "epsdiluted": 0.81,
        "weightedAverageShsOut": 64892788,
        "weightedAverageShsOutDil": 65348790,
        "link": "https://www.sec.gov/Archives/edgar/data/861884/000095012904005793/0000950129-04-005793-index.htm",
        "finalLink": "https://www.sec.gov/Archives/edgar/data/861884/000095012904005793/a00941e10vq.htm"
    },
    {
        "date": "2004-03-31",
        "symbol": "RS",
        "reportedCurrency": "USD",
        "cik": "0000861884",
        "fillingDate": "2004-05-06",
        "acceptedDate": "2004-05-06 17:24:38",
        "calendarYear": "2004",
        "period": "Q1",
        "revenue": 656272000,
        "costOfRevenue": 468335000,
        "grossProfit": 187937000,
        "grossProfitRatio": 0.2863705902,
        "researchAndDevelopmentExpenses": 0,
        "generalAndAdministrativeExpenses": 118506000,
        "sellingAndMarketingExpenses": 0,
        "sellingGeneralAndAdministrativeExpenses": 118506000,
        "otherExpenses": 11046000,
        "operatingExpenses": 129552000,
        "costAndExpenses": 597887000,
        "interestIncome": 0,
        "interestExpense": 0,
        "depreciationAndAmortization": 11046000,
        "ebitda": 69431000,
        "ebitdaratio": 0.1057960724,
        "operatingIncome": 58385000,
        "operatingIncomeRatio": 0.0889646366,
        "totalOtherIncomeExpensesNet": -9227000,
        "incomeBeforeTax": 49158000,
        "incomeBeforeTaxRatio": 0.0749049175,
        "incomeTaxExpense": 19319000,
        "netIncome": 29839000,
        "netIncomeRatio": 0.0454674281,
        "eps": 0.46,
        "epsdiluted": 0.46,
        "weightedAverageShsOut": 64586320,
        "weightedAverageShsOutDil": 64938164,
        "link": "https://www.sec.gov/Archives/edgar/data/861884/000095015004000500/0000950150-04-000500-index.htm",
        "finalLink": "https://www.sec.gov/Archives/edgar/data/861884/000095015004000500/a98760e10vq.htm"
    },
    {
        "date": "2003-12-31",
        "symbol": "RS",
        "reportedCurrency": "USD",
        "cik": "0000861884",
        "fillingDate": "2004-03-15",
        "acceptedDate": "2004-03-15 15:25:55",
        "calendarYear": "2003",
        "period": "Q4",
        "revenue": 485194000,
        "costOfRevenue": 349556000,
        "grossProfit": 135638000,
        "grossProfitRatio": 0.2795541577,
        "researchAndDevelopmentExpenses": 0,
        "generalAndAdministrativeExpenses": 100699000,
        "sellingAndMarketingExpenses": 0,
        "sellingGeneralAndAdministrativeExpenses": 100699000,
        "otherExpenses": 14952000,
        "operatingExpenses": 115651000,
        "costAndExpenses": 465207000,
        "interestIncome": 0,
        "interestExpense": 0,
        "depreciationAndAmortization": 10711000,
        "ebitda": 32902000,
        "ebitdaratio": 0.0678120504,
        "operatingIncome": 19987000,
        "operatingIncomeRatio": 0.0411938317,
        "totalOtherIncomeExpensesNet": -5224000,
        "incomeBeforeTax": 14763000,
        "incomeBeforeTaxRatio": 0.0304270045,
        "incomeTaxExpense": 5077000,
        "netIncome": 9686000,
        "netIncomeRatio": 0.0199631488,
        "eps": 0.15,
        "epsdiluted": 0.15,
        "weightedAverageShsOut": 64146786,
        "weightedAverageShsOutDil": 64586320,
        "link": "https://www.sec.gov/Archives/edgar/data/861884/000095015004000335/0000950150-04-000335-index.htm",
        "finalLink": "https://www.sec.gov/Archives/edgar/data/861884/000095015004000335/a97304e10vk.htm"
    },
    {
        "date": "2003-09-30",
        "symbol": "RS",
        "reportedCurrency": "USD",
        "cik": "0000861884",
        "fillingDate": "2003-11-13",
        "acceptedDate": "2003-11-13 13:01:46",
        "calendarYear": "2003",
        "period": "Q3",
        "revenue": 490587000,
        "costOfRevenue": 354377000,
        "grossProfit": 136210000,
        "grossProfitRatio": 0.2776469821,
        "researchAndDevelopmentExpenses": 0,
        "generalAndAdministrativeExpenses": 100198000,
        "sellingAndMarketingExpenses": 0,
        "sellingGeneralAndAdministrativeExpenses": 100198000,
        "otherExpenses": 7499000,
        "operatingExpenses": 107697000,
        "costAndExpenses": 462074000,
        "interestIncome": 0,
        "interestExpense": 0,
        "depreciationAndAmortization": 11123000,
        "ebitda": 28513000,
        "ebitdaratio": 0.0581201703,
        "operatingIncome": 28513000,
        "operatingIncomeRatio": 0.0581201703,
        "totalOtherIncomeExpensesNet": -8149000,
        "incomeBeforeTax": 20364000,
        "incomeBeforeTaxRatio": 0.041509457,
        "incomeTaxExpense": 8011000,
        "netIncome": 12353000,
        "netIncomeRatio": 0.0251800394,
        "eps": 0.2,
        "epsdiluted": 0.2,
        "weightedAverageShsOut": 63630428,
        "weightedAverageShsOutDil": 63715588,
        "link": "https://www.sec.gov/Archives/edgar/data/861884/000095015003001337/0000950150-03-001337-index.htm",
        "finalLink": "https://www.sec.gov/Archives/edgar/data/861884/000095015003001337/a94533e10vq.htm"
    },
    {
        "date": "2003-06-30",
        "symbol": "RS",
        "reportedCurrency": "USD",
        "cik": "0000861884",
        "fillingDate": "2003-08-14",
        "acceptedDate": "2003-08-14 13:22:16",
        "calendarYear": "2003",
        "period": "Q2",
        "revenue": 456329000,
        "costOfRevenue": 336957000,
        "grossProfit": 119372000,
        "grossProfitRatio": 0.2615919654,
        "researchAndDevelopmentExpenses": 0,
        "generalAndAdministrativeExpenses": 97146000,
        "sellingAndMarketingExpenses": 0,
        "sellingGeneralAndAdministrativeExpenses": 97146000,
        "otherExpenses": 7221000,
        "operatingExpenses": 104367000,
        "costAndExpenses": 441324000,
        "interestIncome": 0,
        "interestExpense": 5511000,
        "depreciationAndAmortization": 7532000,
        "ebitda": 15005000,
        "ebitdaratio": 0.0328819777,
        "operatingIncome": 15005000,
        "operatingIncomeRatio": 0.0328819777,
        "totalOtherIncomeExpensesNet": -4473000,
        "incomeBeforeTax": 10532000,
        "incomeBeforeTaxRatio": 0.0230798393,
        "incomeTaxExpense": 4140000,
        "netIncome": 6392000,
        "netIncomeRatio": 0.0140074376,
        "eps": 0.1,
        "epsdiluted": 0.1,
        "weightedAverageShsOut": 63532994,
        "weightedAverageShsOutDil": 63534762,
        "link": "https://www.sec.gov/Archives/edgar/data/861884/000095015003000959/0000950150-03-000959-index.htm",
        "finalLink": "https://www.sec.gov/Archives/edgar/data/861884/000095015003000959/a92314e10vq.htm"
    },
    {
        "date": "2003-03-31",
        "symbol": "RS",
        "reportedCurrency": "USD",
        "cik": "0000861884",
        "fillingDate": "2003-05-09",
        "acceptedDate": "2003-05-09 14:31:29",
        "calendarYear": "2003",
        "period": "Q1",
        "revenue": 450823000,
        "costOfRevenue": 331420000,
        "grossProfit": 119403000,
        "grossProfitRatio": 0.2648556085,
        "researchAndDevelopmentExpenses": 0,
        "generalAndAdministrativeExpenses": 97884000,
        "sellingAndMarketingExpenses": 0,
        "sellingGeneralAndAdministrativeExpenses": 97884000,
        "otherExpenses": 7198000,
        "operatingExpenses": 105082000,
        "costAndExpenses": 436502000,
        "interestIncome": 0,
        "interestExpense": 0,
        "depreciationAndAmortization": 7504000,
        "ebitda": 14321000,
        "ebitdaratio": 0.0317663473,
        "operatingIncome": 14321000,
        "operatingIncomeRatio": 0.0317663473,
        "totalOtherIncomeExpensesNet": -5124000,
        "incomeBeforeTax": 9197000,
        "incomeBeforeTaxRatio": 0.0204004676,
        "incomeTaxExpense": 3618000,
        "netIncome": 5579000,
        "netIncomeRatio": 0.012375145,
        "eps": 0.09,
        "epsdiluted": 0.09,
        "weightedAverageShsOut": 63511218,
        "weightedAverageShsOutDil": 63511218,
        "link": "https://www.sec.gov/Archives/edgar/data/861884/000095015003000560/0000950150-03-000560-index.htm",
        "finalLink": "https://www.sec.gov/Archives/edgar/data/861884/000095015003000560/a89963e10vq.htm"
    },
    {
        "date": "2002-12-31",
        "symbol": "RS",
        "reportedCurrency": "USD",
        "cik": "0000861884",
        "fillingDate": "2003-03-27",
        "acceptedDate": "2003-03-27 17:08:11",
        "calendarYear": "2002",
        "period": "Q4",
        "revenue": 437779000,
        "costOfRevenue": 320866000,
        "grossProfit": 116913000,
        "grossProfitRatio": 0.2670594067,
        "researchAndDevelopmentExpenses": 0,
        "generalAndAdministrativeExpenses": 98991000,
        "sellingAndMarketingExpenses": 0,
        "sellingGeneralAndAdministrativeExpenses": 98991000,
        "otherExpenses": -7917000,
        "operatingExpenses": 91074000,
        "costAndExpenses": 411940000,
        "interestIncome": 0,
        "interestExpense": 0,
        "depreciationAndAmortization": 7249000,
        "ebitda": 33088000,
        "ebitdaratio": 0.0755815149,
        "operatingIncome": 25839000,
        "operatingIncomeRatio": 0.0590229317,
        "totalOtherIncomeExpensesNet": -22857000,
        "incomeBeforeTax": 2982000,
        "incomeBeforeTaxRatio": 0.0068116561,
        "incomeTaxExpense": 1045000,
        "netIncome": 1937000,
        "netIncomeRatio": 0.0044246069,
        "eps": 0.0305,
        "epsdiluted": 0.0305,
        "weightedAverageShsOut": 63504314,
        "weightedAverageShsOutDil": 63511218,
        "link": "https://www.sec.gov/Archives/edgar/data/861884/000095015003000376/0000950150-03-000376-index.htm",
        "finalLink": "https://www.sec.gov/Archives/edgar/data/861884/000095015003000376/a88725e10vk.htm"
    },
    {
        "date": "2002-09-30",
        "symbol": "RS",
        "reportedCurrency": "USD",
        "cik": "0000861884",
        "fillingDate": "2002-11-14",
        "acceptedDate": "2002-11-14 13:23:14",
        "calendarYear": "2002",
        "period": "Q3",
        "revenue": 454840000,
        "costOfRevenue": 329321000,
        "grossProfit": 125519000,
        "grossProfitRatio": 0.275962976,
        "researchAndDevelopmentExpenses": 0,
        "generalAndAdministrativeExpenses": 96375000,
        "sellingAndMarketingExpenses": 0,
        "sellingGeneralAndAdministrativeExpenses": 96375000,
        "otherExpenses": 12730000,
        "operatingExpenses": 109105000,
        "costAndExpenses": 438426000,
        "interestIncome": 0,
        "interestExpense": 0,
        "depreciationAndAmortization": 7365000,
        "ebitda": 23779000,
        "ebitdaratio": 0.0522799226,
        "operatingIncome": 16414000,
        "operatingIncomeRatio": 0.0360874154,
        "totalOtherIncomeExpensesNet": -12645000,
        "incomeBeforeTax": 16499000,
        "incomeBeforeTaxRatio": 0.0362742943,
        "incomeTaxExpense": 6534000,
        "netIncome": 9965000,
        "netIncomeRatio": 0.0219088031,
        "eps": 0.16,
        "epsdiluted": 0.16,
        "weightedAverageShsOut": 63439944,
        "weightedAverageShsOutDil": 63630006,
        "link": "https://www.sec.gov/Archives/edgar/data/861884/000095015002001052/0000950150-02-001052-index.htm",
        "finalLink": "https://www.sec.gov/Archives/edgar/data/861884/000095015002001052/a85974e10vq.htm"
    },
    {
        "date": "2002-06-30",
        "symbol": "RS",
        "reportedCurrency": "USD",
        "cik": "0000861884",
        "fillingDate": "2002-08-09",
        "acceptedDate": "2002-08-09 16:36:04",
        "calendarYear": "2002",
        "period": "Q2",
        "revenue": 450166000,
        "costOfRevenue": 324123000,
        "grossProfit": 126043000,
        "grossProfitRatio": 0.2799922695,
        "researchAndDevelopmentExpenses": 0,
        "generalAndAdministrativeExpenses": 96214000,
        "sellingAndMarketingExpenses": 0,
        "sellingGeneralAndAdministrativeExpenses": 96214000,
        "otherExpenses": 12176000,
        "operatingExpenses": 108390000,
        "costAndExpenses": 432513000,
        "interestIncome": 0,
        "interestExpense": 0,
        "depreciationAndAmortization": 7111000,
        "ebitda": 24764000,
        "ebitdaratio": 0.0550108182,
        "operatingIncome": 17653000,
        "operatingIncomeRatio": 0.0392144231,
        "totalOtherIncomeExpensesNet": -11993000,
        "incomeBeforeTax": 17836000,
        "incomeBeforeTaxRatio": 0.0396209398,
        "incomeTaxExpense": 7062000,
        "netIncome": 10774000,
        "netIncomeRatio": 0.0239333935,
        "eps": 0.17,
        "epsdiluted": 0.17,
        "weightedAverageShsOut": 63367200,
        "weightedAverageShsOutDil": 63841204,
        "link": "https://www.sec.gov/Archives/edgar/data/861884/000095015002000728/0000950150-02-000728-index.htm",
        "finalLink": "https://www.sec.gov/Archives/edgar/data/861884/000095015002000728/a83562e10vq.htm"
    },
    {
        "date": "2002-03-31",
        "symbol": "RS",
        "reportedCurrency": "USD",
        "cik": "0000861884",
        "fillingDate": "2002-05-09",
        "acceptedDate": "2002-05-09 16:49:24",
        "calendarYear": "2002",
        "period": "Q1",
        "revenue": 405486000,
        "costOfRevenue": 293941000,
        "grossProfit": 111545000,
        "grossProfitRatio": 0.2750896455,
        "researchAndDevelopmentExpenses": 0,
        "generalAndAdministrativeExpenses": 87709000,
        "sellingAndMarketingExpenses": 0,
        "sellingGeneralAndAdministrativeExpenses": 87709000,
        "otherExpenses": -370005000,
        "operatingExpenses": -282296000,
        "costAndExpenses": 11645000,
        "interestIncome": 0,
        "interestExpense": 0,
        "depreciationAndAmortization": 6821000,
        "ebitda": 400662000,
        "ebitdaratio": 0.9881031651,
        "operatingIncome": 393841000,
        "operatingIncomeRatio": 0.9712813759,
        "totalOtherIncomeExpensesNet": -11433000,
        "incomeBeforeTax": 12403000,
        "incomeBeforeTaxRatio": 0.0305879858,
        "incomeTaxExpense": 4912000,
        "netIncome": 7491000,
        "netIncomeRatio": 0.0184741273,
        "eps": 0.12,
        "epsdiluted": 0.12,
        "weightedAverageShsOut": 63181706,
        "weightedAverageShsOutDil": 63457442,
        "link": "https://www.sec.gov/Archives/edgar/data/861884/000095015002000453/0000950150-02-000453-index.htm",
        "finalLink": "https://www.sec.gov/Archives/edgar/data/861884/000095015002000453/a81360e10-q.htm"
    },
    {
        "date": "2001-12-31",
        "symbol": "RS",
        "reportedCurrency": "USD",
        "cik": "0000861884",
        "fillingDate": "2002-03-27",
        "acceptedDate": "2002-03-27 00:00:00",
        "calendarYear": "2001",
        "period": "Q4",
        "revenue": 382021000,
        "costOfRevenue": 273093000,
        "grossProfit": 108928000,
        "grossProfitRatio": 0.2851361574,
        "researchAndDevelopmentExpenses": 0,
        "generalAndAdministrativeExpenses": 88606000,
        "sellingAndMarketingExpenses": 0,
        "sellingGeneralAndAdministrativeExpenses": 88606000,
        "otherExpenses": -10090000,
        "operatingExpenses": 78516000,
        "costAndExpenses": 351609000,
        "interestIncome": 0,
        "interestExpense": 0,
        "depreciationAndAmortization": 8410000,
        "ebitda": 38822000,
        "ebitdaratio": 0.1016226857,
        "operatingIncome": 30412000,
        "operatingIncomeRatio": 0.0796081891,
        "totalOtherIncomeExpensesNet": -22995000,
        "incomeBeforeTax": 7417000,
        "incomeBeforeTaxRatio": 0.019415163,
        "incomeTaxExpense": 3043000,
        "netIncome": 4374000,
        "netIncomeRatio": 0.0114496324,
        "eps": 0.0692,
        "epsdiluted": 0.0692,
        "weightedAverageShsOut": 63181706,
        "weightedAverageShsOutDil": 63181706,
        "link": "https://www.sec.gov/Archives/edgar/data/861884/000095015002000280/0000950150-02-000280-index.htm",
        "finalLink": "https://www.sec.gov/Archives/edgar/data/861884/000095015002000280/a80246e10-k405.htm"
    },
    {
        "date": "2001-09-30",
        "symbol": "RS",
        "reportedCurrency": "USD",
        "cik": "0000861884",
        "fillingDate": "2001-11-09",
        "acceptedDate": "2001-11-09 00:00:00",
        "calendarYear": "2001",
        "period": "Q3",
        "revenue": 430066000,
        "costOfRevenue": 311671000,
        "grossProfit": 118395000,
        "grossProfitRatio": 0.2752949547,
        "researchAndDevelopmentExpenses": 0,
        "generalAndAdministrativeExpenses": 91608000,
        "sellingAndMarketingExpenses": 0,
        "sellingGeneralAndAdministrativeExpenses": 91608000,
        "otherExpenses": 13625000,
        "operatingExpenses": 105233000,
        "costAndExpenses": 416904000,
        "interestIncome": 0,
        "interestExpense": 0,
        "depreciationAndAmortization": 8433000,
        "ebitda": 21595000,
        "ebitdaratio": 0.0502132231,
        "operatingIncome": 13162000,
        "operatingIncomeRatio": 0.0306046049,
        "totalOtherIncomeExpensesNet": -44000,
        "incomeBeforeTax": 13118000,
        "incomeBeforeTaxRatio": 0.030502295,
        "incomeTaxExpense": 5326000,
        "netIncome": 7792000,
        "netIncomeRatio": 0.0181181493,
        "eps": 0.13,
        "epsdiluted": 0.13,
        "weightedAverageShsOut": 62561420,
        "weightedAverageShsOutDil": 62834680,
        "link": "https://www.sec.gov/Archives/edgar/data/861884/000095015001500710/0000950150-01-500710-index.htm",
        "finalLink": "https://www.sec.gov/Archives/edgar/data/861884/000095015001500710/a76629e10-q.htm"
    },
    {
        "date": "2001-06-30",
        "symbol": "RS",
        "reportedCurrency": "USD",
        "cik": "0000861884",
        "fillingDate": "2001-08-13",
        "acceptedDate": "2001-08-13 00:00:00",
        "calendarYear": "2001",
        "period": "Q2",
        "revenue": 411982000,
        "costOfRevenue": 297170000,
        "grossProfit": 114812000,
        "grossProfitRatio": 0.2786820783,
        "researchAndDevelopmentExpenses": 0,
        "generalAndAdministrativeExpenses": 82249000,
        "sellingAndMarketingExpenses": 0,
        "sellingGeneralAndAdministrativeExpenses": 82249000,
        "otherExpenses": -361932000,
        "operatingExpenses": -279683000,
        "costAndExpenses": 17487000,
        "interestIncome": 0,
        "interestExpense": 0,
        "depreciationAndAmortization": 7831000,
        "ebitda": 402326000,
        "ebitdaratio": 0.9765620828,
        "operatingIncome": 394495000,
        "operatingIncomeRatio": 0.9575539708,
        "totalOtherIncomeExpensesNet": -375862000,
        "incomeBeforeTax": 18633000,
        "incomeBeforeTaxRatio": 0.0452277041,
        "incomeTaxExpense": 7215000,
        "netIncome": 11418000,
        "netIncomeRatio": 0.0277148031,
        "eps": 0.23,
        "epsdiluted": 0.23,
        "weightedAverageShsOut": 50436024,
        "weightedAverageShsOutDil": 50791054,
        "link": "https://www.sec.gov/Archives/edgar/data/861884/000095015001500505/0000950150-01-500505-index.htm",
        "finalLink": "https://www.sec.gov/Archives/edgar/data/861884/000095015001500505/a74973e10-q.htm"
    },
    {
        "date": "2001-03-31",
        "symbol": "RS",
        "reportedCurrency": "USD",
        "cik": "0000861884",
        "fillingDate": "2001-05-11",
        "acceptedDate": "2001-05-11 00:00:00",
        "calendarYear": "2001",
        "period": "Q1",
        "revenue": 433442000,
        "costOfRevenue": 312578000,
        "grossProfit": 120864000,
        "grossProfitRatio": 0.2788469968,
        "researchAndDevelopmentExpenses": 0,
        "generalAndAdministrativeExpenses": 84847000,
        "sellingAndMarketingExpenses": 0,
        "sellingGeneralAndAdministrativeExpenses": 84847000,
        "otherExpenses": -376718000,
        "operatingExpenses": -291871000,
        "costAndExpenses": 20707000,
        "interestIncome": 0,
        "interestExpense": 0,
        "depreciationAndAmortization": 7663000,
        "ebitda": 420398000,
        "ebitdaratio": 0.9699060082,
        "operatingIncome": 412735000,
        "operatingIncomeRatio": 0.9522265955,
        "totalOtherIncomeExpensesNet": -391744000,
        "incomeBeforeTax": 20991000,
        "incomeBeforeTaxRatio": 0.0484286248,
        "incomeTaxExpense": 8239000,
        "netIncome": 12752000,
        "netIncomeRatio": 0.0294203146,
        "eps": 0.26,
        "epsdiluted": 0.25,
        "weightedAverageShsOut": 50344748,
        "weightedAverageShsOutDil": 50644872,
        "link": "https://www.sec.gov/Archives/edgar/data/861884/000109581101502054/0001095811-01-502054-index.htm",
        "finalLink": "https://www.sec.gov/Archives/edgar/data/861884/000109581101502054/a72527e10-q.txt"
    },
    {
        "date": "2000-12-31",
        "symbol": "RS",
        "reportedCurrency": "USD",
        "cik": "0000861884",
        "fillingDate": "2001-03-29",
        "acceptedDate": "2001-03-29 00:00:00",
        "calendarYear": "2000",
        "period": "Q4",
        "revenue": 411269000,
        "costOfRevenue": 296152000,
        "grossProfit": 115117000,
        "grossProfitRatio": 0.279906825,
        "researchAndDevelopmentExpenses": 0,
        "generalAndAdministrativeExpenses": 80302000,
        "sellingAndMarketingExpenses": 0,
        "sellingGeneralAndAdministrativeExpenses": 80302000,
        "otherExpenses": 6972000,
        "operatingExpenses": 87274000,
        "costAndExpenses": 383426000,
        "interestIncome": 0,
        "interestExpense": 0,
        "depreciationAndAmortization": 6972000,
        "ebitda": 34815000,
        "ebitdaratio": 0.084652624,
        "operatingIncome": 27843000,
        "operatingIncomeRatio": 0.0677002157,
        "totalOtherIncomeExpensesNet": -6339000,
        "incomeBeforeTax": 21504000,
        "incomeBeforeTaxRatio": 0.052286946,
        "incomeTaxExpense": 7835000,
        "netIncome": 13669000,
        "netIncomeRatio": 0.0332361544,
        "eps": 0.27,
        "epsdiluted": 0.27,
        "weightedAverageShsOut": 50344748,
        "weightedAverageShsOutDil": 50344748,
        "link": "https://www.sec.gov/Archives/edgar/data/861884/000095015001000100/0000950150-01-000100-index.htm",
        "finalLink": "https://www.sec.gov/Archives/edgar/data/861884/000095015001000100/a70905e10-k.txt"
    },
    {
        "date": "2000-09-30",
        "symbol": "RS",
        "reportedCurrency": "USD",
        "cik": "0000861884",
        "fillingDate": "2000-11-13",
        "acceptedDate": "2000-11-13 00:00:00",
        "calendarYear": "2000",
        "period": "Q3",
        "revenue": 443652000,
        "costOfRevenue": 325254000,
        "grossProfit": 118398000,
        "grossProfitRatio": 0.2668713316,
        "researchAndDevelopmentExpenses": 0,
        "generalAndAdministrativeExpenses": 79038000,
        "sellingAndMarketingExpenses": 0,
        "sellingGeneralAndAdministrativeExpenses": 79038000,
        "otherExpenses": 7247000,
        "operatingExpenses": 86285000,
        "costAndExpenses": 411539000,
        "interestIncome": 0,
        "interestExpense": 0,
        "depreciationAndAmortization": 7247000,
        "ebitda": 39360000,
        "ebitdaratio": 0.0887181845,
        "operatingIncome": 32113000,
        "operatingIncomeRatio": 0.0723833094,
        "totalOtherIncomeExpensesNet": -5742000,
        "incomeBeforeTax": 26371000,
        "incomeBeforeTaxRatio": 0.0594407328,
        "incomeTaxExpense": 10548000,
        "netIncome": 15823000,
        "netIncomeRatio": 0.0356653413,
        "eps": 0.29,
        "epsdiluted": 0.28,
        "weightedAverageShsOut": 55008000,
        "weightedAverageShsOutDil": 55202000,
        "link": "https://www.sec.gov/Archives/edgar/data/861884/000095015000000910/0000950150-00-000910-index.htm",
        "finalLink": "https://www.sec.gov/Archives/edgar/data/861884/000095015000000910/a67138e10-q.txt"
    },
    {
        "date": "2000-06-30",
        "symbol": "RS",
        "reportedCurrency": "USD",
        "cik": "0000861884",
        "fillingDate": "2000-08-14",
        "acceptedDate": "2000-08-14 00:00:00",
        "calendarYear": "2000",
        "period": "Q2",
        "revenue": 440903000,
        "costOfRevenue": 321738000,
        "grossProfit": 119165000,
        "grossProfitRatio": 0.2702748677,
        "researchAndDevelopmentExpenses": 0,
        "generalAndAdministrativeExpenses": 80002000,
        "sellingAndMarketingExpenses": 0,
        "sellingGeneralAndAdministrativeExpenses": 80002000,
        "otherExpenses": 6994000,
        "operatingExpenses": 86996000,
        "costAndExpenses": 408734000,
        "interestIncome": 0,
        "interestExpense": 0,
        "depreciationAndAmortization": 6994000,
        "ebitda": 39163000,
        "ebitdaratio": 0.088824526,
        "operatingIncome": 32169000,
        "operatingIncomeRatio": 0.0729616265,
        "totalOtherIncomeExpensesNet": -4341000,
        "incomeBeforeTax": 27828000,
        "incomeBeforeTaxRatio": 0.0631159235,
        "incomeTaxExpense": 11132000,
        "netIncome": 16696000,
        "netIncomeRatio": 0.0378677396,
        "eps": 0.3,
        "epsdiluted": 0.3,
        "weightedAverageShsOut": 55586000,
        "weightedAverageShsOutDil": 55862000,
        "link": "https://www.sec.gov/Archives/edgar/data/861884/000095015000000699/0000950150-00-000699-index.htm",
        "finalLink": "https://www.sec.gov/Archives/edgar/data/861884/000095015000000699/e10-q.txt"
    },
    {
        "date": "2000-03-31",
        "symbol": "RS",
        "reportedCurrency": "USD",
        "cik": "0000861884",
        "fillingDate": "2000-05-15",
        "acceptedDate": "2000-05-15 00:00:00",
        "calendarYear": "2000",
        "period": "Q1",
        "revenue": 430841000,
        "costOfRevenue": 313853000,
        "grossProfit": 116988000,
        "grossProfitRatio": 0.2715340462,
        "researchAndDevelopmentExpenses": 0,
        "generalAndAdministrativeExpenses": 79296000,
        "sellingAndMarketingExpenses": 0,
        "sellingGeneralAndAdministrativeExpenses": 79296000,
        "otherExpenses": 6879000,
        "operatingExpenses": 86175000,
        "costAndExpenses": 400028000,
        "interestIncome": 0,
        "interestExpense": 0,
        "depreciationAndAmortization": 6879000,
        "ebitda": 37692000,
        "ebitdaratio": 0.0874847101,
        "operatingIncome": 30813000,
        "operatingIncomeRatio": 0.0715182631,
        "totalOtherIncomeExpensesNet": -3929000,
        "incomeBeforeTax": 26884000,
        "incomeBeforeTaxRatio": 0.0623988896,
        "incomeTaxExpense": 10753000,
        "netIncome": 16131000,
        "netIncomeRatio": 0.0374407264,
        "eps": 0.29,
        "epsdiluted": 0.29,
        "weightedAverageShsOut": 55570000,
        "weightedAverageShsOutDil": 55800000,
        "link": "https://www.sec.gov/Archives/edgar/data/861884/000095015000000433/0000950150-00-000433-index.html",
        "finalLink": "https://www.sec.gov/Archives/edgar/data/861884/000095015000000433/"
    },
    {
        "date": "1999-12-31",
        "symbol": "RS",
        "reportedCurrency": "USD",
        "cik": "0000861884",
        "fillingDate": "2000-03-27",
        "acceptedDate": "2000-03-27 00:00:00",
        "calendarYear": "1999",
        "period": "Q4",
        "revenue": 374400000,
        "costOfRevenue": 261100000,
        "grossProfit": 113300000,
        "grossProfitRatio": 0.3026175214,
        "researchAndDevelopmentExpenses": 0,
        "generalAndAdministrativeExpenses": 76600000,
        "sellingAndMarketingExpenses": 0,
        "sellingGeneralAndAdministrativeExpenses": 76600000,
        "otherExpenses": 6500000,
        "operatingExpenses": 83100000,
        "costAndExpenses": 344200000,
        "interestIncome": 0,
        "interestExpense": 0,
        "depreciationAndAmortization": 6500000,
        "ebitda": 36700000,
        "ebitdaratio": 0.0980235043,
        "operatingIncome": 30200000,
        "operatingIncomeRatio": 0.0806623932,
        "totalOtherIncomeExpensesNet": -3800000,
        "incomeBeforeTax": 26400000,
        "incomeBeforeTaxRatio": 0.0705128205,
        "incomeTaxExpense": 11100000,
        "netIncome": 15300000,
        "netIncomeRatio": 0.0408653846,
        "eps": 0.28,
        "epsdiluted": 0.28,
        "weightedAverageShsOut": 55570000,
        "weightedAverageShsOutDil": 55570000,
        "link": "https://www.sec.gov/Archives/edgar/data/861884/000095015000000226/0000950150-00-000226-index.html",
        "finalLink": "https://www.sec.gov/Archives/edgar/data/861884/000095015000000226/"
    },
    {
        "date": "1999-09-30",
        "symbol": "RS",
        "reportedCurrency": "USD",
        "cik": "0000861884",
        "fillingDate": "1999-11-15",
        "acceptedDate": "1999-11-15 00:00:00",
        "calendarYear": "1999",
        "period": "Q3",
        "revenue": 380100000,
        "costOfRevenue": 275300000,
        "grossProfit": 104800000,
        "grossProfitRatio": 0.2757169166,
        "researchAndDevelopmentExpenses": 0,
        "generalAndAdministrativeExpenses": 70300000,
        "sellingAndMarketingExpenses": 0,
        "sellingGeneralAndAdministrativeExpenses": 70300000,
        "otherExpenses": 6600000,
        "operatingExpenses": 76900000,
        "costAndExpenses": 352200000,
        "interestIncome": 0,
        "interestExpense": 0,
        "depreciationAndAmortization": 6700000,
        "ebitda": 34600000,
        "ebitdaratio": 0.0910286767,
        "operatingIncome": 27900000,
        "operatingIncomeRatio": 0.0734017364,
        "totalOtherIncomeExpensesNet": -3500000,
        "incomeBeforeTax": 24400000,
        "incomeBeforeTaxRatio": 0.0641936333,
        "incomeTaxExpense": 9600000,
        "netIncome": 14800000,
        "netIncomeRatio": 0.0389371218,
        "eps": 0.27,
        "epsdiluted": 0.27,
        "weightedAverageShsOut": 55849057,
        "weightedAverageShsOutDil": 55849057,
        "link": "https://www.sec.gov/Archives/edgar/data/861884/000095015099001237/0000950150-99-001237-index.html",
        "finalLink": "https://www.sec.gov/Archives/edgar/data/861884/000095015099001237/"
    },
    {
        "date": "1999-06-30",
        "symbol": "RS",
        "reportedCurrency": "USD",
        "cik": "0000861884",
        "fillingDate": "1999-08-12",
        "acceptedDate": "1999-08-12 00:00:00",
        "calendarYear": "1999",
        "period": "Q2",
        "revenue": 384700000,
        "costOfRevenue": 282500000,
        "grossProfit": 102200000,
        "grossProfitRatio": 0.2656615545,
        "researchAndDevelopmentExpenses": 0,
        "generalAndAdministrativeExpenses": 69200000,
        "sellingAndMarketingExpenses": 0,
        "sellingGeneralAndAdministrativeExpenses": 69200000,
        "otherExpenses": 6500000,
        "operatingExpenses": 75700000,
        "costAndExpenses": 358200000,
        "interestIncome": 0,
        "interestExpense": 0,
        "depreciationAndAmortization": 6400000,
        "ebitda": 33000000,
        "ebitdaratio": 0.0857811282,
        "operatingIncome": 26500000,
        "operatingIncomeRatio": 0.0688848453,
        "totalOtherIncomeExpensesNet": -3900000,
        "incomeBeforeTax": 22600000,
        "incomeBeforeTaxRatio": 0.0587470756,
        "incomeTaxExpense": 8900000,
        "netIncome": 13700000,
        "netIncomeRatio": 0.0356121653,
        "eps": 0.25,
        "epsdiluted": 0.25,
        "weightedAverageShsOut": 55918367,
        "weightedAverageShsOutDil": 55918367,
        "link": "https://www.sec.gov/Archives/edgar/data/861884/000095015099000966/0000950150-99-000966-index.html",
        "finalLink": "https://www.sec.gov/Archives/edgar/data/861884/000095015099000966/"
    },
    {
        "date": "1999-03-31",
        "symbol": "RS",
        "reportedCurrency": "USD",
        "cik": "0000861884",
        "fillingDate": "1999-05-12",
        "acceptedDate": "1999-05-12 00:00:00",
        "calendarYear": "1999",
        "period": "Q1",
        "revenue": 371900000,
        "costOfRevenue": 278500000,
        "grossProfit": 93400000,
        "grossProfitRatio": 0.2511427803,
        "researchAndDevelopmentExpenses": 0,
        "generalAndAdministrativeExpenses": 62500000,
        "sellingAndMarketingExpenses": 0,
        "sellingGeneralAndAdministrativeExpenses": 62500000,
        "otherExpenses": 6000000,
        "operatingExpenses": 68500000,
        "costAndExpenses": 347000000,
        "interestIncome": 0,
        "interestExpense": 0,
        "depreciationAndAmortization": 6000000,
        "ebitda": 30884000,
        "ebitdaratio": 0.083043829,
        "operatingIncome": 24900000,
        "operatingIncomeRatio": 0.0669534821,
        "totalOtherIncomeExpensesNet": -1584000,
        "incomeBeforeTax": 23300000,
        "incomeBeforeTaxRatio": 0.0626512503,
        "incomeTaxExpense": 9200000,
        "netIncome": 14100000,
        "netIncomeRatio": 0.0379134176,
        "eps": 0.26,
        "epsdiluted": 0.26,
        "weightedAverageShsOut": 55594000,
        "weightedAverageShsOutDil": 55594000,
        "link": "https://www.sec.gov/Archives/edgar/data/861884/000095015099000641/0000950150-99-000641-index.html",
        "finalLink": "https://www.sec.gov/Archives/edgar/data/861884/"
    },
    {
        "date": "1998-12-31",
        "symbol": "RS",
        "reportedCurrency": "USD",
        "cik": "0000861884",
        "fillingDate": "1999-03-29",
        "acceptedDate": "1999-03-29 00:00:00",
        "calendarYear": "1998",
        "period": "Q4",
        "revenue": 353300000,
        "costOfRevenue": 262600000,
        "grossProfit": 90700000,
        "grossProfitRatio": 0.2567223323,
        "researchAndDevelopmentExpenses": 0,
        "generalAndAdministrativeExpenses": 62900000,
        "sellingAndMarketingExpenses": 0,
        "sellingGeneralAndAdministrativeExpenses": 62900000,
        "otherExpenses": 5200000,
        "operatingExpenses": 68100000,
        "costAndExpenses": 330700000,
        "interestIncome": 0,
        "interestExpense": 0,
        "depreciationAndAmortization": 5200000,
        "ebitda": 27800000,
        "ebitdaratio": 0.0786866686,
        "operatingIncome": 22600000,
        "operatingIncomeRatio": 0.0639682989,
        "totalOtherIncomeExpensesNet": -3700000,
        "incomeBeforeTax": 18900000,
        "incomeBeforeTaxRatio": 0.0534956128,
        "incomeTaxExpense": 7400000,
        "netIncome": 11500000,
        "netIncomeRatio": 0.0325502406,
        "eps": 0.21,
        "epsdiluted": 0.21,
        "weightedAverageShsOut": 55294118,
        "weightedAverageShsOutDil": 55294118,
        "link": "https://www.sec.gov/Archives/edgar/data/861884/000095015099000351/0000950150-99-000351-index.html",
        "finalLink": "https://www.sec.gov/Archives/edgar/data/861884/"
    },
    {
        "date": "1998-09-30",
        "symbol": "RS",
        "reportedCurrency": "USD",
        "cik": "0000861884",
        "fillingDate": "1998-11-16",
        "acceptedDate": "1998-11-16 00:00:00",
        "calendarYear": "1998",
        "period": "Q3",
        "revenue": 357800000,
        "costOfRevenue": 271500000,
        "grossProfit": 86300000,
        "grossProfitRatio": 0.241196199,
        "researchAndDevelopmentExpenses": 0,
        "generalAndAdministrativeExpenses": 57800000,
        "sellingAndMarketingExpenses": 0,
        "sellingGeneralAndAdministrativeExpenses": 57800000,
        "otherExpenses": 5500000,
        "operatingExpenses": 63300000,
        "costAndExpenses": 334800000,
        "interestIncome": 0,
        "interestExpense": 0,
        "depreciationAndAmortization": 5500000,
        "ebitda": 28500000,
        "ebitdaratio": 0.0796534377,
        "operatingIncome": 23000000,
        "operatingIncomeRatio": 0.0642817216,
        "totalOtherIncomeExpensesNet": -2800000,
        "incomeBeforeTax": 20200000,
        "incomeBeforeTaxRatio": 0.0564561207,
        "incomeTaxExpense": 8300000,
        "netIncome": 11900000,
        "netIncomeRatio": 0.0332588038,
        "eps": 0.21,
        "epsdiluted": 0.21,
        "weightedAverageShsOut": 56666667,
        "weightedAverageShsOutDil": 56666667,
        "link": "https://www.sec.gov/Archives/edgar/data/861884/000095015098001788/0000950150-98-001788-index.html",
        "finalLink": "https://www.sec.gov/Archives/edgar/data/861884/"
    },
    {
        "date": "1998-06-30",
        "symbol": "RS",
        "reportedCurrency": "USD",
        "cik": "0000861884",
        "fillingDate": "1998-08-14",
        "acceptedDate": "1998-08-14 00:00:00",
        "calendarYear": "1998",
        "period": "Q2",
        "revenue": 326200000,
        "costOfRevenue": 248400000,
        "grossProfit": 77800000,
        "grossProfitRatio": 0.2385039853,
        "researchAndDevelopmentExpenses": 0,
        "generalAndAdministrativeExpenses": 51000000,
        "sellingAndMarketingExpenses": 0,
        "sellingGeneralAndAdministrativeExpenses": 51000000,
        "otherExpenses": 4600000,
        "operatingExpenses": 55600000,
        "costAndExpenses": 304000000,
        "interestIncome": 0,
        "interestExpense": 0,
        "depreciationAndAmortization": 4600000,
        "ebitda": 26800000,
        "ebitdaratio": 0.0821581852,
        "operatingIncome": 22200000,
        "operatingIncomeRatio": 0.0680564071,
        "totalOtherIncomeExpensesNet": -1000000,
        "incomeBeforeTax": 21200000,
        "incomeBeforeTaxRatio": 0.0649908032,
        "incomeTaxExpense": 8700000,
        "netIncome": 12500000,
        "netIncomeRatio": 0.038320049,
        "eps": 0.22,
        "epsdiluted": 0.22,
        "weightedAverageShsOut": 56818182,
        "weightedAverageShsOutDil": 56818182,
        "link": "https://www.sec.gov/Archives/edgar/data/861884/000095015098001417/0000950150-98-001417-index.html",
        "finalLink": "https://www.sec.gov/Archives/edgar/data/861884/"
    },
    {
        "date": "1998-03-31",
        "symbol": "RS",
        "reportedCurrency": "USD",
        "cik": "0000861884",
        "fillingDate": "1998-05-12",
        "acceptedDate": "1998-05-12 00:00:00",
        "calendarYear": "1998",
        "period": "Q1",
        "revenue": 315500000,
        "costOfRevenue": 241700000,
        "grossProfit": 73800000,
        "grossProfitRatio": 0.2339144216,
        "researchAndDevelopmentExpenses": 0,
        "generalAndAdministrativeExpenses": 48500000,
        "sellingAndMarketingExpenses": 0,
        "sellingGeneralAndAdministrativeExpenses": 48500000,
        "otherExpenses": 4100000,
        "operatingExpenses": 52600000,
        "costAndExpenses": 294300000,
        "interestIncome": 0,
        "interestExpense": 0,
        "depreciationAndAmortization": 4100000,
        "ebitda": 25300000,
        "ebitdaratio": 0.0801901743,
        "operatingIncome": 21200000,
        "operatingIncomeRatio": 0.0671949287,
        "totalOtherIncomeExpensesNet": -1200000,
        "incomeBeforeTax": 20000000,
        "incomeBeforeTaxRatio": 0.0633914422,
        "incomeTaxExpense": 8200000,
        "netIncome": 11800000,
        "netIncomeRatio": 0.0374009509,
        "eps": 0.21,
        "epsdiluted": 0.21,
        "weightedAverageShsOut": 57560976,
        "weightedAverageShsOutDil": 57560976,
        "link": "https://www.sec.gov/Archives/edgar/data/861884/000095015098000789/0000950150-98-000789-index.html",
        "finalLink": "https://www.sec.gov/Archives/edgar/data/861884/"
    },
    {
        "date": "1997-12-31",
        "symbol": "RS",
        "reportedCurrency": "USD",
        "cik": "0000861884",
        "fillingDate": "1998-03-27",
        "acceptedDate": "1998-03-27 00:00:00",
        "calendarYear": "1997",
        "period": "Q4",
        "revenue": 261800000,
        "costOfRevenue": 196400000,
        "grossProfit": 65400000,
        "grossProfitRatio": 0.2498090145,
        "researchAndDevelopmentExpenses": 0,
        "generalAndAdministrativeExpenses": 43500000,
        "sellingAndMarketingExpenses": 0,
        "sellingGeneralAndAdministrativeExpenses": 43500000,
        "otherExpenses": 3900000,
        "operatingExpenses": 47400000,
        "costAndExpenses": 243800000,
        "interestIncome": 0,
        "interestExpense": 0,
        "depreciationAndAmortization": 3900000,
        "ebitda": 21900000,
        "ebitdaratio": 0.0836516425,
        "operatingIncome": 18000000,
        "operatingIncomeRatio": 0.0687547746,
        "totalOtherIncomeExpensesNet": 100000,
        "incomeBeforeTax": 18100000,
        "incomeBeforeTaxRatio": 0.0691367456,
        "incomeTaxExpense": 7600000,
        "netIncome": 10500000,
        "netIncomeRatio": 0.0401069519,
        "eps": 0.18,
        "epsdiluted": 0.18,
        "weightedAverageShsOut": 57560976,
        "weightedAverageShsOutDil": 57560976,
        "link": "https://www.sec.gov/Archives/edgar/data/861884/000095015098000441/0000950150-98-000441-index.html",
        "finalLink": "https://www.sec.gov/Archives/edgar/data/861884/"
    },
    {
        "date": "1997-09-30",
        "symbol": "RS",
        "reportedCurrency": "USD",
        "cik": "0000861884",
        "fillingDate": "1997-10-24",
        "acceptedDate": "1997-10-24 00:00:00",
        "calendarYear": "1997",
        "period": "Q3",
        "revenue": 254200000,
        "costOfRevenue": 197700000,
        "grossProfit": 56500000,
        "grossProfitRatio": 0.2222659323,
        "researchAndDevelopmentExpenses": 0,
        "generalAndAdministrativeExpenses": 37400000,
        "sellingAndMarketingExpenses": 0,
        "sellingGeneralAndAdministrativeExpenses": 37400000,
        "otherExpenses": 3300000,
        "operatingExpenses": 40700000,
        "costAndExpenses": 238400000,
        "interestIncome": 0,
        "interestExpense": 0,
        "depreciationAndAmortization": 3400000,
        "ebitda": 19200000,
        "ebitdaratio": 0.0755310779,
        "operatingIncome": 15800000,
        "operatingIncomeRatio": 0.0621557828,
        "totalOtherIncomeExpensesNet": -1300000,
        "incomeBeforeTax": 14500000,
        "incomeBeforeTaxRatio": 0.0570416994,
        "incomeTaxExpense": 6100000,
        "netIncome": 8400000,
        "netIncomeRatio": 0.0330448466,
        "eps": 0.19,
        "epsdiluted": 0.19,
        "weightedAverageShsOut": 45405405,
        "weightedAverageShsOutDil": 45405405,
        "link": "https://www.sec.gov/Archives/edgar/data/861884/000095015097001470/0000950150-97-001470-index.html",
        "finalLink": "https://www.sec.gov/Archives/edgar/data/861884/"
    },
    {
        "date": "1997-06-30",
        "symbol": "RS",
        "reportedCurrency": "USD",
        "cik": "0000861884",
        "fillingDate": "1997-08-13",
        "acceptedDate": "1997-08-13 00:00:00",
        "calendarYear": "1997",
        "period": "Q2",
        "revenue": 243800000,
        "costOfRevenue": 187900000,
        "grossProfit": 55900000,
        "grossProfitRatio": 0.2292863002,
        "researchAndDevelopmentExpenses": 0,
        "generalAndAdministrativeExpenses": 38900000,
        "sellingAndMarketingExpenses": 0,
        "sellingGeneralAndAdministrativeExpenses": 38900000,
        "otherExpenses": 3200000,
        "operatingExpenses": 42100000,
        "costAndExpenses": 230000000,
        "interestIncome": 0,
        "interestExpense": 0,
        "depreciationAndAmortization": 3200000,
        "ebitda": 17000000,
        "ebitdaratio": 0.0697292863,
        "operatingIncome": 13800000,
        "operatingIncomeRatio": 0.0566037736,
        "totalOtherIncomeExpensesNet": 200000,
        "incomeBeforeTax": 14000000,
        "incomeBeforeTaxRatio": 0.0574241181,
        "incomeTaxExpense": 5600000,
        "netIncome": 8400000,
        "netIncomeRatio": 0.0344544709,
        "eps": 0.19,
        "epsdiluted": 0.19,
        "weightedAverageShsOut": 45405405,
        "weightedAverageShsOutDil": 45405405,
        "link": "https://www.sec.gov/Archives/edgar/data/861884/000095015097001172/0000950150-97-001172-index.html",
        "finalLink": "https://www.sec.gov/Archives/edgar/data/861884/"
    },
    {
        "date": "1997-03-31",
        "symbol": "RS",
        "reportedCurrency": "USD",
        "cik": "0000861884",
        "fillingDate": "1997-05-12",
        "acceptedDate": "1997-05-12 00:00:00",
        "calendarYear": "1997",
        "period": "Q1",
        "revenue": 201600000,
        "costOfRevenue": 155500000,
        "grossProfit": 46100000,
        "grossProfitRatio": 0.2286706349,
        "researchAndDevelopmentExpenses": 0,
        "generalAndAdministrativeExpenses": 31600000,
        "sellingAndMarketingExpenses": 0,
        "sellingGeneralAndAdministrativeExpenses": 31600000,
        "otherExpenses": 2700000,
        "operatingExpenses": 34300000,
        "costAndExpenses": 189800000,
        "interestIncome": 0,
        "interestExpense": 0,
        "depreciationAndAmortization": 2700000,
        "ebitda": 14500000,
        "ebitdaratio": 0.0719246032,
        "operatingIncome": 11800000,
        "operatingIncomeRatio": 0.058531746,
        "totalOtherIncomeExpensesNet": -300000,
        "incomeBeforeTax": 11500000,
        "incomeBeforeTaxRatio": 0.0570436508,
        "incomeTaxExpense": 4600000,
        "netIncome": 6900000,
        "netIncomeRatio": 0.0342261905,
        "eps": 0.15,
        "epsdiluted": 0.15,
        "weightedAverageShsOut": 46000000,
        "weightedAverageShsOutDil": 46000000,
        "link": "https://www.sec.gov/Archives/edgar/data/861884/000095015097000733/0000950150-97-000733-index.html",
        "finalLink": "https://www.sec.gov/Archives/edgar/data/861884/"
    },
    {
        "date": "1996-12-31",
        "symbol": "RS",
        "reportedCurrency": "USD",
        "cik": "0000861884",
        "fillingDate": "1997-03-31",
        "acceptedDate": "1997-03-31 00:00:00",
        "calendarYear": "1996",
        "period": "Q4",
        "revenue": 178300000,
        "costOfRevenue": 130300000,
        "grossProfit": 48000000,
        "grossProfitRatio": 0.269209198,
        "researchAndDevelopmentExpenses": 0,
        "generalAndAdministrativeExpenses": 34600000,
        "sellingAndMarketingExpenses": 0,
        "sellingGeneralAndAdministrativeExpenses": 34600000,
        "otherExpenses": 2700000,
        "operatingExpenses": 37300000,
        "costAndExpenses": 167600000,
        "interestIncome": 0,
        "interestExpense": 0,
        "depreciationAndAmortization": 2700000,
        "ebitda": 13400000,
        "ebitdaratio": 0.0751542344,
        "operatingIncome": 10700000,
        "operatingIncomeRatio": 0.060011217,
        "totalOtherIncomeExpensesNet": 600000,
        "incomeBeforeTax": 11300000,
        "incomeBeforeTaxRatio": 0.063376332,
        "incomeTaxExpense": 4100000,
        "netIncome": 7200000,
        "netIncomeRatio": 0.0403813797,
        "eps": 0.16,
        "epsdiluted": 0.16,
        "weightedAverageShsOut": 46000000,
        "weightedAverageShsOutDil": 46000000,
        "link": "https://www.sec.gov/Archives/edgar/data/861884/000095015097000451/0000950150-97-000451-index.html",
        "finalLink": "https://www.sec.gov/Archives/edgar/data/861884/"
    },
    {
        "date": "1996-09-30",
        "symbol": "RS",
        "reportedCurrency": "USD",
        "cik": "0000861884",
        "fillingDate": "1996-10-29",
        "acceptedDate": "1996-10-29 00:00:00",
        "calendarYear": "1996",
        "period": "Q3",
        "revenue": 153400000,
        "costOfRevenue": 115800000,
        "grossProfit": 37600000,
        "grossProfitRatio": 0.2451108214,
        "researchAndDevelopmentExpenses": 0,
        "generalAndAdministrativeExpenses": 24400000,
        "sellingAndMarketingExpenses": 0,
        "sellingGeneralAndAdministrativeExpenses": 24400000,
        "otherExpenses": 2100000,
        "operatingExpenses": 26500000,
        "costAndExpenses": 142300000,
        "interestIncome": 0,
        "interestExpense": 0,
        "depreciationAndAmortization": 2100000,
        "ebitda": 13200000,
        "ebitdaratio": 0.0860495437,
        "operatingIncome": 11100000,
        "operatingIncomeRatio": 0.0723598435,
        "totalOtherIncomeExpensesNet": 800000,
        "incomeBeforeTax": 11900000,
        "incomeBeforeTaxRatio": 0.0775749674,
        "incomeTaxExpense": 4900000,
        "netIncome": 7000000,
        "netIncomeRatio": 0.0456323338,
        "eps": 0.15,
        "epsdiluted": 0.15,
        "weightedAverageShsOut": 46666667,
        "weightedAverageShsOutDil": 46666667,
        "link": "https://www.sec.gov/Archives/edgar/data/861884/000095015096001202/0000950150-96-001202-index.html",
        "finalLink": "https://www.sec.gov/Archives/edgar/data/861884/"
    },
    {
        "date": "1996-06-30",
        "symbol": "RS",
        "reportedCurrency": "USD",
        "cik": "0000861884",
        "fillingDate": "1996-08-08",
        "acceptedDate": "1996-08-08 00:00:00",
        "calendarYear": "1996",
        "period": "Q2",
        "revenue": 164600000,
        "costOfRevenue": 125500000,
        "grossProfit": 39100000,
        "grossProfitRatio": 0.237545565,
        "researchAndDevelopmentExpenses": 0,
        "generalAndAdministrativeExpenses": 0,
        "sellingAndMarketingExpenses": 0,
        "sellingGeneralAndAdministrativeExpenses": 25600000,
        "otherExpenses": 2100000,
        "operatingExpenses": 27700000,
        "costAndExpenses": 153200000,
        "interestIncome": 0,
        "interestExpense": 0,
        "depreciationAndAmortization": 2100000,
        "ebitda": 13500000,
        "ebitdaratio": 0.0820170109,
        "operatingIncome": 11400000,
        "operatingIncomeRatio": 0.0692588092,
        "totalOtherIncomeExpensesNet": 1800000,
        "incomeBeforeTax": 13200000,
        "incomeBeforeTaxRatio": 0.0801944107,
        "incomeTaxExpense": 5400000,
        "netIncome": 7800000,
        "netIncomeRatio": 0.0473876063,
        "eps": 0.17,
        "epsdiluted": 0.17,
        "weightedAverageShsOut": 47272727,
        "weightedAverageShsOutDil": 47272727,
        "link": "https://www.sec.gov/Archives/edgar/data/861884/000095015096000792/0000950150-96-000792-index.html",
        "finalLink": "https://www.sec.gov/Archives/edgar/data/861884/"
    },
    {
        "date": "1996-03-31",
        "symbol": "RS",
        "reportedCurrency": "USD",
        "cik": "0000861884",
        "fillingDate": "1996-03-31",
        "acceptedDate": "1996-03-31 00:00:00",
        "calendarYear": "1996",
        "period": "Q1",
        "revenue": 157600000,
        "costOfRevenue": 120600000,
        "grossProfit": 37000000,
        "grossProfitRatio": 0.2347715736,
        "researchAndDevelopmentExpenses": 0,
        "generalAndAdministrativeExpenses": 0,
        "sellingAndMarketingExpenses": 0,
        "sellingGeneralAndAdministrativeExpenses": 25000000,
        "otherExpenses": 1600000,
        "operatingExpenses": 26600000,
        "costAndExpenses": 147200000,
        "interestIncome": 0,
        "interestExpense": 0,
        "depreciationAndAmortization": 1600000,
        "ebitda": 12000000,
        "ebitdaratio": 0.076142132,
        "operatingIncome": 10400000,
        "operatingIncomeRatio": 0.0659898477,
        "totalOtherIncomeExpensesNet": 2800000,
        "incomeBeforeTax": 13200000,
        "incomeBeforeTaxRatio": 0.0837563452,
        "incomeTaxExpense": 5400000,
        "netIncome": 7800000,
        "netIncomeRatio": 0.0494923858,
        "eps": 0.17,
        "epsdiluted": 0.17,
        "weightedAverageShsOut": 45882353,
        "weightedAverageShsOutDil": 45882353,
        "link": null,
        "finalLink": null
    },
    {
        "date": "1995-12-31",
        "symbol": "RS",
        "reportedCurrency": "USD",
        "cik": "0000861884",
        "fillingDate": "1995-12-31",
        "acceptedDate": "1995-12-31 00:00:00",
        "calendarYear": "1995",
        "period": "Q4",
        "revenue": 148700000,
        "costOfRevenue": 113100000,
        "grossProfit": 35600000,
        "grossProfitRatio": 0.2394082044,
        "researchAndDevelopmentExpenses": 0,
        "generalAndAdministrativeExpenses": 0,
        "sellingAndMarketingExpenses": 0,
        "sellingGeneralAndAdministrativeExpenses": 25200000,
        "otherExpenses": 1400000,
        "operatingExpenses": 26600000,
        "costAndExpenses": 139700000,
        "interestIncome": 0,
        "interestExpense": 0,
        "depreciationAndAmortization": 1400000,
        "ebitda": 10400000,
        "ebitdaratio": 0.0699394755,
        "operatingIncome": 9000000,
        "operatingIncomeRatio": 0.0605245461,
        "totalOtherIncomeExpensesNet": 500000,
        "incomeBeforeTax": 9500000,
        "incomeBeforeTaxRatio": 0.0638870208,
        "incomeTaxExpense": 3700000,
        "netIncome": 5800000,
        "netIncomeRatio": 0.0390047075,
        "eps": 0.13,
        "epsdiluted": 0.13,
        "weightedAverageShsOut": 45600000,
        "weightedAverageShsOutDil": 45600000,
        "link": null,
        "finalLink": null
    },
    {
        "date": "1995-09-30",
        "symbol": "RS",
        "reportedCurrency": "USD",
        "cik": "0000861884",
        "fillingDate": "1995-09-30",
        "acceptedDate": "1995-09-30 00:00:00",
        "calendarYear": "1995",
        "period": "Q3",
        "revenue": 135300000,
        "costOfRevenue": 103700000,
        "grossProfit": 31600000,
        "grossProfitRatio": 0.2335550628,
        "researchAndDevelopmentExpenses": 0,
        "generalAndAdministrativeExpenses": 0,
        "sellingAndMarketingExpenses": 0,
        "sellingGeneralAndAdministrativeExpenses": 22200000,
        "otherExpenses": 1300000,
        "operatingExpenses": 23500000,
        "costAndExpenses": 127200000,
        "interestIncome": 0,
        "interestExpense": 0,
        "depreciationAndAmortization": 1300000,
        "ebitda": 9400000,
        "ebitdaratio": 0.0694752402,
        "operatingIncome": 8100000,
        "operatingIncomeRatio": 0.0598669623,
        "totalOtherIncomeExpensesNet": 1700000,
        "incomeBeforeTax": 9800000,
        "incomeBeforeTaxRatio": 0.0724316334,
        "incomeTaxExpense": 4100000,
        "netIncome": 5700000,
        "netIncomeRatio": 0.0421286031,
        "eps": 0.13,
        "epsdiluted": 0.13,
        "weightedAverageShsOut": 45600000,
        "weightedAverageShsOutDil": 45600000,
        "link": null,
        "finalLink": null
    },
    {
        "date": "1995-06-30",
        "symbol": "RS",
        "reportedCurrency": "USD",
        "cik": "0000861884",
        "fillingDate": "1995-06-30",
        "acceptedDate": "1995-06-30 00:00:00",
        "calendarYear": "1995",
        "period": "Q2",
        "revenue": 140800000,
        "costOfRevenue": 109500000,
        "grossProfit": 31300000,
        "grossProfitRatio": 0.2223011364,
        "researchAndDevelopmentExpenses": 0,
        "generalAndAdministrativeExpenses": 0,
        "sellingAndMarketingExpenses": 0,
        "sellingGeneralAndAdministrativeExpenses": 21000000,
        "otherExpenses": 1300000,
        "operatingExpenses": 22300000,
        "costAndExpenses": 131800000,
        "interestIncome": 0,
        "interestExpense": 0,
        "depreciationAndAmortization": 1300000,
        "ebitda": 10300000,
        "ebitdaratio": 0.0731534091,
        "operatingIncome": 9000000,
        "operatingIncomeRatio": 0.0639204545,
        "totalOtherIncomeExpensesNet": 700000,
        "incomeBeforeTax": 9700000,
        "incomeBeforeTaxRatio": 0.0688920455,
        "incomeTaxExpense": 4100000,
        "netIncome": 5600000,
        "netIncomeRatio": 0.0397727273,
        "eps": 0.13,
        "epsdiluted": 0.13,
        "weightedAverageShsOut": 44800000,
        "weightedAverageShsOutDil": 44800000,
        "link": null,
        "finalLink": null
    },
    {
        "date": "1995-03-31",
        "symbol": "RS",
        "reportedCurrency": "USD",
        "cik": "0000861884",
        "fillingDate": "1995-03-31",
        "acceptedDate": "1995-03-31 00:00:00",
        "calendarYear": "1995",
        "period": "Q1",
        "revenue": 136500000,
        "costOfRevenue": 105700000,
        "grossProfit": 30800000,
        "grossProfitRatio": 0.2256410256,
        "researchAndDevelopmentExpenses": 0,
        "generalAndAdministrativeExpenses": 0,
        "sellingAndMarketingExpenses": 0,
        "sellingGeneralAndAdministrativeExpenses": 21000000,
        "otherExpenses": 1200000,
        "operatingExpenses": 22200000,
        "costAndExpenses": 127900000,
        "interestIncome": 0,
        "interestExpense": 0,
        "depreciationAndAmortization": 1200000,
        "ebitda": 9800000,
        "ebitdaratio": 0.0717948718,
        "operatingIncome": 8600000,
        "operatingIncomeRatio": 0.063003663,
        "totalOtherIncomeExpensesNet": 1000000,
        "incomeBeforeTax": 9600000,
        "incomeBeforeTaxRatio": 0.0703296703,
        "incomeTaxExpense": 4000000,
        "netIncome": 5600000,
        "netIncomeRatio": 0.041025641,
        "eps": 0.12,
        "epsdiluted": 0.12,
        "weightedAverageShsOut": 48695652,
        "weightedAverageShsOutDil": 48695652,
        "link": null,
        "finalLink": null
    },
    {
        "date": "1994-12-31",
        "symbol": "RS",
        "reportedCurrency": "USD",
        "cik": "0000861884",
        "fillingDate": "1994-12-31",
        "acceptedDate": "1994-12-31 00:00:00",
        "calendarYear": "1994",
        "period": "Q4",
        "revenue": 117200000,
        "costOfRevenue": 89400000,
        "grossProfit": 27800000,
        "grossProfitRatio": 0.2372013652,
        "researchAndDevelopmentExpenses": 0,
        "generalAndAdministrativeExpenses": 0,
        "sellingAndMarketingExpenses": 0,
        "sellingGeneralAndAdministrativeExpenses": 20500000,
        "otherExpenses": 1200000,
        "operatingExpenses": 21700000,
        "costAndExpenses": 111100000,
        "interestIncome": 0,
        "interestExpense": 0,
        "depreciationAndAmortization": 1200000,
        "ebitda": 7300000,
        "ebitdaratio": 0.0622866894,
        "operatingIncome": 6100000,
        "operatingIncomeRatio": 0.0520477816,
        "totalOtherIncomeExpensesNet": -100000,
        "incomeBeforeTax": 6000000,
        "incomeBeforeTaxRatio": 0.0511945392,
        "incomeTaxExpense": 2200000,
        "netIncome": 3800000,
        "netIncomeRatio": 0.0324232082,
        "eps": 0.11,
        "epsdiluted": 0.11,
        "weightedAverageShsOut": 36190476,
        "weightedAverageShsOutDil": 36190476,
        "link": null,
        "finalLink": null
    },
    {
        "date": "1994-09-30",
        "symbol": "RS",
        "reportedCurrency": "USD",
        "cik": "0000861884",
        "fillingDate": "1994-09-30",
        "acceptedDate": "1994-09-29 20:00:00",
        "calendarYear": "1994",
        "period": "Q3",
        "revenue": 115700000,
        "costOfRevenue": 89000000,
        "grossProfit": 26700000,
        "grossProfitRatio": 0.2307692308,
        "researchAndDevelopmentExpenses": 0,
        "generalAndAdministrativeExpenses": 0,
        "sellingAndMarketingExpenses": 0,
        "sellingGeneralAndAdministrativeExpenses": 18700000,
        "otherExpenses": 1100000,
        "operatingExpenses": 19800000,
        "costAndExpenses": 108800000,
        "interestIncome": 0,
        "interestExpense": 0,
        "depreciationAndAmortization": 1100000,
        "ebitda": 8000000,
        "ebitdaratio": 0.0691443388,
        "operatingIncome": 6900000,
        "operatingIncomeRatio": 0.0596369922,
        "totalOtherIncomeExpensesNet": -300000,
        "incomeBeforeTax": 6600000,
        "incomeBeforeTaxRatio": 0.0570440795,
        "incomeTaxExpense": 2800000,
        "netIncome": 3800000,
        "netIncomeRatio": 0.0328435609,
        "eps": 0.11,
        "epsdiluted": 0.11,
        "weightedAverageShsOut": 36190476,
        "weightedAverageShsOutDil": 36190476,
        "link": "",
        "finalLink": ""
    },
    {
        "date": "1994-06-30",
        "symbol": "RS",
        "reportedCurrency": "USD",
        "cik": "0000861884",
        "fillingDate": "1994-06-30",
        "acceptedDate": "1994-06-29 20:00:00",
        "calendarYear": "1994",
        "period": "Q2",
        "revenue": 107000000,
        "costOfRevenue": 0,
        "grossProfit": 107000000,
        "grossProfitRatio": 1,
        "researchAndDevelopmentExpenses": 0,
        "generalAndAdministrativeExpenses": 0,
        "sellingAndMarketingExpenses": 0,
        "sellingGeneralAndAdministrativeExpenses": 0,
        "otherExpenses": 0,
        "operatingExpenses": 0,
        "costAndExpenses": 0,
        "interestIncome": 0,
        "interestExpense": 0,
        "depreciationAndAmortization": 0,
        "ebitda": 107000000,
        "ebitdaratio": 1,
        "operatingIncome": 107000000,
        "operatingIncomeRatio": 1,
        "totalOtherIncomeExpensesNet": -107000000,
        "incomeBeforeTax": 0,
        "incomeBeforeTaxRatio": 0,
        "incomeTaxExpense": -3400000,
        "netIncome": 3400000,
        "netIncomeRatio": 0.0317757009,
        "eps": 0.11,
        "epsdiluted": 0.11,
        "weightedAverageShsOut": 32380952,
        "weightedAverageShsOutDil": 32380952,
        "link": "",
        "finalLink": ""
    },
    {
        "date": "1994-03-31",
        "symbol": "RS",
        "reportedCurrency": "USD",
        "cik": "0000861884",
        "fillingDate": "1994-03-31",
        "acceptedDate": "1994-03-30 19:00:00",
        "calendarYear": "1994",
        "period": "Q1",
        "revenue": 107000000,
        "costOfRevenue": 0,
        "grossProfit": 107000000,
        "grossProfitRatio": 1,
        "researchAndDevelopmentExpenses": 0,
        "generalAndAdministrativeExpenses": 0,
        "sellingAndMarketingExpenses": 0,
        "sellingGeneralAndAdministrativeExpenses": 0,
        "otherExpenses": 0,
        "operatingExpenses": 0,
        "costAndExpenses": 0,
        "interestIncome": 0,
        "interestExpense": 0,
        "depreciationAndAmortization": 0,
        "ebitda": 107000000,
        "ebitdaratio": 1,
        "operatingIncome": 107000000,
        "operatingIncomeRatio": 1,
        "totalOtherIncomeExpensesNet": -107000000,
        "incomeBeforeTax": 0,
        "incomeBeforeTaxRatio": 0,
        "incomeTaxExpense": -3400000,
        "netIncome": 3400000,
        "netIncomeRatio": 0.0317757009,
        "eps": 0.11,
        "epsdiluted": 0.11,
        "weightedAverageShsOut": 32380952,
        "weightedAverageShsOutDil": 32380952,
        "link": "",
        "finalLink": ""
    },
    {
        "date": "1993-12-31",
        "symbol": "RS",
        "reportedCurrency": "USD",
        "cik": "0000861884",
        "fillingDate": "1993-12-31",
        "acceptedDate": "1993-12-30 19:00:00",
        "calendarYear": "1993",
        "period": "Q4",
        "revenue": 94700000,
        "costOfRevenue": 0,
        "grossProfit": 94700000,
        "grossProfitRatio": 1,
        "researchAndDevelopmentExpenses": 0,
        "generalAndAdministrativeExpenses": 0,
        "sellingAndMarketingExpenses": 0,
        "sellingGeneralAndAdministrativeExpenses": 0,
        "otherExpenses": -355800000,
        "operatingExpenses": -355800000,
        "costAndExpenses": -355800000,
        "interestIncome": 0,
        "interestExpense": 0,
        "depreciationAndAmortization": 0,
        "ebitda": -261100000,
        "ebitdaratio": -2.7571277719,
        "operatingIncome": -261100000,
        "operatingIncomeRatio": -2.7571277719,
        "totalOtherIncomeExpensesNet": 261100000,
        "incomeBeforeTax": 0,
        "incomeBeforeTaxRatio": 0,
        "incomeTaxExpense": -2300000,
        "netIncome": 2300000,
        "netIncomeRatio": 0.0242872228,
        "eps": 0.07,
        "epsdiluted": 0.07,
        "weightedAverageShsOut": 32842572,
        "weightedAverageShsOutDil": 32857143,
        "link": "",
        "finalLink": ""
    },
    {
        "date": "1993-09-30",
        "symbol": "RS",
        "reportedCurrency": "USD",
        "cik": "0000861884",
        "fillingDate": "1993-09-30",
        "acceptedDate": "1993-09-29 20:00:00",
        "calendarYear": "1993",
        "period": "Q3",
        "revenue": 92800000,
        "costOfRevenue": 0,
        "grossProfit": 92800000,
        "grossProfitRatio": 1,
        "researchAndDevelopmentExpenses": 0,
        "generalAndAdministrativeExpenses": 0,
        "sellingAndMarketingExpenses": 0,
        "sellingGeneralAndAdministrativeExpenses": 0,
        "otherExpenses": 0,
        "operatingExpenses": 0,
        "costAndExpenses": 0,
        "interestIncome": 0,
        "interestExpense": 0,
        "depreciationAndAmortization": 0,
        "ebitda": 92800000,
        "ebitdaratio": 1,
        "operatingIncome": 92800000,
        "operatingIncomeRatio": 1,
        "totalOtherIncomeExpensesNet": -92800000,
        "incomeBeforeTax": 0,
        "incomeBeforeTaxRatio": 0,
        "incomeTaxExpense": -2300000,
        "netIncome": 2300000,
        "netIncomeRatio": 0.0247844828,
        "eps": 0.07,
        "epsdiluted": 0.07,
        "weightedAverageShsOut": 32857143,
        "weightedAverageShsOutDil": 32857143,
        "link": "",
        "finalLink": ""
    },
    {
        "date": "1993-06-30",
        "symbol": "RS",
        "reportedCurrency": "USD",
        "cik": "0000861884",
        "fillingDate": "1993-06-30",
        "acceptedDate": "1993-06-29 20:00:00",
        "calendarYear": "1993",
        "period": "Q2",
        "revenue": 92800000,
        "costOfRevenue": 0,
        "grossProfit": 92800000,
        "grossProfitRatio": 1,
        "researchAndDevelopmentExpenses": 0,
        "generalAndAdministrativeExpenses": 0,
        "sellingAndMarketingExpenses": 0,
        "sellingGeneralAndAdministrativeExpenses": 0,
        "otherExpenses": 0,
        "operatingExpenses": 0,
        "costAndExpenses": 0,
        "interestIncome": 0,
        "interestExpense": 0,
        "depreciationAndAmortization": 0,
        "ebitda": 92800000,
        "ebitdaratio": 1,
        "operatingIncome": 92800000,
        "operatingIncomeRatio": 1,
        "totalOtherIncomeExpensesNet": -92800000,
        "incomeBeforeTax": 0,
        "incomeBeforeTaxRatio": 0,
        "incomeTaxExpense": -2300000,
        "netIncome": 2300000,
        "netIncomeRatio": 0.0247844828,
        "eps": 0.07,
        "epsdiluted": 0.07,
        "weightedAverageShsOut": 32857143,
        "weightedAverageShsOutDil": 32857143,
        "link": "",
        "finalLink": ""
    },
    {
        "date": "1993-03-31",
        "symbol": "RS",
        "reportedCurrency": "USD",
        "cik": "0000861884",
        "fillingDate": "1993-03-31",
        "acceptedDate": "1993-03-30 19:00:00",
        "calendarYear": "1993",
        "period": "Q1",
        "revenue": 92800000,
        "costOfRevenue": 0,
        "grossProfit": 92800000,
        "grossProfitRatio": 1,
        "researchAndDevelopmentExpenses": 0,
        "generalAndAdministrativeExpenses": 0,
        "sellingAndMarketingExpenses": 0,
        "sellingGeneralAndAdministrativeExpenses": 0,
        "otherExpenses": 0,
        "operatingExpenses": 0,
        "costAndExpenses": 0,
        "interestIncome": 0,
        "interestExpense": 0,
        "depreciationAndAmortization": 0,
        "ebitda": 92800000,
        "ebitdaratio": 1,
        "operatingIncome": 92800000,
        "operatingIncomeRatio": 1,
        "totalOtherIncomeExpensesNet": -92800000,
        "incomeBeforeTax": 0,
        "incomeBeforeTaxRatio": 0,
        "incomeTaxExpense": -2300000,
        "netIncome": 2300000,
        "netIncomeRatio": 0.0247844828,
        "eps": 0.07,
        "epsdiluted": 0.07,
        "weightedAverageShsOut": 32857143,
        "weightedAverageShsOutDil": 32857143,
        "link": "",
        "finalLink": ""
    }
]