[
    {
        "date": "2025-09-30",
        "symbol": "RYAN",
        "reportedCurrency": "USD",
        "cik": "0001849253",
        "fillingDate": "2025-10-31",
        "acceptedDate": "2025-10-31 07:15:40",
        "calendarYear": "2025",
        "period": "Q3",
        "revenue": 754577000,
        "costOfRevenue": 440434000,
        "grossProfit": 314143000,
        "grossProfitRatio": 0.4163166913,
        "researchAndDevelopmentExpenses": 0,
        "generalAndAdministrativeExpenses": 117589000,
        "sellingAndMarketingExpenses": 0,
        "sellingGeneralAndAdministrativeExpenses": 117589000,
        "otherExpenses": 85763000,
        "operatingExpenses": 203352000,
        "costAndExpenses": 643786000,
        "interestIncome": 0,
        "interestExpense": 56344000,
        "depreciationAndAmortization": 73795000,
        "ebitda": 227120000,
        "ebitdaratio": 0.3009898261,
        "operatingIncome": 153325000,
        "operatingIncomeRatio": 0.2031933123,
        "totalOtherIncomeExpensesNet": -50985000,
        "incomeBeforeTax": 59806000,
        "incomeBeforeTaxRatio": 0.0792576503,
        "incomeTaxExpense": -2797000,
        "netIncome": 62603000,
        "netIncomeRatio": 0.0829643628,
        "eps": 0.24,
        "epsdiluted": 0.2,
        "weightedAverageShsOut": 127940211,
        "weightedAverageShsOutDil": 273461634,
        "link": "https://www.sec.gov/Archives/edgar/data/1849253/000184925325000016/0001849253-25-000016-index.htm",
        "finalLink": "https://www.sec.gov/Archives/edgar/data/1849253/000184925325000016/ryan-20250930.htm"
    },
    {
        "date": "2025-06-30",
        "symbol": "RYAN",
        "reportedCurrency": "USD",
        "cik": "0001849253",
        "fillingDate": "2025-08-01",
        "acceptedDate": "2025-08-01 07:26:35",
        "calendarYear": "2025",
        "period": "Q2",
        "revenue": 855170000,
        "costOfRevenue": 485272000,
        "grossProfit": 369898000,
        "grossProfitRatio": 0.432543237,
        "researchAndDevelopmentExpenses": 0,
        "generalAndAdministrativeExpenses": 592321000,
        "sellingAndMarketingExpenses": 0,
        "sellingGeneralAndAdministrativeExpenses": 592321000,
        "otherExpenses": -413475000,
        "operatingExpenses": 178846000,
        "costAndExpenses": 664118000,
        "interestIncome": 0,
        "interestExpense": 58334000,
        "depreciationAndAmortization": 72556000,
        "ebitda": 268621000,
        "ebitdaratio": 0.3141141527,
        "operatingIncome": 191052000,
        "operatingIncomeRatio": 0.2234082112,
        "totalOtherIncomeExpensesNet": -53321000,
        "incomeBeforeTax": 137731000,
        "incomeBeforeTaxRatio": 0.1610568659,
        "incomeTaxExpense": 13026000,
        "netIncome": 51976000,
        "netIncomeRatio": 0.0607785586,
        "eps": 0.41,
        "epsdiluted": 0.38,
        "weightedAverageShsOut": 126481643,
        "weightedAverageShsOutDil": 274144981,
        "link": "https://www.sec.gov/Archives/edgar/data/1849253/000162828025037141/0001628280-25-037141-index.htm",
        "finalLink": "https://www.sec.gov/Archives/edgar/data/1849253/000162828025037141/ryan-20250630.htm"
    },
    {
        "date": "2025-03-31",
        "symbol": "RYAN",
        "reportedCurrency": "USD",
        "cik": "0001849253",
        "fillingDate": "2025-05-02",
        "acceptedDate": "2025-05-02 07:24:09",
        "calendarYear": "2025",
        "period": "Q1",
        "revenue": 676128000,
        "costOfRevenue": 430289000,
        "grossProfit": 259877000,
        "grossProfitRatio": 0.3843606536,
        "researchAndDevelopmentExpenses": 0,
        "generalAndAdministrativeExpenses": 536349000,
        "sellingAndMarketingExpenses": 0,
        "sellingGeneralAndAdministrativeExpenses": 536349000,
        "otherExpenses": -372453000,
        "operatingExpenses": 163896000,
        "costAndExpenses": 575893000,
        "interestIncome": 0,
        "interestExpense": 54508000,
        "depreciationAndAmortization": 67624000,
        "ebitda": 173173000,
        "ebitdaratio": 0.25612458,
        "operatingIncome": 100235000,
        "operatingIncomeRatio": 0.1482485565,
        "totalOtherIncomeExpensesNet": -49194000,
        "incomeBeforeTax": 51041000,
        "incomeBeforeTaxRatio": 0.0754901439,
        "incomeTaxExpense": 55430000,
        "netIncome": -27642000,
        "netIncomeRatio": -0.0408827914,
        "eps": -0.22,
        "epsdiluted": -0.22,
        "weightedAverageShsOut": 126033000,
        "weightedAverageShsOutDil": 126033000,
        "link": "https://www.sec.gov/Archives/edgar/data/1849253/000162828025021664/0001628280-25-021664-index.htm",
        "finalLink": "https://www.sec.gov/Archives/edgar/data/1849253/000162828025021664/ryan-20250331.htm"
    },
    {
        "date": "2024-12-31",
        "symbol": "RYAN",
        "reportedCurrency": "USD",
        "cik": "0001849253",
        "fillingDate": "2025-02-21",
        "acceptedDate": "2025-02-21 07:17:42",
        "calendarYear": "2024",
        "period": "Q4",
        "revenue": 650478000,
        "costOfRevenue": 418102000,
        "grossProfit": 261517000,
        "grossProfitRatio": 0.4020381935,
        "researchAndDevelopmentExpenses": 0,
        "generalAndAdministrativeExpenses": -683044000,
        "sellingAndMarketingExpenses": 0,
        "sellingGeneralAndAdministrativeExpenses": -683044000,
        "otherExpenses": 835243000,
        "operatingExpenses": 152199000,
        "costAndExpenses": 634198000,
        "interestIncome": 0,
        "interestExpense": 48532000,
        "depreciationAndAmortization": 63099000,
        "ebitda": 180672000,
        "ebitdaratio": 0.277752668,
        "operatingIncome": 109318000,
        "operatingIncomeRatio": 0.1680579512,
        "totalOtherIncomeExpensesNet": 52761000,
        "incomeBeforeTax": 69041000,
        "incomeBeforeTaxRatio": 0.1061388702,
        "incomeTaxExpense": 26486000,
        "netIncome": 13754000,
        "netIncomeRatio": 0.0211444507,
        "eps": 0.12,
        "epsdiluted": 0.0531,
        "weightedAverageShsOut": 125411000,
        "weightedAverageShsOutDil": 276993000,
        "link": "https://www.sec.gov/Archives/edgar/data/1849253/000162828025006973/0001628280-25-006973-index.htm",
        "finalLink": "https://www.sec.gov/Archives/edgar/data/1849253/000162828025006973/ryan-20241231.htm"
    },
    {
        "date": "2024-09-30",
        "symbol": "RYAN",
        "reportedCurrency": "USD",
        "cik": "0001849253",
        "fillingDate": "2024-10-31",
        "acceptedDate": "2024-10-31 07:14:19",
        "calendarYear": "2024",
        "period": "Q3",
        "revenue": 604694000,
        "costOfRevenue": 393249000,
        "grossProfit": 220133000,
        "grossProfitRatio": 0.3640403245,
        "researchAndDevelopmentExpenses": 0,
        "generalAndAdministrativeExpenses": 88684000,
        "sellingAndMarketingExpenses": 0,
        "sellingGeneralAndAdministrativeExpenses": 88684000,
        "otherExpenses": 49972000,
        "operatingExpenses": 138656000,
        "costAndExpenses": 523217000,
        "interestIncome": 0,
        "interestExpense": 49388000,
        "depreciationAndAmortization": 41649000,
        "ebitda": 110718000,
        "ebitdaratio": 0.1830975667,
        "operatingIncome": 81477000,
        "operatingIncomeRatio": 0.1347408772,
        "totalOtherIncomeExpensesNet": 0,
        "incomeBeforeTax": 19681000,
        "incomeBeforeTaxRatio": 0.0325470403,
        "incomeTaxExpense": -8962000,
        "netIncome": 17589000,
        "netIncomeRatio": 0.0290874393,
        "eps": 0.21,
        "epsdiluted": 0.0948,
        "weightedAverageShsOut": 121916000,
        "weightedAverageShsOutDil": 272686000,
        "link": "https://www.sec.gov/Archives/edgar/data/1849253/000162828024044413/0001628280-24-044413-index.htm",
        "finalLink": "https://www.sec.gov/Archives/edgar/data/1849253/000162828024044413/ryan-20240930.htm"
    },
    {
        "date": "2024-06-30",
        "symbol": "RYAN",
        "reportedCurrency": "USD",
        "cik": "0001849253",
        "fillingDate": "2024-08-02",
        "acceptedDate": "2024-08-02 07:39:14",
        "calendarYear": "2024",
        "period": "Q2",
        "revenue": 701948000,
        "costOfRevenue": 406199000,
        "grossProfit": 274848000,
        "grossProfitRatio": 0.3915503713,
        "researchAndDevelopmentExpenses": 0,
        "generalAndAdministrativeExpenses": 497016000,
        "sellingAndMarketingExpenses": 0,
        "sellingGeneralAndAdministrativeExpenses": 497016000,
        "otherExpenses": -387335000,
        "operatingExpenses": 109681000,
        "costAndExpenses": 494664000,
        "interestIncome": 0,
        "interestExpense": 31128000,
        "depreciationAndAmortization": 32814000,
        "ebitda": 210259000,
        "ebitdaratio": 0.2995364329,
        "operatingIncome": 164368000,
        "operatingIncomeRatio": 0.2341597953,
        "totalOtherIncomeExpensesNet": -27639000,
        "incomeBeforeTax": 136729000,
        "incomeBeforeTaxRatio": 0.1947850838,
        "incomeTaxExpense": 18691000,
        "netIncome": 46787000,
        "netIncomeRatio": 0.0666530854,
        "eps": 0.38,
        "epsdiluted": 0.37,
        "weightedAverageShsOut": 118394113,
        "weightedAverageShsOutDil": 271218549,
        "link": "https://www.sec.gov/Archives/edgar/data/1849253/000095017024089593/0000950170-24-089593-index.htm",
        "finalLink": "https://www.sec.gov/Archives/edgar/data/1849253/000095017024089593/ryan-20240630.htm"
    },
    {
        "date": "2024-03-31",
        "symbol": "RYAN",
        "reportedCurrency": "USD",
        "cik": "0001849253",
        "fillingDate": "2024-05-02",
        "acceptedDate": "2024-05-02 16:17:34",
        "calendarYear": "2024",
        "period": "Q1",
        "revenue": 558590000,
        "costOfRevenue": 339537000,
        "grossProfit": 198350000,
        "grossProfitRatio": 0.3550904957,
        "researchAndDevelopmentExpenses": 0,
        "generalAndAdministrativeExpenses": 449394000,
        "sellingAndMarketingExpenses": 0,
        "sellingGeneralAndAdministrativeExpenses": 449394000,
        "otherExpenses": -323693000,
        "operatingExpenses": 125701000,
        "costAndExpenses": 435819000,
        "interestIncome": 0,
        "interestExpense": 29400000,
        "depreciationAndAmortization": 30068000,
        "ebitda": 96983000,
        "ebitdaratio": 0.1736210817,
        "operatingIncome": 72649000,
        "operatingIncomeRatio": 0.1300578242,
        "totalOtherIncomeExpensesNet": -25546000,
        "incomeBeforeTax": 47103000,
        "incomeBeforeTaxRatio": 0.0843248178,
        "incomeTaxExpense": 6426000,
        "netIncome": 16535000,
        "netIncomeRatio": 0.0296013176,
        "eps": 0.14,
        "epsdiluted": 0.13,
        "weightedAverageShsOut": 117811805,
        "weightedAverageShsOutDil": 269922368,
        "link": "https://www.sec.gov/Archives/edgar/data/1849253/000095017024052148/0000950170-24-052148-index.htm",
        "finalLink": "https://www.sec.gov/Archives/edgar/data/1849253/000095017024052148/ryan-ex99_1.htm"
    },
    {
        "date": "2023-12-31",
        "symbol": "RYAN",
        "reportedCurrency": "USD",
        "cik": "0001849253",
        "fillingDate": "2024-02-28",
        "acceptedDate": "2024-02-28 07:21:03",
        "calendarYear": "2023",
        "period": "Q4",
        "revenue": 532863000,
        "costOfRevenue": 331735000,
        "grossProfit": 201128000,
        "grossProfitRatio": 0.3774478618,
        "researchAndDevelopmentExpenses": 0,
        "generalAndAdministrativeExpenses": 405321000,
        "sellingAndMarketingExpenses": 0,
        "sellingGeneralAndAdministrativeExpenses": 405321000,
        "otherExpenses": -310612000,
        "operatingExpenses": 94708999,
        "costAndExpenses": 473687000,
        "interestIncome": 0,
        "interestExpense": 29667000,
        "depreciationAndAmortization": 30142000,
        "ebitda": 171897000,
        "ebitdaratio": 0.3225913603,
        "operatingIncome": 96337000,
        "operatingIncomeRatio": 0.1807913103,
        "totalOtherIncomeExpensesNet": -37161000,
        "incomeBeforeTax": 59176000,
        "incomeBeforeTaxRatio": 0.1110529348,
        "incomeTaxExpense": 673000,
        "netIncome": 22846000,
        "netIncomeRatio": 0.0428740596,
        "eps": 0.19,
        "epsdiluted": 0.18,
        "weightedAverageShsOut": 118593062,
        "weightedAverageShsOutDil": 128294999,
        "link": "https://www.sec.gov/Archives/edgar/data/1849253/000095017024021657/0000950170-24-021657-index.htm",
        "finalLink": "https://www.sec.gov/Archives/edgar/data/1849253/000095017024021657/ryan-20231231.htm"
    },
    {
        "date": "2023-09-30",
        "symbol": "RYAN",
        "reportedCurrency": "USD",
        "cik": "0001849253",
        "fillingDate": "2023-11-03",
        "acceptedDate": "2023-11-03 07:00:40",
        "calendarYear": "2023",
        "period": "Q3",
        "revenue": 501938000,
        "costOfRevenue": 329212000,
        "grossProfit": 172726000,
        "grossProfitRatio": 0.3441181979,
        "researchAndDevelopmentExpenses": 0,
        "generalAndAdministrativeExpenses": 398500000,
        "sellingAndMarketingExpenses": 0,
        "sellingGeneralAndAdministrativeExpenses": 398500000,
        "otherExpenses": 33621000,
        "operatingExpenses": 102909000,
        "costAndExpenses": 461408000,
        "interestIncome": 16898000,
        "interestExpense": 31491000,
        "depreciationAndAmortization": 31773000,
        "ebitda": 113208000,
        "ebitdaratio": 0.2255418,
        "operatingIncome": 69817000,
        "operatingIncomeRatio": 0.1390948683,
        "totalOtherIncomeExpensesNet": -29287000,
        "incomeBeforeTax": 40530000,
        "incomeBeforeTaxRatio": 0.0807470245,
        "incomeTaxExpense": 24827000,
        "netIncome": -5047000,
        "netIncomeRatio": -0.0100550267,
        "eps": -0.0436,
        "epsdiluted": -0.0436,
        "weightedAverageShsOut": 115872327,
        "weightedAverageShsOutDil": 115872327,
        "link": "https://www.sec.gov/Archives/edgar/data/1849253/000095017023058503/0000950170-23-058503-index.htm",
        "finalLink": "https://www.sec.gov/Archives/edgar/data/1849253/000095017023058503/ryan-20230930.htm"
    },
    {
        "date": "2023-06-30",
        "symbol": "RYAN",
        "reportedCurrency": "USD",
        "cik": "0001849253",
        "fillingDate": "2023-08-04",
        "acceptedDate": "2023-08-04 07:33:59",
        "calendarYear": "2023",
        "period": "Q2",
        "revenue": 585149000,
        "costOfRevenue": 352360000,
        "grossProfit": 232789000,
        "grossProfitRatio": 0.3978285872,
        "researchAndDevelopmentExpenses": 0,
        "generalAndAdministrativeExpenses": 433968000,
        "sellingAndMarketingExpenses": 0,
        "sellingGeneralAndAdministrativeExpenses": 433968000,
        "otherExpenses": 28341000,
        "operatingExpenses": 109949000,
        "costAndExpenses": 489682000,
        "interestIncome": 16752000,
        "interestExpense": 28881000,
        "depreciationAndAmortization": 26545000,
        "ebitda": 161795000,
        "ebitdaratio": 0.2765022242,
        "operatingIncome": 122840000,
        "operatingIncomeRatio": 0.2099294368,
        "totalOtherIncomeExpensesNet": -27373000,
        "incomeBeforeTax": 95467000,
        "incomeBeforeTaxRatio": 0.1631498986,
        "incomeTaxExpense": 11650000,
        "netIncome": 30078000,
        "netIncomeRatio": 0.0514022924,
        "eps": 0.27,
        "epsdiluted": 0.26,
        "weightedAverageShsOut": 112915557,
        "weightedAverageShsOutDil": 123845655,
        "link": "https://www.sec.gov/Archives/edgar/data/1849253/000095017023038323/0000950170-23-038323-index.htm",
        "finalLink": "https://www.sec.gov/Archives/edgar/data/1849253/000095017023038323/ryan-20230630.htm"
    },
    {
        "date": "2023-03-31",
        "symbol": "RYAN",
        "reportedCurrency": "USD",
        "cik": "0001849253",
        "fillingDate": "2023-05-05",
        "acceptedDate": "2023-05-05 07:04:57",
        "calendarYear": "2023",
        "period": "Q1",
        "revenue": 457599000,
        "costOfRevenue": 307722000,
        "grossProfit": 149877000,
        "grossProfitRatio": 0.3275291248,
        "researchAndDevelopmentExpenses": 0,
        "generalAndAdministrativeExpenses": 359421000,
        "sellingAndMarketingExpenses": 0,
        "sellingGeneralAndAdministrativeExpenses": 359421000,
        "otherExpenses": 28091000,
        "operatingExpenses": 79790000,
        "costAndExpenses": 414847000,
        "interestIncome": 19382000,
        "interestExpense": 29468000,
        "depreciationAndAmortization": 27377000,
        "ebitda": 95416000,
        "ebitdaratio": 0.2085144417,
        "operatingIncome": 42710000,
        "operatingIncomeRatio": 0.0933349942,
        "totalOtherIncomeExpensesNet": -27335000,
        "incomeBeforeTax": 42752000,
        "incomeBeforeTaxRatio": 0.0934267776,
        "incomeTaxExpense": 6295000,
        "netIncome": 36457000,
        "netIncomeRatio": 0.0796701916,
        "eps": 0.33,
        "epsdiluted": 0.14,
        "weightedAverageShsOut": 111034503,
        "weightedAverageShsOutDil": 111034503,
        "link": "https://www.sec.gov/Archives/edgar/data/1849253/000095017023018075/0000950170-23-018075-index.htm",
        "finalLink": "https://www.sec.gov/Archives/edgar/data/1849253/000095017023018075/ryan-20230331.htm"
    },
    {
        "date": "2022-12-31",
        "symbol": "RYAN",
        "reportedCurrency": "USD",
        "cik": "0001849253",
        "fillingDate": "2023-03-01",
        "acceptedDate": "2023-03-01 07:16:39",
        "calendarYear": "2022",
        "period": "Q4",
        "revenue": 435015000,
        "costOfRevenue": 1128981000,
        "grossProfit": -693966000,
        "grossProfitRatio": -1.5952691287,
        "researchAndDevelopmentExpenses": 0,
        "generalAndAdministrativeExpenses": 327662000,
        "sellingAndMarketingExpenses": 0,
        "sellingGeneralAndAdministrativeExpenses": 327662000,
        "otherExpenses": 1108020000,
        "operatingExpenses": 306704000,
        "costAndExpenses": 383374000,
        "interestIncome": 23745000,
        "interestExpense": 29367000,
        "depreciationAndAmortization": 26825000,
        "ebitda": 101362000,
        "ebitdaratio": 0.2330080572,
        "operatingIncome": 53121000,
        "operatingIncomeRatio": 0.1221130306,
        "totalOtherIncomeExpensesNet": -109172000,
        "incomeBeforeTax": 51641000,
        "incomeBeforeTaxRatio": 0.1187108491,
        "incomeTaxExpense": 5859000,
        "netIncome": 45782000,
        "netIncomeRatio": 0.105242348,
        "eps": 0.41,
        "epsdiluted": 0.17,
        "weightedAverageShsOut": 112437825,
        "weightedAverageShsOutDil": 267771000,
        "link": "https://www.sec.gov/Archives/edgar/data/1849253/000095017023005335/0000950170-23-005335-index.htm",
        "finalLink": "https://www.sec.gov/Archives/edgar/data/1849253/000095017023005335/ryan-20221231.htm"
    },
    {
        "date": "2022-09-30",
        "symbol": "RYAN",
        "reportedCurrency": "USD",
        "cik": "0001849253",
        "fillingDate": "2022-11-10",
        "acceptedDate": "2022-11-10 16:32:47",
        "calendarYear": "2022",
        "period": "Q3",
        "revenue": 411996000,
        "costOfRevenue": 274108000,
        "grossProfit": 137888000,
        "grossProfitRatio": 0.334682861,
        "researchAndDevelopmentExpenses": 0,
        "generalAndAdministrativeExpenses": 323099000,
        "sellingAndMarketingExpenses": 0,
        "sellingGeneralAndAdministrativeExpenses": 323099000,
        "otherExpenses": 301661000,
        "operatingExpenses": 350652000,
        "costAndExpenses": 379306000,
        "interestIncome": 24419000,
        "interestExpense": 28864000,
        "depreciationAndAmortization": 27130000,
        "ebitda": 92591000,
        "ebitdaratio": 0.2247376188,
        "operatingIncome": 44020000,
        "operatingIncomeRatio": 0.1068456975,
        "totalOtherIncomeExpensesNet": -28654000,
        "incomeBeforeTax": 32690000,
        "incomeBeforeTaxRatio": 0.0793454305,
        "incomeTaxExpense": 3411000,
        "netIncome": 29279000,
        "netIncomeRatio": 0.0710662239,
        "eps": 0.27,
        "epsdiluted": 0.11,
        "weightedAverageShsOut": 109428073,
        "weightedAverageShsOutDil": 266352389,
        "link": "https://www.sec.gov/Archives/edgar/data/1849253/000095017022024529/0000950170-22-024529-index.htm",
        "finalLink": "https://www.sec.gov/Archives/edgar/data/1849253/000095017022024529/ryan-20220930.htm"
    },
    {
        "date": "2022-06-30",
        "symbol": "RYAN",
        "reportedCurrency": "USD",
        "cik": "0001849253",
        "fillingDate": "2022-08-12",
        "acceptedDate": "2022-08-12 07:40:02",
        "calendarYear": "2022",
        "period": "Q2",
        "revenue": 491292000,
        "costOfRevenue": 310058000,
        "grossProfit": 181234000,
        "grossProfitRatio": 0.3688926341,
        "researchAndDevelopmentExpenses": 0,
        "generalAndAdministrativeExpenses": 358553000,
        "sellingAndMarketingExpenses": 0,
        "sellingGeneralAndAdministrativeExpenses": 358553000,
        "otherExpenses": 337269000,
        "operatingExpenses": 385764000,
        "costAndExpenses": 410004000,
        "interestIncome": 0,
        "interestExpense": 24846000,
        "depreciationAndAmortization": 27462000,
        "ebitda": 142992000,
        "ebitdaratio": 0.2910529787,
        "operatingIncome": 60515000,
        "operatingIncomeRatio": 0.1231752196,
        "totalOtherIncomeExpensesNet": -24240000,
        "incomeBeforeTax": 81288000,
        "incomeBeforeTaxRatio": 0.1654576097,
        "incomeTaxExpense": 11168000,
        "netIncome": 70120000,
        "netIncomeRatio": 0.142725711,
        "eps": 0.63,
        "epsdiluted": 0.58,
        "weightedAverageShsOut": 111206112,
        "weightedAverageShsOutDil": 120205000,
        "link": "https://www.sec.gov/Archives/edgar/data/1849253/000095017022017005/0000950170-22-017005-index.htm",
        "finalLink": "https://www.sec.gov/Archives/edgar/data/1849253/000095017022017005/ryan-20220630.htm"
    },
    {
        "date": "2022-03-31",
        "symbol": "RYAN",
        "reportedCurrency": "USD",
        "cik": "0001849253",
        "fillingDate": "2022-05-13",
        "acceptedDate": "2022-05-13 17:03:29",
        "calendarYear": "2022",
        "period": "Q1",
        "revenue": 386890000,
        "costOfRevenue": 274274000,
        "grossProfit": 112616000,
        "grossProfitRatio": 0.291080152,
        "researchAndDevelopmentExpenses": 0,
        "generalAndAdministrativeExpenses": 316635000,
        "sellingAndMarketingExpenses": 0,
        "sellingGeneralAndAdministrativeExpenses": 316635000,
        "otherExpenses": -679365000,
        "operatingExpenses": -362730000,
        "costAndExpenses": 373317000,
        "interestIncome": 0,
        "interestExpense": 21752000,
        "depreciationAndAmortization": 27874000,
        "ebitda": 43389000,
        "ebitdaratio": 0.1121481558,
        "operatingIncome": 24160000,
        "operatingIncomeRatio": 0.0624466903,
        "totalOtherIncomeExpensesNet": -29816000,
        "incomeBeforeTax": 13573000,
        "incomeBeforeTaxRatio": 0.0350823231,
        "incomeTaxExpense": -4503000,
        "netIncome": 18076000,
        "netIncomeRatio": 0.0467212903,
        "eps": 0.17,
        "epsdiluted": 0.0684,
        "weightedAverageShsOut": 106592836,
        "weightedAverageShsOutDil": 264121066,
        "link": "https://www.sec.gov/Archives/edgar/data/1849253/000095017022009885/0000950170-22-009885-index.htm",
        "finalLink": "https://www.sec.gov/Archives/edgar/data/1849253/000095017022009885/ryan-20220331.htm"
    },
    {
        "date": "2021-12-31",
        "symbol": "RYAN",
        "reportedCurrency": "USD",
        "cik": "0001849253",
        "fillingDate": "2022-03-16",
        "acceptedDate": "2022-03-16 07:00:49",
        "calendarYear": "2021",
        "period": "Q4",
        "revenue": 378535000,
        "costOfRevenue": 991618000,
        "grossProfit": -613083000,
        "grossProfitRatio": -1.6196203786,
        "researchAndDevelopmentExpenses": 0,
        "generalAndAdministrativeExpenses": 295764000,
        "sellingAndMarketingExpenses": 0,
        "sellingGeneralAndAdministrativeExpenses": 295764000,
        "otherExpenses": 1942001000,
        "operatingExpenses": 1246147000,
        "costAndExpenses": 343185000,
        "interestIncome": 0,
        "interestExpense": 19130000,
        "depreciationAndAmortization": 26987000,
        "ebitda": 87635000,
        "ebitdaratio": 0.2315109567,
        "operatingIncome": 34915000,
        "operatingIncomeRatio": 0.0922371775,
        "totalOtherIncomeExpensesNet": -36030000,
        "incomeBeforeTax": 35350000,
        "incomeBeforeTaxRatio": 0.0933863447,
        "incomeTaxExpense": 5734000,
        "netIncome": 29616000,
        "netIncomeRatio": 0.078238472,
        "eps": 0.27,
        "epsdiluted": 0.26,
        "weightedAverageShsOut": 109894548,
        "weightedAverageShsOutDil": 113531000,
        "link": "https://www.sec.gov/Archives/edgar/data/1849253/000095017022003831/0000950170-22-003831-index.htm",
        "finalLink": "https://www.sec.gov/Archives/edgar/data/1849253/000095017022003831/ryan-20211231.htm"
    },
    {
        "date": "2021-09-30",
        "symbol": "RYAN",
        "reportedCurrency": "USD",
        "cik": "0001849253",
        "fillingDate": "2021-11-12",
        "acceptedDate": "2021-11-12 07:03:01",
        "calendarYear": "2021",
        "period": "Q3",
        "revenue": 352766000,
        "costOfRevenue": 286538000,
        "grossProfit": 66228000,
        "grossProfitRatio": 0.1877391812,
        "researchAndDevelopmentExpenses": 0,
        "generalAndAdministrativeExpenses": 325292000,
        "sellingAndMarketingExpenses": 0,
        "sellingGeneralAndAdministrativeExpenses": 325292000,
        "otherExpenses": 28204000,
        "operatingExpenses": 66958000,
        "costAndExpenses": 390724000,
        "interestIncome": 0,
        "interestExpense": 21193000,
        "depreciationAndAmortization": 28161000,
        "ebitda": 41117000,
        "ebitdaratio": 0.1165560173,
        "operatingIncome": 14491000,
        "operatingIncomeRatio": 0.0410782218,
        "totalOtherIncomeExpensesNet": -37228000,
        "incomeBeforeTax": -37958000,
        "incomeBeforeTaxRatio": -0.1076010727,
        "incomeTaxExpense": -5368000,
        "netIncome": -32590000,
        "netIncomeRatio": -0.0923841867,
        "eps": -0.31,
        "epsdiluted": -0.31,
        "weightedAverageShsOut": 105309406,
        "weightedAverageShsOutDil": 105309406,
        "link": "https://www.sec.gov/Archives/edgar/data/1849253/000095017021004217/0000950170-21-004217-index.htm",
        "finalLink": "https://www.sec.gov/Archives/edgar/data/1849253/000095017021004217/ryan-20210930.htm"
    },
    {
        "date": "2021-06-30",
        "symbol": "RYAN",
        "reportedCurrency": "USD",
        "cik": "0001849253",
        "fillingDate": "2021-09-02",
        "acceptedDate": "2021-09-02 16:16:38",
        "calendarYear": "2021",
        "period": "Q2",
        "revenue": 390012000,
        "costOfRevenue": 236801000,
        "grossProfit": 153211000,
        "grossProfitRatio": 0.3928366307,
        "researchAndDevelopmentExpenses": 0,
        "generalAndAdministrativeExpenses": 267486000,
        "sellingAndMarketingExpenses": 0,
        "sellingGeneralAndAdministrativeExpenses": 267486000,
        "otherExpenses": 30264000,
        "operatingExpenses": 60949000,
        "costAndExpenses": 324273000,
        "interestIncome": 0,
        "interestExpense": 18986000,
        "depreciationAndAmortization": 28541000,
        "ebitda": 113266000,
        "ebitdaratio": 0.2904167051,
        "operatingIncome": 84725000,
        "operatingIncomeRatio": 0.2172369055,
        "totalOtherIncomeExpensesNet": -26523000,
        "incomeBeforeTax": 65739000,
        "incomeBeforeTaxRatio": 0.1685563521,
        "incomeTaxExpense": 2332000,
        "netIncome": 63407000,
        "netIncomeRatio": 0.1625770489,
        "eps": 0.6,
        "epsdiluted": 0.6,
        "weightedAverageShsOut": 106488770,
        "weightedAverageShsOutDil": 106488770,
        "link": "https://www.sec.gov/Archives/edgar/data/1849253/000119312521264503/0001193125-21-264503-index.htm",
        "finalLink": "https://www.sec.gov/Archives/edgar/data/1849253/000119312521264503/d216143d10q.htm"
    },
    {
        "date": "2021-03-31",
        "symbol": "RYAN",
        "reportedCurrency": "USD",
        "cik": "0001849253",
        "fillingDate": "2021-03-31",
        "acceptedDate": "2021-03-30 20:00:00",
        "calendarYear": "2021",
        "period": "Q1",
        "revenue": 311458000,
        "costOfRevenue": 198875000,
        "grossProfit": 112583000,
        "grossProfitRatio": 0.3614708885,
        "researchAndDevelopmentExpenses": 0,
        "generalAndAdministrativeExpenses": 242031000,
        "sellingAndMarketingExpenses": 0,
        "sellingGeneralAndAdministrativeExpenses": 242031000,
        "otherExpenses": -537461000,
        "operatingExpenses": -295430000,
        "costAndExpenses": 313025000,
        "interestIncome": 0,
        "interestExpense": 20045000,
        "depreciationAndAmortization": 28994000,
        "ebitda": 76345000,
        "ebitdaratio": 0.2451213326,
        "operatingIncome": 16028000,
        "operatingIncomeRatio": 0.0514611922,
        "totalOtherIncomeExpensesNet": -41410000,
        "incomeBeforeTax": -1567000,
        "incomeBeforeTaxRatio": -0.005031176,
        "incomeTaxExpense": 2234000,
        "netIncome": -6251000,
        "netIncomeRatio": -0.0200701218,
        "eps": -0.0587,
        "epsdiluted": -0.0587,
        "weightedAverageShsOut": 106488770,
        "weightedAverageShsOutDil": 106488770,
        "link": "",
        "finalLink": ""
    },
    {
        "date": "2020-12-31",
        "symbol": "RYAN",
        "reportedCurrency": "USD",
        "cik": "0001849253",
        "fillingDate": "2020-12-31",
        "acceptedDate": "2020-12-31 00:00:00",
        "calendarYear": "2020",
        "period": "Q4",
        "revenue": 326947000,
        "costOfRevenue": 209323000,
        "grossProfit": 117624000,
        "grossProfitRatio": 0.3597647325,
        "researchAndDevelopmentExpenses": 0,
        "generalAndAdministrativeExpenses": 250687000,
        "sellingAndMarketingExpenses": 0,
        "sellingGeneralAndAdministrativeExpenses": 250687000,
        "otherExpenses": -558185000,
        "operatingExpenses": -307498000,
        "costAndExpenses": 327568000,
        "interestIncome": 0,
        "interestExpense": 20948000,
        "depreciationAndAmortization": 30054000,
        "ebitda": 59288000,
        "ebitdaratio": 0.1813382597,
        "operatingIncome": 19449000,
        "operatingIncomeRatio": 0.0594867058,
        "totalOtherIncomeExpensesNet": -29855000,
        "incomeBeforeTax": -621000,
        "incomeBeforeTaxRatio": -0.0018993904,
        "incomeTaxExpense": 2867000,
        "netIncome": -4366000,
        "netIncomeRatio": -0.0133538463,
        "eps": -0.041,
        "epsdiluted": -0.041,
        "weightedAverageShsOut": 106488770,
        "weightedAverageShsOutDil": 106488770,
        "link": null,
        "finalLink": null
    },
    {
        "date": "2020-09-30",
        "symbol": "RYAN",
        "reportedCurrency": "USD",
        "cik": "0001849253",
        "fillingDate": "2020-09-30",
        "acceptedDate": "2020-09-29 20:00:00",
        "calendarYear": "2020",
        "period": "Q3",
        "revenue": 236811000,
        "costOfRevenue": 153450000,
        "grossProfit": 83361000,
        "grossProfitRatio": 0.352014898,
        "researchAndDevelopmentExpenses": 0,
        "generalAndAdministrativeExpenses": 194351000,
        "sellingAndMarketingExpenses": 0,
        "sellingGeneralAndAdministrativeExpenses": 194351000,
        "otherExpenses": -407169000,
        "operatingExpenses": -212818000,
        "costAndExpenses": 223092000,
        "interestIncome": 0,
        "interestExpense": 10859000,
        "depreciationAndAmortization": 16669000,
        "ebitda": 62180000,
        "ebitdaratio": 0.2625722623,
        "operatingIncome": 23993000,
        "operatingIncomeRatio": 0.1013170841,
        "totalOtherIncomeExpensesNet": -12107000,
        "incomeBeforeTax": 13719000,
        "incomeBeforeTaxRatio": 0.0579322751,
        "incomeTaxExpense": 2923000,
        "netIncome": 10211000,
        "netIncomeRatio": 0.043118774,
        "eps": 0.0959,
        "epsdiluted": 0.0959,
        "weightedAverageShsOut": 106488770,
        "weightedAverageShsOutDil": 106488770,
        "link": "",
        "finalLink": ""
    },
    {
        "date": "2020-06-30",
        "symbol": "RYAN",
        "reportedCurrency": "USD",
        "cik": "0001849253",
        "fillingDate": "2020-06-30",
        "acceptedDate": "2020-06-29 20:00:00",
        "calendarYear": "2020",
        "period": "Q2",
        "revenue": 246324000,
        "costOfRevenue": 155009000,
        "grossProfit": 91315000,
        "grossProfitRatio": 0.3707109336,
        "researchAndDevelopmentExpenses": 0,
        "generalAndAdministrativeExpenses": 178679000,
        "sellingAndMarketingExpenses": 0,
        "sellingGeneralAndAdministrativeExpenses": 178679000,
        "otherExpenses": -366718000,
        "operatingExpenses": -188039000,
        "costAndExpenses": 194852000,
        "interestIncome": 0,
        "interestExpense": 6759000,
        "depreciationAndAmortization": 9969000,
        "ebitda": 73831000,
        "ebitdaratio": 0.2997312483,
        "operatingIncome": 58285000,
        "operatingIncomeRatio": 0.2366192494,
        "totalOtherIncomeExpensesNet": -6204000,
        "incomeBeforeTax": 51472000,
        "incomeBeforeTaxRatio": 0.208960556,
        "incomeTaxExpense": 1585000,
        "netIncome": 49941000,
        "netIncomeRatio": 0.2027451649,
        "eps": 0.47,
        "epsdiluted": 0.47,
        "weightedAverageShsOut": 106488770,
        "weightedAverageShsOutDil": 106488770,
        "link": "",
        "finalLink": ""
    },
    {
        "date": "2020-03-31",
        "symbol": "RYAN",
        "reportedCurrency": "USD",
        "cik": "0001849253",
        "fillingDate": "2020-03-31",
        "acceptedDate": "2020-03-31 00:00:00",
        "calendarYear": "2020",
        "period": "Q1",
        "revenue": 208192000,
        "costOfRevenue": 140370000,
        "grossProfit": 67822000,
        "grossProfitRatio": 0.3257666001,
        "researchAndDevelopmentExpenses": 0,
        "generalAndAdministrativeExpenses": 169819000,
        "sellingAndMarketingExpenses": 0,
        "sellingGeneralAndAdministrativeExpenses": 169819000,
        "otherExpenses": -355439000,
        "operatingExpenses": -185620000,
        "costAndExpenses": 193297000,
        "interestIncome": 0,
        "interestExpense": 8677000,
        "depreciationAndAmortization": 10809000,
        "ebitda": 38373000,
        "ebitdaratio": 0.1843154396,
        "operatingIncome": 22572000,
        "operatingIncomeRatio": 0.1084191516,
        "totalOtherIncomeExpensesNet": -11637000,
        "incomeBeforeTax": 14895000,
        "incomeBeforeTaxRatio": 0.0715445358,
        "incomeTaxExpense": 1577000,
        "netIncome": 12318000,
        "netIncomeRatio": 0.0591665386,
        "eps": 0.12,
        "epsdiluted": 0.12,
        "weightedAverageShsOut": 106488770,
        "weightedAverageShsOutDil": 106488770,
        "link": "",
        "finalLink": ""
    }
]