[
    {
        "date": "2023-12-31",
        "symbol": "SAI",
        "reportedCurrency": "USD",
        "cik": "0001847075",
        "fillingDate": "2023-12-31",
        "acceptedDate": "2023-12-31 00:00:00",
        "calendarYear": "2023",
        "period": "Q4",
        "revenue": 3750000,
        "costOfRevenue": 5022000,
        "grossProfit": -1272000,
        "grossProfitRatio": -0.3392,
        "researchAndDevelopmentExpenses": 244000,
        "generalAndAdministrativeExpenses": 2598000,
        "sellingAndMarketingExpenses": 482000,
        "sellingGeneralAndAdministrativeExpenses": 3080000,
        "otherExpenses": 1251000,
        "operatingExpenses": 2236000,
        "costAndExpenses": 7258000,
        "interestIncome": 0,
        "interestExpense": 0,
        "depreciationAndAmortization": 797000,
        "ebitda": -2249000,
        "ebitdaratio": -0.5997333333,
        "operatingIncome": -3046000,
        "operatingIncomeRatio": -0.8122666667,
        "totalOtherIncomeExpensesNet": 651000,
        "incomeBeforeTax": -2395000,
        "incomeBeforeTaxRatio": -0.6386666667,
        "incomeTaxExpense": 0,
        "netIncome": -2395000,
        "netIncomeRatio": -0.6386666667,
        "eps": -0.10220000000000001,
        "epsdiluted": -0.10220000000000001,
        "weightedAverageShsOut": 23458982,
        "weightedAverageShsOutDil": 23458982,
        "link": "https://www.sec.gov/Archives/edgar/data/1847075/000121390024035379/0001213900-24-035379-index.htm",
        "finalLink": "https://www.sec.gov/Archives/edgar/data/1847075/000121390024035379/ea0203793-20f_saitech.htm"
    },
    {
        "date": "2023-06-30",
        "symbol": "SAI",
        "reportedCurrency": "USD",
        "cik": "0001847075",
        "fillingDate": "2023-06-30",
        "acceptedDate": "2023-06-30 00:00:00",
        "calendarYear": "2023",
        "period": "Q2",
        "revenue": 3026000,
        "costOfRevenue": 2847000,
        "grossProfit": 179000,
        "grossProfitRatio": 0.0591539987,
        "researchAndDevelopmentExpenses": 609000,
        "generalAndAdministrativeExpenses": 3105000,
        "sellingAndMarketingExpenses": 652000,
        "sellingGeneralAndAdministrativeExpenses": 3757000,
        "otherExpenses": 0,
        "operatingExpenses": 3904000,
        "costAndExpenses": 6751000,
        "interestIncome": 0,
        "interestExpense": 0,
        "depreciationAndAmortization": 753000,
        "ebitda": -3434000,
        "ebitdaratio": -1.1348314607,
        "operatingIncome": -4187000,
        "operatingIncomeRatio": -1.3836748182,
        "totalOtherIncomeExpensesNet": 462000,
        "incomeBeforeTax": -3725000,
        "incomeBeforeTaxRatio": -1.2309980172,
        "incomeTaxExpense": 0,
        "netIncome": -3725000,
        "netIncomeRatio": -1.2309980172,
        "eps": -0.1578,
        "epsdiluted": -0.1578,
        "weightedAverageShsOut": 23611815,
        "weightedAverageShsOutDil": 23611768,
        "link": null,
        "finalLink": null
    },
    {
        "date": "2022-12-31",
        "symbol": "SAI",
        "reportedCurrency": "USD",
        "cik": "0001847075",
        "fillingDate": "2022-12-31",
        "acceptedDate": "2022-12-31 00:00:00",
        "calendarYear": "2022",
        "period": "Q4",
        "revenue": 5262000,
        "costOfRevenue": 4724000,
        "grossProfit": 538000,
        "grossProfitRatio": 0.1022424933,
        "researchAndDevelopmentExpenses": 347000,
        "generalAndAdministrativeExpenses": 3506000,
        "sellingAndMarketingExpenses": 860000,
        "sellingGeneralAndAdministrativeExpenses": 4366000,
        "otherExpenses": 0,
        "operatingExpenses": 6654000,
        "costAndExpenses": 11378000,
        "interestIncome": 0,
        "interestExpense": 0,
        "depreciationAndAmortization": 753000,
        "ebitda": -3422000,
        "ebitdaratio": -0.6503230711,
        "operatingIncome": -4175000,
        "operatingIncomeRatio": -0.7934245534,
        "totalOtherIncomeExpensesNet": -1941000,
        "incomeBeforeTax": -6116000,
        "incomeBeforeTaxRatio": -1.1622957051,
        "incomeTaxExpense": 0,
        "netIncome": -6116000,
        "netIncomeRatio": -1.1622957051,
        "eps": -0.38,
        "epsdiluted": -0.38,
        "weightedAverageShsOut": 15884971,
        "weightedAverageShsOutDil": 15884941,
        "link": "https://www.sec.gov/Archives/edgar/data/1847075/000121390023031047/0001213900-23-031047-index.htm",
        "finalLink": "https://www.sec.gov/Archives/edgar/data/1847075/000121390023031047/f20f2022_saitech.htm"
    },
    {
        "date": "2022-06-30",
        "symbol": "SAI",
        "reportedCurrency": "USD",
        "cik": "0001847075",
        "fillingDate": "2022-06-30",
        "acceptedDate": "2022-06-30 00:00:00",
        "calendarYear": "2022",
        "period": "Q2",
        "revenue": 5376000,
        "costOfRevenue": 4774000,
        "grossProfit": 602000,
        "grossProfitRatio": 0.1119791667,
        "researchAndDevelopmentExpenses": 64500,
        "generalAndAdministrativeExpenses": 1287000,
        "sellingAndMarketingExpenses": 119000,
        "sellingGeneralAndAdministrativeExpenses": 2176164,
        "otherExpenses": 0,
        "operatingExpenses": 2176164,
        "costAndExpenses": 6950164,
        "interestIncome": 0,
        "interestExpense": 0,
        "depreciationAndAmortization": 38000,
        "ebitda": -1131500,
        "ebitdaratio": -0.2104724702,
        "operatingIncome": -1574160,
        "operatingIncomeRatio": -0.2928125,
        "totalOtherIncomeExpensesNet": -522668,
        "incomeBeforeTax": -2096828,
        "incomeBeforeTaxRatio": -0.3900349702,
        "incomeTaxExpense": 0,
        "netIncome": -2096828,
        "netIncomeRatio": -0.3900349702,
        "eps": -0.0929,
        "epsdiluted": -0.0929,
        "weightedAverageShsOut": 22564287,
        "weightedAverageShsOutDil": 22564287,
        "link": null,
        "finalLink": null
    },
    {
        "date": "2021-12-31",
        "symbol": "SAI",
        "reportedCurrency": "USD",
        "cik": "0001847075",
        "fillingDate": "2021-12-31",
        "acceptedDate": "2021-12-30 19:00:00",
        "calendarYear": "2021",
        "period": "Q4",
        "revenue": 9048000,
        "costOfRevenue": 8925000,
        "grossProfit": 123000,
        "grossProfitRatio": 0.0135941645,
        "researchAndDevelopmentExpenses": 189000,
        "generalAndAdministrativeExpenses": 1501000,
        "sellingAndMarketingExpenses": 14657000,
        "sellingGeneralAndAdministrativeExpenses": 16157999,
        "otherExpenses": 0,
        "operatingExpenses": 16689000,
        "costAndExpenses": 25614000,
        "interestIncome": 0,
        "interestExpense": 0,
        "depreciationAndAmortization": 72000,
        "ebitda": -16151999,
        "ebitdaratio": -1.7851457781,
        "operatingIncome": -16223999,
        "operatingIncomeRatio": -1.7931033378,
        "totalOtherIncomeExpensesNet": -342001,
        "incomeBeforeTax": -16566000,
        "incomeBeforeTaxRatio": -1.8309018568,
        "incomeTaxExpense": 9000,
        "netIncome": -17180999,
        "netIncomeRatio": -1.8988725685,
        "eps": -7.37,
        "epsdiluted": -7.37,
        "weightedAverageShsOut": 5836013,
        "weightedAverageShsOutDil": 5836013,
        "link": "https://www.sec.gov/Archives/edgar/data/1847075/000121390022030453/0001213900-22-030453-index.htm",
        "finalLink": "https://www.sec.gov/Archives/edgar/data/1847075/000121390022030453/f20f2022_saitechglobal.htm"
    },
    {
        "date": "2021-06-30",
        "symbol": "SAI",
        "reportedCurrency": "USD",
        "cik": "0001847075",
        "fillingDate": "2021-06-30",
        "acceptedDate": "2021-06-30 19:00:00",
        "calendarYear": "2021",
        "period": "Q2",
        "revenue": 7990000,
        "costOfRevenue": 6849000,
        "grossProfit": 1141000,
        "grossProfitRatio": 0.1428035044,
        "researchAndDevelopmentExpenses": 230000,
        "generalAndAdministrativeExpenses": 882000,
        "sellingAndMarketingExpenses": 122000,
        "sellingGeneralAndAdministrativeExpenses": 1004000,
        "otherExpenses": 0,
        "operatingExpenses": 1255000,
        "costAndExpenses": 8104000,
        "interestIncome": 0,
        "interestExpense": 0,
        "depreciationAndAmortization": 80000,
        "ebitda": -13000,
        "ebitdaratio": -0.0016270338,
        "operatingIncome": -93000,
        "operatingIncomeRatio": -0.0116395494,
        "totalOtherIncomeExpensesNet": -21000,
        "incomeBeforeTax": -114000,
        "incomeBeforeTaxRatio": -0.0142678348,
        "incomeTaxExpense": 33000,
        "netIncome": -587000,
        "netIncomeRatio": -0.0734668335,
        "eps": -0.0064,
        "epsdiluted": -0.0064,
        "weightedAverageShsOut": 5836013,
        "weightedAverageShsOutDil": 5836013,
        "link": "https://www.sec.gov/Archives/edgar/data/1847075/000110465921105077/0001104659-21-105077-index.htm",
        "finalLink": "https://www.sec.gov/Archives/edgar/data/1847075/000110465921105077/tugc-20210630x10q.htm"
    },
    {
        "date": "2020-12-31",
        "symbol": "SAI",
        "reportedCurrency": "USD",
        "cik": "0001847075",
        "fillingDate": "2020-12-31",
        "acceptedDate": "2020-12-31 00:00:00",
        "calendarYear": "2020",
        "period": "Q4",
        "revenue": 1866000,
        "costOfRevenue": 919000,
        "grossProfit": 947000,
        "grossProfitRatio": 0.5075026795,
        "researchAndDevelopmentExpenses": 258000,
        "generalAndAdministrativeExpenses": 163000,
        "sellingAndMarketingExpenses": 1000,
        "sellingGeneralAndAdministrativeExpenses": 164000,
        "otherExpenses": 0,
        "operatingExpenses": 456998,
        "costAndExpenses": 1376000,
        "interestIncome": 0,
        "interestExpense": 0,
        "depreciationAndAmortization": 32000,
        "ebitda": 557000,
        "ebitdaratio": 0.2984994641,
        "operatingIncome": 525000,
        "operatingIncomeRatio": 0.2813504823,
        "totalOtherIncomeExpensesNet": -35000,
        "incomeBeforeTax": 490000,
        "incomeBeforeTaxRatio": 0.2625937835,
        "incomeTaxExpense": 78000,
        "netIncome": 9000,
        "netIncomeRatio": 0.0048231511,
        "eps": 9.6e-05,
        "epsdiluted": 9.67106e-05,
        "weightedAverageShsOut": 93750000,
        "weightedAverageShsOutDil": 93061216,
        "link": null,
        "finalLink": null
    },
    {
        "date": "2020-06-30",
        "symbol": "SAI",
        "reportedCurrency": "USD",
        "cik": "0001847075",
        "fillingDate": "2020-06-30",
        "acceptedDate": "2020-06-30 00:00:00",
        "calendarYear": "2020",
        "period": "Q2",
        "revenue": 91000,
        "costOfRevenue": 136000,
        "grossProfit": -45000,
        "grossProfitRatio": -0.4945054945,
        "researchAndDevelopmentExpenses": 90000,
        "generalAndAdministrativeExpenses": 68000,
        "sellingAndMarketingExpenses": 0,
        "sellingGeneralAndAdministrativeExpenses": 68000,
        "otherExpenses": 0,
        "operatingExpenses": 10999.999999999996,
        "costAndExpenses": 147000,
        "interestIncome": 0,
        "interestExpense": 0,
        "depreciationAndAmortization": 2000,
        "ebitda": -201000,
        "ebitdaratio": -2.2087912088,
        "operatingIncome": -203000,
        "operatingIncomeRatio": -2.2307692308,
        "totalOtherIncomeExpensesNet": 169000,
        "incomeBeforeTax": -34000,
        "incomeBeforeTaxRatio": -0.3736263736,
        "incomeTaxExpense": 25000,
        "netIncome": -9000,
        "netIncomeRatio": -0.0989010989,
        "eps": -9.63736e-05,
        "epsdiluted": -9.67526e-05,
        "weightedAverageShsOut": 93386627,
        "weightedAverageShsOutDil": 93020840,
        "link": null,
        "finalLink": null
    }
]