[
    {
        "date": "2025-09-30",
        "symbol": "SCI",
        "reportedCurrency": "USD",
        "cik": "0000089089",
        "fillingDate": "2025-10-30",
        "acceptedDate": "2025-10-30 14:00:59",
        "calendarYear": "2025",
        "period": "Q3",
        "revenue": 1058096000,
        "costOfRevenue": 792553000,
        "grossProfit": 265543000,
        "grossProfitRatio": 0.2509630506,
        "researchAndDevelopmentExpenses": 0,
        "generalAndAdministrativeExpenses": 38332000,
        "sellingAndMarketingExpenses": 0,
        "sellingGeneralAndAdministrativeExpenses": 38332000,
        "otherExpenses": 820000,
        "operatingExpenses": 39152000,
        "costAndExpenses": 831705000,
        "interestIncome": 0,
        "interestExpense": 65683000,
        "depreciationAndAmortization": 0,
        "ebitda": 226544000,
        "ebitdaratio": 0.2141053364,
        "operatingIncome": 226391000,
        "operatingIncomeRatio": 0.213960737,
        "totalOtherIncomeExpensesNet": -65530000,
        "incomeBeforeTax": 160861000,
        "incomeBeforeTaxRatio": 0.1520287384,
        "incomeTaxExpense": 43339000,
        "netIncome": 117473000,
        "netIncomeRatio": 0.1110230074,
        "eps": 0.84,
        "epsdiluted": 0.83,
        "weightedAverageShsOut": 142097000,
        "weightedAverageShsOutDil": 143227000,
        "link": "https://www.sec.gov/Archives/edgar/data/89089/000008908925000083/0000089089-25-000083-index.htm",
        "finalLink": "https://www.sec.gov/Archives/edgar/data/89089/000008908925000083/sci-20250930.htm"
    },
    {
        "date": "2025-06-30",
        "symbol": "SCI",
        "reportedCurrency": "USD",
        "cik": "0000089089",
        "fillingDate": "2025-07-31",
        "acceptedDate": "2025-07-31 15:59:27",
        "calendarYear": "2025",
        "period": "Q2",
        "revenue": 1065444000,
        "costOfRevenue": 794006000,
        "grossProfit": 271438000,
        "grossProfitRatio": 0.2547651496,
        "researchAndDevelopmentExpenses": 0,
        "generalAndAdministrativeExpenses": 49466000,
        "sellingAndMarketingExpenses": 0,
        "sellingGeneralAndAdministrativeExpenses": 49466000,
        "otherExpenses": -2487000,
        "operatingExpenses": 46979000,
        "costAndExpenses": 840985000,
        "interestIncome": 0,
        "interestExpense": 64071000,
        "depreciationAndAmortization": 84271000,
        "ebitda": 312644000,
        "ebitdaratio": 0.2934401057,
        "operatingIncome": 224459000,
        "operatingIncomeRatio": 0.210671795,
        "totalOtherIncomeExpensesNet": -60157000,
        "incomeBeforeTax": 164302000,
        "incomeBeforeTaxRatio": 0.1542098881,
        "incomeTaxExpense": 41378000,
        "netIncome": 122865000,
        "netIncomeRatio": 0.1153181209,
        "eps": 0.87,
        "epsdiluted": 0.86,
        "weightedAverageShsOut": 143001000,
        "weightedAverageShsOutDil": 144134000,
        "link": "https://www.sec.gov/Archives/edgar/data/89089/000162828025036985/0001628280-25-036985-index.htm",
        "finalLink": "https://www.sec.gov/Archives/edgar/data/89089/000162828025036985/sci-20250630.htm"
    },
    {
        "date": "2025-03-31",
        "symbol": "SCI",
        "reportedCurrency": "USD",
        "cik": "0000089089",
        "fillingDate": "2025-05-01",
        "acceptedDate": "2025-05-01 15:09:01",
        "calendarYear": "2025",
        "period": "Q1",
        "revenue": 1074167000,
        "costOfRevenue": 782750000,
        "grossProfit": 291417000,
        "grossProfitRatio": 0.2712958041,
        "researchAndDevelopmentExpenses": 0,
        "generalAndAdministrativeExpenses": 44701000,
        "sellingAndMarketingExpenses": 0,
        "sellingGeneralAndAdministrativeExpenses": 44701000,
        "otherExpenses": -4971000,
        "operatingExpenses": 39730000,
        "costAndExpenses": 822480000,
        "interestIncome": 0,
        "interestExpense": 61483000,
        "depreciationAndAmortization": 80622000,
        "ebitda": 335461000,
        "ebitdaratio": 0.3122987394,
        "operatingIncome": 251687000,
        "operatingIncomeRatio": 0.2343090041,
        "totalOtherIncomeExpensesNet": -58331000,
        "incomeBeforeTax": 193356000,
        "incomeBeforeTaxRatio": 0.1800055299,
        "incomeTaxExpense": 50429000,
        "netIncome": 142880000,
        "netIncomeRatio": 0.1330146988,
        "eps": 0.99,
        "epsdiluted": 0.98,
        "weightedAverageShsOut": 144116000,
        "weightedAverageShsOutDil": 145292000,
        "link": "https://www.sec.gov/Archives/edgar/data/89089/000008908925000058/0000089089-25-000058-index.htm",
        "finalLink": "https://www.sec.gov/Archives/edgar/data/89089/000008908925000058/sci-20250331.htm"
    },
    {
        "date": "2024-12-31",
        "symbol": "SCI",
        "reportedCurrency": "USD",
        "cik": "0000089089",
        "fillingDate": "2025-02-13",
        "acceptedDate": "2025-02-13 16:58:05",
        "calendarYear": "2024",
        "period": "Q4",
        "revenue": 1093023000,
        "costOfRevenue": 787133000,
        "grossProfit": 305890000,
        "grossProfitRatio": 0.279856874,
        "researchAndDevelopmentExpenses": 0,
        "generalAndAdministrativeExpenses": 14964000,
        "sellingAndMarketingExpenses": 0,
        "sellingGeneralAndAdministrativeExpenses": 14964000,
        "otherExpenses": 28713000,
        "operatingExpenses": 43677000,
        "costAndExpenses": 830810000,
        "interestIncome": 0,
        "interestExpense": 63231000,
        "depreciationAndAmortization": 90821000,
        "ebitda": 351566000,
        "ebitdaratio": 0.3216455646,
        "operatingIncome": 262213000,
        "operatingIncomeRatio": 0.2398970561,
        "totalOtherIncomeExpensesNet": -64699000,
        "incomeBeforeTax": 197514000,
        "incomeBeforeTaxRatio": 0.1807043402,
        "incomeTaxExpense": 46116000,
        "netIncome": 151354000,
        "netIncomeRatio": 0.1384728409,
        "eps": 1.05,
        "epsdiluted": 1.04,
        "weightedAverageShsOut": 144825000,
        "weightedAverageShsOutDil": 146189000,
        "link": "https://www.sec.gov/Archives/edgar/data/89089/000008908925000011/0000089089-25-000011-index.htm",
        "finalLink": "https://www.sec.gov/Archives/edgar/data/89089/000008908925000011/sci-20241231.htm"
    },
    {
        "date": "2024-09-30",
        "symbol": "SCI",
        "reportedCurrency": "USD",
        "cik": "0000089089",
        "fillingDate": "2024-10-31",
        "acceptedDate": "2024-10-31 16:11:19",
        "calendarYear": "2024",
        "period": "Q3",
        "revenue": 1013958000,
        "costOfRevenue": 761319000,
        "grossProfit": 252639000,
        "grossProfitRatio": 0.2491612079,
        "researchAndDevelopmentExpenses": 0,
        "generalAndAdministrativeExpenses": 43732000,
        "sellingAndMarketingExpenses": 0,
        "sellingGeneralAndAdministrativeExpenses": 43732000,
        "otherExpenses": -3515000,
        "operatingExpenses": 40217000,
        "costAndExpenses": 801536000,
        "interestIncome": 0,
        "interestExpense": 65804000,
        "depreciationAndAmortization": 80303000,
        "ebitda": 295515000,
        "ebitdaratio": 0.291446983,
        "operatingIncome": 212422000,
        "operatingIncomeRatio": 0.2094978293,
        "totalOtherIncomeExpensesNet": -63014000,
        "incomeBeforeTax": 149408000,
        "incomeBeforeTaxRatio": 0.147351271,
        "incomeTaxExpense": 31547000,
        "netIncome": 117827000,
        "netIncomeRatio": 0.1162050105,
        "eps": 0.81,
        "epsdiluted": 0.81,
        "weightedAverageShsOut": 144706000,
        "weightedAverageShsOutDil": 146223000,
        "link": "https://www.sec.gov/Archives/edgar/data/89089/000008908924000175/0000089089-24-000175-index.htm",
        "finalLink": "https://www.sec.gov/Archives/edgar/data/89089/000008908924000175/sci-20240930.htm"
    },
    {
        "date": "2024-06-30",
        "symbol": "SCI",
        "reportedCurrency": "USD",
        "cik": "0000089089",
        "fillingDate": "2024-08-01",
        "acceptedDate": "2024-08-01 17:07:11",
        "calendarYear": "2024",
        "period": "Q2",
        "revenue": 1034016000,
        "costOfRevenue": 776101000,
        "grossProfit": 257915000,
        "grossProfitRatio": 0.2494303763,
        "researchAndDevelopmentExpenses": 0,
        "generalAndAdministrativeExpenses": 38998000,
        "sellingAndMarketingExpenses": 0,
        "sellingGeneralAndAdministrativeExpenses": 38998000,
        "otherExpenses": -1924000,
        "operatingExpenses": 37074000,
        "costAndExpenses": 813175000,
        "interestIncome": 0,
        "interestExpense": 64384000,
        "depreciationAndAmortization": 80566000,
        "ebitda": 303132000,
        "ebitdaratio": 0.2931598737,
        "operatingIncome": 220841000,
        "operatingIncomeRatio": 0.2135759988,
        "totalOtherIncomeExpensesNet": -62659000,
        "incomeBeforeTax": 158182000,
        "incomeBeforeTaxRatio": 0.1529782905,
        "incomeTaxExpense": 39962000,
        "netIncome": 118166000,
        "netIncomeRatio": 0.1142786959,
        "eps": 0.81,
        "epsdiluted": 0.81,
        "weightedAverageShsOut": 145297000,
        "weightedAverageShsOutDil": 146784000,
        "link": "https://www.sec.gov/Archives/edgar/data/89089/000008908924000137/0000089089-24-000137-index.htm",
        "finalLink": "https://www.sec.gov/Archives/edgar/data/89089/000008908924000137/sci-20240630.htm"
    },
    {
        "date": "2024-03-31",
        "symbol": "SCI",
        "reportedCurrency": "USD",
        "cik": "0000089089",
        "fillingDate": "2024-05-02",
        "acceptedDate": "2024-05-02 16:52:04",
        "calendarYear": "2024",
        "period": "Q1",
        "revenue": 1045382000,
        "costOfRevenue": 771169000,
        "grossProfit": 274213000,
        "grossProfitRatio": 0.2623088976,
        "researchAndDevelopmentExpenses": 0,
        "generalAndAdministrativeExpenses": 41325000,
        "sellingAndMarketingExpenses": 0,
        "sellingGeneralAndAdministrativeExpenses": 41325000,
        "otherExpenses": 0,
        "operatingExpenses": 41325000,
        "costAndExpenses": 812494000,
        "interestIncome": 0,
        "interestExpense": 64352000,
        "depreciationAndAmortization": 76253000,
        "ebitda": 309141000,
        "ebitdaratio": 0.2957206074,
        "operatingIncome": 232204000,
        "operatingIncomeRatio": 0.2221235874,
        "totalOtherIncomeExpensesNet": -61890000,
        "incomeBeforeTax": 170314000,
        "incomeBeforeTaxRatio": 0.1629203487,
        "incomeTaxExpense": 39040000,
        "netIncome": 131301000,
        "netIncomeRatio": 0.1256009765,
        "eps": 0.9,
        "epsdiluted": 0.89,
        "weightedAverageShsOut": 146266000,
        "weightedAverageShsOutDil": 147913000,
        "link": "https://www.sec.gov/Archives/edgar/data/89089/000008908924000093/0000089089-24-000093-index.htm",
        "finalLink": "https://www.sec.gov/Archives/edgar/data/89089/000008908924000093/sci-20240331.htm"
    },
    {
        "date": "2023-12-31",
        "symbol": "SCI",
        "reportedCurrency": "USD",
        "cik": "0000089089",
        "fillingDate": "2024-02-13",
        "acceptedDate": "2024-02-13 17:15:45",
        "calendarYear": "2023",
        "period": "Q4",
        "revenue": 1055796000,
        "costOfRevenue": 768234000,
        "grossProfit": 287562000,
        "grossProfitRatio": 0.272365116,
        "researchAndDevelopmentExpenses": 0,
        "generalAndAdministrativeExpenses": 45074000,
        "sellingAndMarketingExpenses": 0,
        "sellingGeneralAndAdministrativeExpenses": 45074000,
        "otherExpenses": 0,
        "operatingExpenses": 45074000,
        "costAndExpenses": 813308000,
        "interestIncome": 0,
        "interestExpense": 64543000,
        "depreciationAndAmortization": 83964000,
        "ebitda": 325001000,
        "ebitdaratio": 0.3078255648,
        "operatingIncome": 242117000,
        "operatingIncomeRatio": 0.2293217629,
        "totalOtherIncomeExpensesNet": -62278000,
        "incomeBeforeTax": 179839000,
        "incomeBeforeTaxRatio": 0.170334989,
        "incomeTaxExpense": 41402000,
        "netIncome": 138395000,
        "netIncomeRatio": 0.1310811937,
        "eps": 0.94,
        "epsdiluted": 0.93,
        "weightedAverageShsOut": 147334000,
        "weightedAverageShsOutDil": 148783000,
        "link": "https://www.sec.gov/Archives/edgar/data/89089/000008908924000011/0000089089-24-000011-index.htm",
        "finalLink": "https://www.sec.gov/Archives/edgar/data/89089/000008908924000011/sci-20231231.htm"
    },
    {
        "date": "2023-09-30",
        "symbol": "SCI",
        "reportedCurrency": "USD",
        "cik": "0000089089",
        "fillingDate": "2023-11-02",
        "acceptedDate": "2023-11-02 14:49:14",
        "calendarYear": "2023",
        "period": "Q3",
        "revenue": 1001859000,
        "costOfRevenue": 748176000,
        "grossProfit": 253683000,
        "grossProfitRatio": 0.2532122784,
        "researchAndDevelopmentExpenses": 0,
        "generalAndAdministrativeExpenses": 33213000,
        "sellingAndMarketingExpenses": 0,
        "sellingGeneralAndAdministrativeExpenses": 33213000,
        "otherExpenses": -2542000,
        "operatingExpenses": 30671000,
        "costAndExpenses": 778847000,
        "interestIncome": 0,
        "interestExpense": 61512000,
        "depreciationAndAmortization": 77128000,
        "ebitda": 297598000,
        "ebitdaratio": 0.2970457919,
        "operatingIncome": 223012000,
        "operatingIncomeRatio": 0.22259819,
        "totalOtherIncomeExpensesNet": -61384000,
        "incomeBeforeTax": 161628000,
        "incomeBeforeTaxRatio": 0.1613280911,
        "incomeTaxExpense": 39585000,
        "netIncome": 121971000,
        "netIncomeRatio": 0.1217446766,
        "eps": 0.81,
        "epsdiluted": 0.8,
        "weightedAverageShsOut": 150630000,
        "weightedAverageShsOutDil": 152289000,
        "link": "https://www.sec.gov/Archives/edgar/data/89089/000008908923000065/0000089089-23-000065-index.htm",
        "finalLink": "https://www.sec.gov/Archives/edgar/data/89089/000008908923000065/sci-20230930.htm"
    },
    {
        "date": "2023-06-30",
        "symbol": "SCI",
        "reportedCurrency": "USD",
        "cik": "0000089089",
        "fillingDate": "2023-08-02",
        "acceptedDate": "2023-08-02 15:21:26",
        "calendarYear": "2023",
        "period": "Q2",
        "revenue": 1013414000,
        "costOfRevenue": 751946000,
        "grossProfit": 261468000,
        "grossProfitRatio": 0.2580070929,
        "researchAndDevelopmentExpenses": 0,
        "generalAndAdministrativeExpenses": 34921000,
        "sellingAndMarketingExpenses": 0,
        "sellingGeneralAndAdministrativeExpenses": 34921000,
        "otherExpenses": -6954000,
        "operatingExpenses": 27967000,
        "costAndExpenses": 779913000,
        "interestIncome": 0,
        "interestExpense": 59476000,
        "depreciationAndAmortization": 78967000,
        "ebitda": 305514000,
        "ebitdaratio": 0.3014700803,
        "operatingIncome": 233501000,
        "operatingIncomeRatio": 0.2304102766,
        "totalOtherIncomeExpensesNet": -58220000,
        "incomeBeforeTax": 175281000,
        "incomeBeforeTaxRatio": 0.1729609025,
        "incomeTaxExpense": 42929000,
        "netIncome": 132188000,
        "netIncomeRatio": 0.1304383006,
        "eps": 0.87,
        "epsdiluted": 0.86,
        "weightedAverageShsOut": 151233000,
        "weightedAverageShsOutDil": 153132000,
        "link": "https://www.sec.gov/Archives/edgar/data/89089/000008908923000055/0000089089-23-000055-index.htm",
        "finalLink": "https://www.sec.gov/Archives/edgar/data/89089/000008908923000055/sci-20230630.htm"
    },
    {
        "date": "2023-03-31",
        "symbol": "SCI",
        "reportedCurrency": "USD",
        "cik": "0000089089",
        "fillingDate": "2023-05-02",
        "acceptedDate": "2023-05-02 15:48:19",
        "calendarYear": "2023",
        "period": "Q1",
        "revenue": 1028709000,
        "costOfRevenue": 739615000,
        "grossProfit": 289094000,
        "grossProfitRatio": 0.2810260239,
        "researchAndDevelopmentExpenses": 0,
        "generalAndAdministrativeExpenses": 44160000,
        "sellingAndMarketingExpenses": 0,
        "sellingGeneralAndAdministrativeExpenses": 44160000,
        "otherExpenses": 0,
        "operatingExpenses": 44160000,
        "costAndExpenses": 783775000,
        "interestIncome": 0,
        "interestExpense": 53916000,
        "depreciationAndAmortization": 71183000,
        "ebitda": 316117000,
        "ebitdaratio": 0.3072948715,
        "operatingIncome": 245625000,
        "operatingIncomeRatio": 0.2387701478,
        "totalOtherIncomeExpensesNet": -53767000,
        "incomeBeforeTax": 191858000,
        "incomeBeforeTaxRatio": 0.1865036662,
        "incomeTaxExpense": 47029000,
        "netIncome": 144763000,
        "netIncomeRatio": 0.1407229839,
        "eps": 0.95,
        "epsdiluted": 0.93,
        "weightedAverageShsOut": 153125000,
        "weightedAverageShsOutDil": 155300000,
        "link": "https://www.sec.gov/Archives/edgar/data/89089/000008908923000034/0000089089-23-000034-index.htm",
        "finalLink": "https://www.sec.gov/Archives/edgar/data/89089/000008908923000034/sci-20230331.htm"
    },
    {
        "date": "2022-12-31",
        "symbol": "SCI",
        "reportedCurrency": "USD",
        "cik": "0000089089",
        "fillingDate": "2023-02-15",
        "acceptedDate": "2023-02-15 17:17:23",
        "calendarYear": "2022",
        "period": "Q4",
        "revenue": 1027683000,
        "costOfRevenue": 747595000,
        "grossProfit": 280088000,
        "grossProfitRatio": 0.272543187,
        "researchAndDevelopmentExpenses": 0,
        "generalAndAdministrativeExpenses": 107912000,
        "sellingAndMarketingExpenses": 0,
        "sellingGeneralAndAdministrativeExpenses": 107912000,
        "otherExpenses": 5224000,
        "operatingExpenses": 113136000,
        "costAndExpenses": 860731000,
        "interestIncome": 0,
        "interestExpense": 49002000,
        "depreciationAndAmortization": 74239000,
        "ebitda": 313934000,
        "ebitdaratio": 0.3054774673,
        "operatingIncome": 166952000,
        "operatingIncomeRatio": 0.1624547647,
        "totalOtherIncomeExpensesNet": -44867000,
        "incomeBeforeTax": 122085000,
        "incomeBeforeTaxRatio": 0.1187963604,
        "incomeTaxExpense": 29669000,
        "netIncome": 92305000,
        "netIncomeRatio": 0.089818553,
        "eps": 0.6,
        "epsdiluted": 0.59,
        "weightedAverageShsOut": 154127000,
        "weightedAverageShsOutDil": 156372000,
        "link": "https://www.sec.gov/Archives/edgar/data/89089/000008908923000008/0000089089-23-000008-index.htm",
        "finalLink": "https://www.sec.gov/Archives/edgar/data/89089/000008908923000008/sci-20221231.htm"
    },
    {
        "date": "2022-09-30",
        "symbol": "SCI",
        "reportedCurrency": "USD",
        "cik": "0000089089",
        "fillingDate": "2022-11-02",
        "acceptedDate": "2022-11-02 16:42:17",
        "calendarYear": "2022",
        "period": "Q3",
        "revenue": 977720000,
        "costOfRevenue": 746764000,
        "grossProfit": 230956000,
        "grossProfitRatio": 0.2362189584,
        "researchAndDevelopmentExpenses": 0,
        "generalAndAdministrativeExpenses": 41911000,
        "sellingAndMarketingExpenses": 0,
        "sellingGeneralAndAdministrativeExpenses": 41911000,
        "otherExpenses": -14403000,
        "operatingExpenses": 27508000,
        "costAndExpenses": 774272000,
        "interestIncome": 0,
        "interestExpense": 43508000,
        "depreciationAndAmortization": 70530000,
        "ebitda": 259575000,
        "ebitdaratio": 0.2654901199,
        "operatingIncome": 203448000,
        "operatingIncomeRatio": 0.2080841141,
        "totalOtherIncomeExpensesNet": -45022000,
        "incomeBeforeTax": 158426000,
        "incomeBeforeTaxRatio": 0.1620361658,
        "incomeTaxExpense": 37521000,
        "netIncome": 120850000,
        "netIncomeRatio": 0.1236038948,
        "eps": 0.77,
        "epsdiluted": 0.76,
        "weightedAverageShsOut": 156781000,
        "weightedAverageShsOutDil": 159100000,
        "link": "https://www.sec.gov/Archives/edgar/data/89089/000008908922000069/0000089089-22-000069-index.htm",
        "finalLink": "https://www.sec.gov/Archives/edgar/data/89089/000008908922000069/sci-20220930.htm"
    },
    {
        "date": "2022-06-30",
        "symbol": "SCI",
        "reportedCurrency": "USD",
        "cik": "0000089089",
        "fillingDate": "2022-08-03",
        "acceptedDate": "2022-08-03 16:33:44",
        "calendarYear": "2022",
        "period": "Q2",
        "revenue": 990855000,
        "costOfRevenue": 724210000,
        "grossProfit": 266645000,
        "grossProfitRatio": 0.2691059741,
        "researchAndDevelopmentExpenses": 0,
        "generalAndAdministrativeExpenses": 45721000,
        "sellingAndMarketingExpenses": 0,
        "sellingGeneralAndAdministrativeExpenses": 45721000,
        "otherExpenses": -294000,
        "operatingExpenses": 45427000,
        "costAndExpenses": 769931000,
        "interestIncome": 0,
        "interestExpense": 40571000,
        "depreciationAndAmortization": 70680000,
        "ebitda": 289570000,
        "ebitdaratio": 0.2922425582,
        "operatingIncome": 221218000,
        "operatingIncomeRatio": 0.22325971,
        "totalOtherIncomeExpensesNet": -42899000,
        "incomeBeforeTax": 178319000,
        "incomeBeforeTaxRatio": 0.1799647779,
        "incomeTaxExpense": 45173000,
        "netIncome": 132670000,
        "netIncomeRatio": 0.1338944649,
        "eps": 0.84,
        "epsdiluted": 0.82,
        "weightedAverageShsOut": 158705000,
        "weightedAverageShsOutDil": 161290000,
        "link": "https://www.sec.gov/Archives/edgar/data/89089/000008908922000059/0000089089-22-000059-index.htm",
        "finalLink": "https://www.sec.gov/Archives/edgar/data/89089/000008908922000059/sci-20220630.htm"
    },
    {
        "date": "2022-03-31",
        "symbol": "SCI",
        "reportedCurrency": "USD",
        "cik": "0000089089",
        "fillingDate": "2022-05-04",
        "acceptedDate": "2022-05-04 16:05:41",
        "calendarYear": "2022",
        "period": "Q1",
        "revenue": 1112403000,
        "costOfRevenue": 735490000,
        "grossProfit": 376913000,
        "grossProfitRatio": 0.338827745,
        "researchAndDevelopmentExpenses": 0,
        "generalAndAdministrativeExpenses": 41704000,
        "sellingAndMarketingExpenses": 0,
        "sellingGeneralAndAdministrativeExpenses": 41704000,
        "otherExpenses": 0,
        "operatingExpenses": 41704000,
        "costAndExpenses": 777194000,
        "interestIncome": 0,
        "interestExpense": 39028000,
        "depreciationAndAmortization": 72359000,
        "ebitda": 407568000,
        "ebitdaratio": 0.3663852039,
        "operatingIncome": 335698000,
        "operatingIncomeRatio": 0.3017773235,
        "totalOtherIncomeExpensesNet": -38900000,
        "incomeBeforeTax": 296798000,
        "incomeBeforeTaxRatio": 0.2668079824,
        "incomeTaxExpense": 77231000,
        "netIncome": 219513000,
        "netIncomeRatio": 0.1973322618,
        "eps": 1.36,
        "epsdiluted": 1.34,
        "weightedAverageShsOut": 161328000,
        "weightedAverageShsOutDil": 163807000,
        "link": "https://www.sec.gov/Archives/edgar/data/89089/000008908922000036/0000089089-22-000036-index.htm",
        "finalLink": "https://www.sec.gov/Archives/edgar/data/89089/000008908922000036/sci-20220331.htm"
    },
    {
        "date": "2021-12-31",
        "symbol": "SCI",
        "reportedCurrency": "USD",
        "cik": "0000089089",
        "fillingDate": "2022-02-15",
        "acceptedDate": "2022-02-15 17:23:13",
        "calendarYear": "2021",
        "period": "Q4",
        "revenue": 1043255000,
        "costOfRevenue": 718880000,
        "grossProfit": 324375000,
        "grossProfitRatio": 0.3109259002,
        "researchAndDevelopmentExpenses": 0,
        "generalAndAdministrativeExpenses": 35859000,
        "sellingAndMarketingExpenses": 0,
        "sellingGeneralAndAdministrativeExpenses": 35859000,
        "otherExpenses": -9937000,
        "operatingExpenses": 25922000,
        "costAndExpenses": 744802000,
        "interestIncome": 0,
        "interestExpense": 38745000,
        "depreciationAndAmortization": 67781000,
        "ebitda": 356468000,
        "ebitdaratio": 0.3416882737,
        "operatingIncome": 298453000,
        "operatingIncomeRatio": 0.2860786672,
        "totalOtherIncomeExpensesNet": -37299000,
        "incomeBeforeTax": 261154000,
        "incomeBeforeTaxRatio": 0.2503261427,
        "incomeTaxExpense": 54589000,
        "netIncome": 206500000,
        "netIncomeRatio": 0.1979381839,
        "eps": 1.26,
        "epsdiluted": 1.24,
        "weightedAverageShsOut": 164446000,
        "weightedAverageShsOutDil": 167189000,
        "link": "https://www.sec.gov/Archives/edgar/data/89089/000008908922000012/0000089089-22-000012-index.htm",
        "finalLink": "https://www.sec.gov/Archives/edgar/data/89089/000008908922000012/sci-20211231.htm"
    },
    {
        "date": "2021-09-30",
        "symbol": "SCI",
        "reportedCurrency": "USD",
        "cik": "0000089089",
        "fillingDate": "2021-10-28",
        "acceptedDate": "2021-10-28 16:16:07",
        "calendarYear": "2021",
        "period": "Q3",
        "revenue": 1034372000,
        "costOfRevenue": 696369000,
        "grossProfit": 338003000,
        "grossProfitRatio": 0.3267712196,
        "researchAndDevelopmentExpenses": 0,
        "generalAndAdministrativeExpenses": 36477000,
        "sellingAndMarketingExpenses": 0,
        "sellingGeneralAndAdministrativeExpenses": 36477000,
        "otherExpenses": -2820000,
        "operatingExpenses": 33657000,
        "costAndExpenses": 730026000,
        "interestIncome": 0,
        "interestExpense": 38618000,
        "depreciationAndAmortization": 67648000,
        "ebitda": 364190000,
        "ebitdaratio": 0.3520880302,
        "operatingIncome": 304346000,
        "operatingIncomeRatio": 0.2942326358,
        "totalOtherIncomeExpensesNet": -30400000,
        "incomeBeforeTax": 273946000,
        "incomeBeforeTaxRatio": 0.2648428225,
        "incomeTaxExpense": 64003000,
        "netIncome": 209855000,
        "netIncomeRatio": 0.2028815552,
        "eps": 1.25,
        "epsdiluted": 1.23,
        "weightedAverageShsOut": 167417000,
        "weightedAverageShsOutDil": 170005000,
        "link": "https://www.sec.gov/Archives/edgar/data/89089/000008908921000069/0000089089-21-000069-index.htm",
        "finalLink": "https://www.sec.gov/Archives/edgar/data/89089/000008908921000069/sci-20210930.htm"
    },
    {
        "date": "2021-06-30",
        "symbol": "SCI",
        "reportedCurrency": "USD",
        "cik": "0000089089",
        "fillingDate": "2021-07-29",
        "acceptedDate": "2021-07-29 15:26:45",
        "calendarYear": "2021",
        "period": "Q2",
        "revenue": 987535000,
        "costOfRevenue": 714211000,
        "grossProfit": 273324000,
        "grossProfitRatio": 0.2767739878,
        "researchAndDevelopmentExpenses": 0,
        "generalAndAdministrativeExpenses": 29038000,
        "sellingAndMarketingExpenses": 0,
        "sellingGeneralAndAdministrativeExpenses": 29038000,
        "otherExpenses": -1551000,
        "operatingExpenses": 27487000,
        "costAndExpenses": 741698000,
        "interestIncome": 0,
        "interestExpense": 37435000,
        "depreciationAndAmortization": 68219000,
        "ebitda": 307894000,
        "ebitdaratio": 0.311780342,
        "operatingIncome": 245837000,
        "operatingIncomeRatio": 0.2489400376,
        "totalOtherIncomeExpensesNet": -42006000,
        "incomeBeforeTax": 203831000,
        "incomeBeforeTaxRatio": 0.2064038237,
        "incomeTaxExpense": 46042000,
        "netIncome": 157705000,
        "netIncomeRatio": 0.1596956057,
        "eps": 0.94,
        "epsdiluted": 0.92,
        "weightedAverageShsOut": 168450000,
        "weightedAverageShsOutDil": 170863000,
        "link": "https://www.sec.gov/Archives/edgar/data/89089/000008908921000056/0000089089-21-000056-index.htm",
        "finalLink": "https://www.sec.gov/Archives/edgar/data/89089/000008908921000056/sci-20210630.htm"
    },
    {
        "date": "2021-03-31",
        "symbol": "SCI",
        "reportedCurrency": "USD",
        "cik": "0000089089",
        "fillingDate": "2021-05-04",
        "acceptedDate": "2021-05-04 15:12:52",
        "calendarYear": "2021",
        "period": "Q1",
        "revenue": 1077981000,
        "costOfRevenue": 695538000,
        "grossProfit": 382443000,
        "grossProfitRatio": 0.354777125,
        "researchAndDevelopmentExpenses": 0,
        "generalAndAdministrativeExpenses": 41669000,
        "sellingAndMarketingExpenses": 0,
        "sellingGeneralAndAdministrativeExpenses": 41669000,
        "otherExpenses": -1266000,
        "operatingExpenses": 40403000,
        "costAndExpenses": 737207000,
        "interestIncome": 0,
        "interestExpense": 35812000,
        "depreciationAndAmortization": 73822000,
        "ebitda": 414596000,
        "ebitdaratio": 0.3846041813,
        "operatingIncome": 342040000,
        "operatingIncomeRatio": 0.3172968726,
        "totalOtherIncomeExpensesNet": -35471000,
        "incomeBeforeTax": 306569000,
        "incomeBeforeTaxRatio": 0.2843918399,
        "incomeTaxExpense": 77614000,
        "netIncome": 228879000,
        "netIncomeRatio": 0.212321924,
        "eps": 1.35,
        "epsdiluted": 1.33,
        "weightedAverageShsOut": 169918000,
        "weightedAverageShsOutDil": 172367000,
        "link": "https://www.sec.gov/Archives/edgar/data/89089/000008908921000037/0000089089-21-000037-index.htm",
        "finalLink": "https://www.sec.gov/Archives/edgar/data/89089/000008908921000037/sci-20210331.htm"
    },
    {
        "date": "2020-12-31",
        "symbol": "SCI",
        "reportedCurrency": "USD",
        "cik": "0000089089",
        "fillingDate": "2021-02-16",
        "acceptedDate": "2021-02-16 17:05:31",
        "calendarYear": "2020",
        "period": "Q4",
        "revenue": 970268000,
        "costOfRevenue": 654908000,
        "grossProfit": 315360000,
        "grossProfitRatio": 0.3250236017,
        "researchAndDevelopmentExpenses": 0,
        "generalAndAdministrativeExpenses": 31098000,
        "sellingAndMarketingExpenses": 0,
        "sellingGeneralAndAdministrativeExpenses": 31098000,
        "otherExpenses": -1184000,
        "operatingExpenses": 29914000,
        "costAndExpenses": 686006000,
        "interestIncome": 0,
        "interestExpense": 36224000,
        "depreciationAndAmortization": 67783000,
        "ebitda": 349706000,
        "ebitdaratio": 0.360422069,
        "operatingIncome": 285446000,
        "operatingIncomeRatio": 0.2941929446,
        "totalOtherIncomeExpensesNet": -35991000,
        "incomeBeforeTax": 249455000,
        "incomeBeforeTaxRatio": 0.2570990695,
        "incomeTaxExpense": 48364000,
        "netIncome": 201043000,
        "netIncomeRatio": 0.2072035767,
        "eps": 1.14,
        "epsdiluted": 1.14,
        "weightedAverageShsOut": 172122000,
        "weightedAverageShsOutDil": 175982000,
        "link": "https://www.sec.gov/Archives/edgar/data/89089/000008908921000012/0000089089-21-000012-index.htm",
        "finalLink": "https://www.sec.gov/Archives/edgar/data/89089/000008908921000012/sci-20201231.htm"
    },
    {
        "date": "2020-09-30",
        "symbol": "SCI",
        "reportedCurrency": "USD",
        "cik": "0000089089",
        "fillingDate": "2020-10-29",
        "acceptedDate": "2020-10-29 15:08:20",
        "calendarYear": "2020",
        "period": "Q3",
        "revenue": 918241000,
        "costOfRevenue": 654585000,
        "grossProfit": 263656000,
        "grossProfitRatio": 0.2871315918,
        "researchAndDevelopmentExpenses": 0,
        "generalAndAdministrativeExpenses": 40986000,
        "sellingAndMarketingExpenses": 0,
        "sellingGeneralAndAdministrativeExpenses": 40986000,
        "otherExpenses": 0,
        "operatingExpenses": 40986000,
        "costAndExpenses": 695571000,
        "interestIncome": 0,
        "interestExpense": 40721000,
        "depreciationAndAmortization": 69781000,
        "ebitda": 292451000,
        "ebitdaratio": 0.3184904617,
        "operatingIncome": 223213000,
        "operatingIncomeRatio": 0.243087599,
        "totalOtherIncomeExpensesNet": -58370000,
        "incomeBeforeTax": 164843000,
        "incomeBeforeTaxRatio": 0.1795204091,
        "incomeTaxExpense": 37351000,
        "netIncome": 127415000,
        "netIncomeRatio": 0.1387598681,
        "eps": 0.72,
        "epsdiluted": 0.72,
        "weightedAverageShsOut": 175982000,
        "weightedAverageShsOutDil": 178140000,
        "link": "https://www.sec.gov/Archives/edgar/data/89089/000008908920000061/0000089089-20-000061-index.htm",
        "finalLink": "https://www.sec.gov/Archives/edgar/data/89089/000008908920000061/sci-20200930.htm"
    },
    {
        "date": "2020-06-30",
        "symbol": "SCI",
        "reportedCurrency": "USD",
        "cik": "0000089089",
        "fillingDate": "2020-07-31",
        "acceptedDate": "2020-07-30 19:35:58",
        "calendarYear": "2020",
        "period": "Q2",
        "revenue": 820035000,
        "costOfRevenue": 601268000,
        "grossProfit": 218767000,
        "grossProfitRatio": 0.2667776375,
        "researchAndDevelopmentExpenses": 0,
        "generalAndAdministrativeExpenses": 37169000,
        "sellingAndMarketingExpenses": 0,
        "sellingGeneralAndAdministrativeExpenses": 37169000,
        "otherExpenses": 0,
        "operatingExpenses": 37169000,
        "costAndExpenses": 637700000,
        "interestIncome": 0,
        "interestExpense": 41767000,
        "depreciationAndAmortization": 63489000,
        "ebitda": 245087000,
        "ebitdaratio": 0.2988738286,
        "operatingIncome": 182335000,
        "operatingIncomeRatio": 0.2223502655,
        "totalOtherIncomeExpensesNet": -40612000,
        "incomeBeforeTax": 141723000,
        "incomeBeforeTaxRatio": 0.1728255501,
        "incomeTaxExpense": 36170000,
        "netIncome": 105508000,
        "netIncomeRatio": 0.128662801,
        "eps": 0.59,
        "epsdiluted": 0.59,
        "weightedAverageShsOut": 177902000,
        "weightedAverageShsOutDil": 179666000,
        "link": "https://www.sec.gov/Archives/edgar/data/89089/000008908920000049/0000089089-20-000049-index.htm",
        "finalLink": "https://www.sec.gov/Archives/edgar/data/89089/000008908920000049/sci-20200630.htm"
    },
    {
        "date": "2020-03-31",
        "symbol": "SCI",
        "reportedCurrency": "USD",
        "cik": "0000089089",
        "fillingDate": "2020-04-30",
        "acceptedDate": "2020-04-30 15:51:47",
        "calendarYear": "2020",
        "period": "Q1",
        "revenue": 802965000,
        "costOfRevenue": 623921000,
        "grossProfit": 179044000,
        "grossProfitRatio": 0.2229785856,
        "researchAndDevelopmentExpenses": 0,
        "generalAndAdministrativeExpenses": 31813000,
        "sellingAndMarketingExpenses": 0,
        "sellingGeneralAndAdministrativeExpenses": 31813000,
        "otherExpenses": -4545000,
        "operatingExpenses": 27268000,
        "costAndExpenses": 651189000,
        "interestIncome": 0,
        "interestExpense": 44351000,
        "depreciationAndAmortization": 57093000,
        "ebitda": 204324000,
        "ebitdaratio": 0.2544619006,
        "operatingIncome": 151776000,
        "operatingIncomeRatio": 0.1890194467,
        "totalOtherIncomeExpensesNet": -45737000,
        "incomeBeforeTax": 106039000,
        "incomeBeforeTaxRatio": 0.1320593052,
        "incomeTaxExpense": 24038000,
        "netIncome": 81941000,
        "netIncomeRatio": 0.1020480345,
        "eps": 0.45,
        "epsdiluted": 0.45,
        "weightedAverageShsOut": 180854000,
        "weightedAverageShsOutDil": 183585000,
        "link": "https://www.sec.gov/Archives/edgar/data/89089/000008908920000028/0000089089-20-000028-index.htm",
        "finalLink": "https://www.sec.gov/Archives/edgar/data/89089/000008908920000028/sci-3312020x10q.htm"
    },
    {
        "date": "2019-12-31",
        "symbol": "SCI",
        "reportedCurrency": "USD",
        "cik": "0000089089",
        "fillingDate": "2020-02-18",
        "acceptedDate": "2020-02-18 17:07:09",
        "calendarYear": "2019",
        "period": "Q4",
        "revenue": 850760000,
        "costOfRevenue": 632892000,
        "grossProfit": 217868000,
        "grossProfitRatio": 0.2560863228,
        "researchAndDevelopmentExpenses": 0,
        "generalAndAdministrativeExpenses": 25022000,
        "sellingAndMarketingExpenses": 0,
        "sellingGeneralAndAdministrativeExpenses": 25022000,
        "otherExpenses": 0,
        "operatingExpenses": 25022000,
        "costAndExpenses": 657914000,
        "interestIncome": 0,
        "interestExpense": 44458000,
        "depreciationAndAmortization": 66341000,
        "ebitda": 255345000,
        "ebitdaratio": 0.3001375241,
        "operatingIncome": 240945000,
        "operatingIncomeRatio": 0.2832114815,
        "totalOtherIncomeExpensesNet": -45773000,
        "incomeBeforeTax": 195172000,
        "incomeBeforeTaxRatio": 0.229408999,
        "incomeTaxExpense": 47999000,
        "netIncome": 147152000,
        "netIncomeRatio": 0.1729653486,
        "eps": 0.81,
        "epsdiluted": 0.79,
        "weightedAverageShsOut": 182329000,
        "weightedAverageShsOutDil": 185193000,
        "link": "https://www.sec.gov/Archives/edgar/data/89089/000008908920000010/0000089089-20-000010-index.htm",
        "finalLink": "https://www.sec.gov/Archives/edgar/data/89089/000008908920000010/sci-12312019x10k.htm"
    },
    {
        "date": "2019-09-30",
        "symbol": "SCI",
        "reportedCurrency": "USD",
        "cik": "0000089089",
        "fillingDate": "2019-11-01",
        "acceptedDate": "2019-10-31 19:28:41",
        "calendarYear": "2019",
        "period": "Q3",
        "revenue": 769241000,
        "costOfRevenue": 609509000,
        "grossProfit": 159732000,
        "grossProfitRatio": 0.2076488383,
        "researchAndDevelopmentExpenses": 0,
        "generalAndAdministrativeExpenses": 29406000,
        "sellingAndMarketingExpenses": 0,
        "sellingGeneralAndAdministrativeExpenses": 29406000,
        "otherExpenses": 20000,
        "operatingExpenses": 29406000,
        "costAndExpenses": 638915000,
        "interestIncome": 0,
        "interestExpense": 46678000,
        "depreciationAndAmortization": 59218000,
        "ebitda": 189282000,
        "ebitdaratio": 0.2460633274,
        "operatingIncome": 128585000,
        "operatingIncomeRatio": 0.1671582768,
        "totalOtherIncomeExpensesNet": -55716000,
        "incomeBeforeTax": 72869000,
        "incomeBeforeTaxRatio": 0.0947284401,
        "incomeTaxExpense": 1997000,
        "netIncome": 70792000,
        "netIncomeRatio": 0.092028376,
        "eps": 0.39,
        "epsdiluted": 0.38,
        "weightedAverageShsOut": 182551000,
        "weightedAverageShsOutDil": 185843000,
        "link": "https://www.sec.gov/Archives/edgar/data/89089/000008908919000039/0000089089-19-000039-index.htm",
        "finalLink": "https://www.sec.gov/Archives/edgar/data/89089/000008908919000039/sci-2019930x10q.htm"
    },
    {
        "date": "2019-06-30",
        "symbol": "SCI",
        "reportedCurrency": "USD",
        "cik": "0000089089",
        "fillingDate": "2019-07-30",
        "acceptedDate": "2019-07-30 13:22:43",
        "calendarYear": "2019",
        "period": "Q2",
        "revenue": 812572000,
        "costOfRevenue": 621426000,
        "grossProfit": 191146000,
        "grossProfitRatio": 0.2352357699,
        "researchAndDevelopmentExpenses": 0,
        "generalAndAdministrativeExpenses": 29370000,
        "sellingAndMarketingExpenses": 0,
        "sellingGeneralAndAdministrativeExpenses": 29370000,
        "otherExpenses": 0,
        "operatingExpenses": 29370000,
        "costAndExpenses": 650796000,
        "interestIncome": 0,
        "interestExpense": 47317000,
        "depreciationAndAmortization": 61505000,
        "ebitda": 221833000,
        "ebitdaratio": 0.2730010387,
        "operatingIncome": 150105000,
        "operatingIncomeRatio": 0.1847282456,
        "totalOtherIncomeExpensesNet": -54022000,
        "incomeBeforeTax": 96083000,
        "incomeBeforeTaxRatio": 0.1182455216,
        "incomeTaxExpense": 23570000,
        "netIncome": 72329000,
        "netIncomeRatio": 0.0890124198,
        "eps": 0.4,
        "epsdiluted": 0.39,
        "weightedAverageShsOut": 182369000,
        "weightedAverageShsOutDil": 185690000,
        "link": "https://www.sec.gov/Archives/edgar/data/89089/000008908919000023/0000089089-19-000023-index.htm",
        "finalLink": "https://www.sec.gov/Archives/edgar/data/89089/000008908919000023/sci-2019630x10q.htm"
    },
    {
        "date": "2019-03-31",
        "symbol": "SCI",
        "reportedCurrency": "USD",
        "cik": "0000089089",
        "fillingDate": "2019-04-25",
        "acceptedDate": "2019-04-25 15:48:39",
        "calendarYear": "2019",
        "period": "Q1",
        "revenue": 798212000,
        "costOfRevenue": 606378000,
        "grossProfit": 191834000,
        "grossProfitRatio": 0.2403296367,
        "researchAndDevelopmentExpenses": 0,
        "generalAndAdministrativeExpenses": 42530000,
        "sellingAndMarketingExpenses": 0,
        "sellingGeneralAndAdministrativeExpenses": 42530000,
        "otherExpenses": 0,
        "operatingExpenses": 42530000,
        "costAndExpenses": 648908000,
        "interestIncome": 0,
        "interestExpense": 47390000,
        "depreciationAndAmortization": 59915000,
        "ebitda": 216771000,
        "ebitdaratio": 0.2715707105,
        "operatingIncome": 146978000,
        "operatingIncomeRatio": 0.1841340396,
        "totalOtherIncomeExpensesNet": -46670000,
        "incomeBeforeTax": 100308000,
        "incomeBeforeTaxRatio": 0.1256658632,
        "incomeTaxExpense": 21095000,
        "netIncome": 79323000,
        "netIncomeRatio": 0.099375855,
        "eps": 0.44,
        "epsdiluted": 0.43,
        "weightedAverageShsOut": 181696000,
        "weightedAverageShsOutDil": 185317000,
        "link": "https://www.sec.gov/Archives/edgar/data/89089/000008908919000014/0000089089-19-000014-index.htm",
        "finalLink": "https://www.sec.gov/Archives/edgar/data/89089/000008908919000014/sci-2019331x10q.htm"
    },
    {
        "date": "2018-12-31",
        "symbol": "SCI",
        "reportedCurrency": "USD",
        "cik": "0000089089",
        "fillingDate": "2019-02-20",
        "acceptedDate": "2019-02-20 17:17:03",
        "calendarYear": "2018",
        "period": "Q4",
        "revenue": 820814000,
        "costOfRevenue": 610551000,
        "grossProfit": 210263000,
        "grossProfitRatio": 0.2561640031,
        "researchAndDevelopmentExpenses": 0,
        "generalAndAdministrativeExpenses": 38509000,
        "sellingAndMarketingExpenses": 0,
        "sellingGeneralAndAdministrativeExpenses": 38509000,
        "otherExpenses": 344000,
        "operatingExpenses": 38509000,
        "costAndExpenses": 649060000,
        "interestIncome": 0,
        "interestExpense": 47042000,
        "depreciationAndAmortization": 63310000,
        "ebitda": 235171000,
        "ebitdaratio": 0.2865094894,
        "operatingIncome": 172710000,
        "operatingIncomeRatio": 0.2104130777,
        "totalOtherIncomeExpensesNet": -46698000,
        "incomeBeforeTax": 126012000,
        "incomeBeforeTaxRatio": 0.1535207733,
        "incomeTaxExpense": -67224000,
        "netIncome": 193046000,
        "netIncomeRatio": 0.2351884836,
        "eps": 1.07,
        "epsdiluted": 1.04,
        "weightedAverageShsOut": 181233000,
        "weightedAverageShsOutDil": 185676000,
        "link": "https://www.sec.gov/Archives/edgar/data/89089/000008908919000005/0000089089-19-000005-index.htm",
        "finalLink": "https://www.sec.gov/Archives/edgar/data/89089/000008908919000005/sci-12312018x10k.htm"
    },
    {
        "date": "2018-09-30",
        "symbol": "SCI",
        "reportedCurrency": "USD",
        "cik": "0000089089",
        "fillingDate": "2018-10-30",
        "acceptedDate": "2018-10-30 16:38:31",
        "calendarYear": "2018",
        "period": "Q3",
        "revenue": 778786000,
        "costOfRevenue": 612616000,
        "grossProfit": 166170000,
        "grossProfitRatio": 0.2133705537,
        "researchAndDevelopmentExpenses": 0,
        "generalAndAdministrativeExpenses": 41070000,
        "sellingAndMarketingExpenses": 0,
        "sellingGeneralAndAdministrativeExpenses": 41070000,
        "otherExpenses": 152000,
        "operatingExpenses": 41070000,
        "costAndExpenses": 653686000,
        "interestIncome": 0,
        "interestExpense": 46419000,
        "depreciationAndAmortization": 63648000,
        "ebitda": 188748000,
        "ebitdaratio": 0.2423618298,
        "operatingIncome": 132303000,
        "operatingIncomeRatio": 0.1698836394,
        "totalOtherIncomeExpensesNet": -46267000,
        "incomeBeforeTax": 86036000,
        "incomeBeforeTaxRatio": 0.1104745078,
        "incomeTaxExpense": 17043000,
        "netIncome": 68935000,
        "netIncomeRatio": 0.0885159723,
        "eps": 0.38,
        "epsdiluted": 0.37,
        "weightedAverageShsOut": 180858000,
        "weightedAverageShsOutDil": 185460000,
        "link": "https://www.sec.gov/Archives/edgar/data/89089/000008908918000043/0000089089-18-000043-index.htm",
        "finalLink": "https://www.sec.gov/Archives/edgar/data/89089/000008908918000043/sci-2018930x10q.htm"
    },
    {
        "date": "2018-06-30",
        "symbol": "SCI",
        "reportedCurrency": "USD",
        "cik": "0000089089",
        "fillingDate": "2018-07-31",
        "acceptedDate": "2018-07-31 14:36:51",
        "calendarYear": "2018",
        "period": "Q2",
        "revenue": 796092000,
        "costOfRevenue": 607965000,
        "grossProfit": 188127000,
        "grossProfitRatio": 0.2363131397,
        "researchAndDevelopmentExpenses": 0,
        "generalAndAdministrativeExpenses": 31136000,
        "sellingAndMarketingExpenses": 0,
        "sellingGeneralAndAdministrativeExpenses": 31136000,
        "otherExpenses": 0,
        "operatingExpenses": 31136000,
        "costAndExpenses": 639101000,
        "interestIncome": 0,
        "interestExpense": 44519000,
        "depreciationAndAmortization": 62618000,
        "ebitda": 219609000,
        "ebitdaratio": 0.2758588203,
        "operatingIncome": 161954000,
        "operatingIncomeRatio": 0.2034362863,
        "totalOtherIncomeExpensesNet": -42639000,
        "incomeBeforeTax": 119315000,
        "incomeBeforeTaxRatio": 0.1498758937,
        "incomeTaxExpense": 16034000,
        "netIncome": 103239000,
        "netIncomeRatio": 0.1296822478,
        "eps": 0.57,
        "epsdiluted": 0.55,
        "weightedAverageShsOut": 182637000,
        "weightedAverageShsOutDil": 187188000,
        "link": "https://www.sec.gov/Archives/edgar/data/89089/000008908918000035/0000089089-18-000035-index.htm",
        "finalLink": "https://www.sec.gov/Archives/edgar/data/89089/000008908918000035/sci-2018630x10q.htm"
    },
    {
        "date": "2018-03-31",
        "symbol": "SCI",
        "reportedCurrency": "USD",
        "cik": "0000089089",
        "fillingDate": "2018-04-26",
        "acceptedDate": "2018-04-26 16:58:23",
        "calendarYear": "2018",
        "period": "Q1",
        "revenue": 794482000,
        "costOfRevenue": 598720000,
        "grossProfit": 195762000,
        "grossProfitRatio": 0.2464020582,
        "researchAndDevelopmentExpenses": 0,
        "generalAndAdministrativeExpenses": 34784000,
        "sellingAndMarketingExpenses": 0,
        "sellingGeneralAndAdministrativeExpenses": 34784000,
        "otherExpenses": 0,
        "operatingExpenses": 34784000,
        "costAndExpenses": 633504000,
        "interestIncome": 0,
        "interestExpense": 43576000,
        "depreciationAndAmortization": 58909000,
        "ebitda": 219887000,
        "ebitdaratio": 0.2767677556,
        "operatingIncome": 163692000,
        "operatingIncomeRatio": 0.2060361342,
        "totalOtherIncomeExpensesNet": -53323000,
        "incomeBeforeTax": 110369000,
        "incomeBeforeTaxRatio": 0.1389194469,
        "incomeTaxExpense": 28321000,
        "netIncome": 81988000,
        "netIncomeRatio": 0.1031967999,
        "eps": 0.44,
        "epsdiluted": 0.43,
        "weightedAverageShsOut": 185130000,
        "weightedAverageShsOutDil": 189923000,
        "link": "https://www.sec.gov/Archives/edgar/data/89089/000008908918000018/0000089089-18-000018-index.htm",
        "finalLink": "https://www.sec.gov/Archives/edgar/data/89089/000008908918000018/sci-2018331x10q.htm"
    },
    {
        "date": "2017-12-31",
        "symbol": "SCI",
        "reportedCurrency": "USD",
        "cik": "0000089089",
        "fillingDate": "2018-02-14",
        "acceptedDate": "2018-02-14 17:38:13",
        "calendarYear": "2017",
        "period": "Q4",
        "revenue": 812733000,
        "costOfRevenue": 600856000,
        "grossProfit": 211877000,
        "grossProfitRatio": 0.2606969324,
        "researchAndDevelopmentExpenses": 0,
        "generalAndAdministrativeExpenses": 32116000,
        "sellingAndMarketingExpenses": 0,
        "sellingGeneralAndAdministrativeExpenses": 32116000,
        "otherExpenses": 0,
        "operatingExpenses": 32116000,
        "costAndExpenses": 632972000,
        "interestIncome": 0,
        "interestExpense": 43652000,
        "depreciationAndAmortization": 67796000,
        "ebitda": 247557000,
        "ebitdaratio": 0.3045981891,
        "operatingIncome": 176937000,
        "operatingIncomeRatio": 0.2177061839,
        "totalOtherIncomeExpensesNet": -43301000,
        "incomeBeforeTax": 133636000,
        "incomeBeforeTaxRatio": 0.1644279241,
        "incomeTaxExpense": -113759000,
        "netIncome": 247316000,
        "netIncomeRatio": 0.3043016587,
        "eps": 1.32,
        "epsdiluted": 1.29,
        "weightedAverageShsOut": 187241000,
        "weightedAverageShsOutDil": 191729000,
        "link": "https://www.sec.gov/Archives/edgar/data/89089/000008908918000006/0000089089-18-000006-index.htm",
        "finalLink": "https://www.sec.gov/Archives/edgar/data/89089/000008908918000006/sci-12312017x10k.htm"
    },
    {
        "date": "2017-09-30",
        "symbol": "SCI",
        "reportedCurrency": "USD",
        "cik": "0000089089",
        "fillingDate": "2017-10-26",
        "acceptedDate": "2017-10-26 14:13:15",
        "calendarYear": "2017",
        "period": "Q3",
        "revenue": 731346000,
        "costOfRevenue": 581644000,
        "grossProfit": 149702000,
        "grossProfitRatio": 0.2046938111,
        "researchAndDevelopmentExpenses": 0,
        "generalAndAdministrativeExpenses": 39213000,
        "sellingAndMarketingExpenses": 0,
        "sellingGeneralAndAdministrativeExpenses": 39213000,
        "otherExpenses": 276000,
        "operatingExpenses": 39213000,
        "costAndExpenses": 620857000,
        "interestIncome": 0,
        "interestExpense": 42754000,
        "depreciationAndAmortization": 60995000,
        "ebitda": 182984000,
        "ebitdaratio": 0.2502016829,
        "operatingIncome": 109056000,
        "operatingIncomeRatio": 0.1491168339,
        "totalOtherIncomeExpensesNet": -42773000,
        "incomeBeforeTax": 66578000,
        "incomeBeforeTaxRatio": 0.0910348864,
        "incomeTaxExpense": 10437000,
        "netIncome": 56164000,
        "netIncomeRatio": 0.0767953882,
        "eps": 0.3,
        "epsdiluted": 0.29,
        "weightedAverageShsOut": 187435000,
        "weightedAverageShsOutDil": 192243000,
        "link": "https://www.sec.gov/Archives/edgar/data/89089/000008908917000042/0000089089-17-000042-index.htm",
        "finalLink": "https://www.sec.gov/Archives/edgar/data/89089/000008908917000042/sci-2017930x10q.htm"
    },
    {
        "date": "2017-06-30",
        "symbol": "SCI",
        "reportedCurrency": "USD",
        "cik": "0000089089",
        "fillingDate": "2017-07-27",
        "acceptedDate": "2017-07-27 15:20:12",
        "calendarYear": "2017",
        "period": "Q2",
        "revenue": 773242000,
        "costOfRevenue": 589797000,
        "grossProfit": 183445000,
        "grossProfitRatio": 0.2372413811,
        "researchAndDevelopmentExpenses": 0,
        "generalAndAdministrativeExpenses": 40590000,
        "sellingAndMarketingExpenses": 0,
        "sellingGeneralAndAdministrativeExpenses": 40590000,
        "otherExpenses": -7000,
        "operatingExpenses": 40590000,
        "costAndExpenses": 630387000,
        "interestIncome": 0,
        "interestExpense": 42083000,
        "depreciationAndAmortization": 61334000,
        "ebitda": 204189000,
        "ebitdaratio": 0.2640686874,
        "operatingIncome": 143608000,
        "operatingIncomeRatio": 0.1857219344,
        "totalOtherIncomeExpensesNet": -42384000,
        "incomeBeforeTax": 101518000,
        "incomeBeforeTaxRatio": 0.1312887815,
        "incomeTaxExpense": 32956000,
        "netIncome": 68481000,
        "netIncomeRatio": 0.0885634769,
        "eps": 0.37,
        "epsdiluted": 0.36,
        "weightedAverageShsOut": 187597000,
        "weightedAverageShsOutDil": 192138000,
        "link": "https://www.sec.gov/Archives/edgar/data/89089/000008908917000032/0000089089-17-000032-index.htm",
        "finalLink": "https://www.sec.gov/Archives/edgar/data/89089/000008908917000032/sci-2017630x10q.htm"
    },
    {
        "date": "2017-03-31",
        "symbol": "SCI",
        "reportedCurrency": "USD",
        "cik": "0000089089",
        "fillingDate": "2017-04-27",
        "acceptedDate": "2017-04-27 14:41:17",
        "calendarYear": "2017",
        "period": "Q1",
        "revenue": 777710000,
        "costOfRevenue": 600545000,
        "grossProfit": 177165000,
        "grossProfitRatio": 0.2278034229,
        "researchAndDevelopmentExpenses": 0,
        "generalAndAdministrativeExpenses": 42504000,
        "sellingAndMarketingExpenses": 0,
        "sellingGeneralAndAdministrativeExpenses": 42504000,
        "otherExpenses": 0,
        "operatingExpenses": 42504000,
        "costAndExpenses": 643049000,
        "interestIncome": 0,
        "interestExpense": 40636000,
        "depreciationAndAmortization": 58768000,
        "ebitda": 205324000,
        "ebitdaratio": 0.2640110067,
        "operatingIncome": 139596000,
        "operatingIncomeRatio": 0.1794962132,
        "totalOtherIncomeExpensesNet": -41365000,
        "incomeBeforeTax": 98526000,
        "incomeBeforeTaxRatio": 0.1266873256,
        "incomeTaxExpense": -76223000,
        "netIncome": 174702000,
        "netIncomeRatio": 0.2246364326,
        "eps": 0.93,
        "epsdiluted": 0.91,
        "weightedAverageShsOut": 188260000,
        "weightedAverageShsOutDil": 192867000,
        "link": "https://www.sec.gov/Archives/edgar/data/89089/000008908917000023/0000089089-17-000023-index.htm",
        "finalLink": "https://www.sec.gov/Archives/edgar/data/89089/000008908917000023/sci-2017331x10q.htm"
    },
    {
        "date": "2016-12-31",
        "symbol": "SCI",
        "reportedCurrency": "USD",
        "cik": "0000089089",
        "fillingDate": "2017-02-15",
        "acceptedDate": "2017-02-15 12:50:32",
        "calendarYear": "2016",
        "period": "Q4",
        "revenue": 809053000,
        "costOfRevenue": 598276000,
        "grossProfit": 210777000,
        "grossProfitRatio": 0.2605231054,
        "researchAndDevelopmentExpenses": 0,
        "generalAndAdministrativeExpenses": 35061000,
        "sellingAndMarketingExpenses": 0,
        "sellingGeneralAndAdministrativeExpenses": 35061000,
        "otherExpenses": 65000,
        "operatingExpenses": 35061000,
        "costAndExpenses": 633337000,
        "interestIncome": 0,
        "interestExpense": 40105000,
        "depreciationAndAmortization": 70620000,
        "ebitda": 252734000,
        "ebitdaratio": 0.3123825015,
        "operatingIncome": 179329000,
        "operatingIncomeRatio": 0.2216529696,
        "totalOtherIncomeExpensesNet": -40038000,
        "incomeBeforeTax": 139289000,
        "incomeBeforeTaxRatio": 0.1721630103,
        "incomeTaxExpense": 72872000,
        "netIncome": 66246000,
        "netIncomeRatio": 0.0818809151,
        "eps": 0.35,
        "epsdiluted": 0.34,
        "weightedAverageShsOut": 190367000,
        "weightedAverageShsOutDil": 192957000,
        "link": "https://www.sec.gov/Archives/edgar/data/89089/000008908917000006/0000089089-17-000006-index.htm",
        "finalLink": "https://www.sec.gov/Archives/edgar/data/89089/000008908917000006/sci-12312016x10k.htm"
    },
    {
        "date": "2016-09-30",
        "symbol": "SCI",
        "reportedCurrency": "USD",
        "cik": "0000089089",
        "fillingDate": "2016-10-27",
        "acceptedDate": "2016-10-27 16:45:26",
        "calendarYear": "2016",
        "period": "Q3",
        "revenue": 721467000,
        "costOfRevenue": 580722000,
        "grossProfit": 140745000,
        "grossProfitRatio": 0.1950816877,
        "researchAndDevelopmentExpenses": 0,
        "generalAndAdministrativeExpenses": 26916000,
        "sellingAndMarketingExpenses": 0,
        "sellingGeneralAndAdministrativeExpenses": 26916000,
        "otherExpenses": 110000,
        "operatingExpenses": 26916000,
        "costAndExpenses": 607638000,
        "interestIncome": 0,
        "interestExpense": 39508000,
        "depreciationAndAmortization": 58563000,
        "ebitda": 174692000,
        "ebitdaratio": 0.2421344289,
        "operatingIncome": 114386000,
        "operatingIncomeRatio": 0.1585464061,
        "totalOtherIncomeExpensesNet": -39423000,
        "incomeBeforeTax": 74963000,
        "incomeBeforeTaxRatio": 0.1039035742,
        "incomeTaxExpense": 27422000,
        "netIncome": 47727000,
        "netIncomeRatio": 0.0661527138,
        "eps": 0.25,
        "epsdiluted": 0.24,
        "weightedAverageShsOut": 193274000,
        "weightedAverageShsOutDil": 196567000,
        "link": "https://www.sec.gov/Archives/edgar/data/89089/000008908916000059/0000089089-16-000059-index.htm",
        "finalLink": "https://www.sec.gov/Archives/edgar/data/89089/000008908916000059/sci-2016930x10q.htm"
    },
    {
        "date": "2016-06-30",
        "symbol": "SCI",
        "reportedCurrency": "USD",
        "cik": "0000089089",
        "fillingDate": "2016-07-28",
        "acceptedDate": "2016-07-28 13:37:10",
        "calendarYear": "2016",
        "period": "Q2",
        "revenue": 751710000,
        "costOfRevenue": 590339000,
        "grossProfit": 161371000,
        "grossProfitRatio": 0.2146718814,
        "researchAndDevelopmentExpenses": 0,
        "generalAndAdministrativeExpenses": 36260000,
        "sellingAndMarketingExpenses": 0,
        "sellingGeneralAndAdministrativeExpenses": 36260000,
        "otherExpenses": 0,
        "operatingExpenses": 36260000,
        "costAndExpenses": 626599000,
        "interestIncome": 0,
        "interestExpense": 39398000,
        "depreciationAndAmortization": 58651000,
        "ebitda": 183227000,
        "ebitdaratio": 0.2437469237,
        "operatingIncome": 94470000,
        "operatingIncomeRatio": 0.1256734645,
        "totalOtherIncomeExpensesNet": -61860000,
        "incomeBeforeTax": 32639000,
        "incomeBeforeTaxRatio": 0.0434196698,
        "incomeTaxExpense": 16746000,
        "netIncome": 15620000,
        "netIncomeRatio": 0.0207792899,
        "eps": 0.08,
        "epsdiluted": 0.08,
        "weightedAverageShsOut": 193806000,
        "weightedAverageShsOutDil": 196718000,
        "link": "https://www.sec.gov/Archives/edgar/data/89089/000008908916000056/0000089089-16-000056-index.htm",
        "finalLink": "https://www.sec.gov/Archives/edgar/data/89089/000008908916000056/sci-2016630x10q.htm"
    },
    {
        "date": "2016-03-31",
        "symbol": "SCI",
        "reportedCurrency": "USD",
        "cik": "0000089089",
        "fillingDate": "2016-04-28",
        "acceptedDate": "2016-04-28 15:28:14",
        "calendarYear": "2016",
        "period": "Q1",
        "revenue": 749271000,
        "costOfRevenue": 587775000,
        "grossProfit": 161496000,
        "grossProfitRatio": 0.2155375025,
        "researchAndDevelopmentExpenses": 0,
        "generalAndAdministrativeExpenses": 37508000,
        "sellingAndMarketingExpenses": 0,
        "sellingGeneralAndAdministrativeExpenses": 37508000,
        "otherExpenses": -211000,
        "operatingExpenses": 37508000,
        "costAndExpenses": 625283000,
        "interestIncome": 0,
        "interestExpense": 43082000,
        "depreciationAndAmortization": 57100000,
        "ebitda": 190719000,
        "ebitdaratio": 0.2545394123,
        "operatingIncome": 123641000,
        "operatingIncomeRatio": 0.1650150613,
        "totalOtherIncomeExpensesNet": -43905000,
        "incomeBeforeTax": 79767000,
        "incomeBeforeTaxRatio": 0.1064594786,
        "incomeTaxExpense": 32313000,
        "netIncome": 47445000,
        "netIncomeRatio": 0.0633215485,
        "eps": 0.24,
        "epsdiluted": 0.24,
        "weightedAverageShsOut": 194924000,
        "weightedAverageShsOutDil": 198030000,
        "link": "https://www.sec.gov/Archives/edgar/data/89089/000008908916000039/0000089089-16-000039-index.htm",
        "finalLink": "https://www.sec.gov/Archives/edgar/data/89089/000008908916000039/sci-2016331x10q.htm"
    },
    {
        "date": "2015-12-31",
        "symbol": "SCI",
        "reportedCurrency": "USD",
        "cik": "0000089089",
        "fillingDate": "2016-02-18",
        "acceptedDate": "2016-02-17 21:49:46",
        "calendarYear": "2015",
        "period": "Q4",
        "revenue": 769383000,
        "costOfRevenue": 581942000,
        "grossProfit": 187441000,
        "grossProfitRatio": 0.2436250866,
        "researchAndDevelopmentExpenses": 0,
        "generalAndAdministrativeExpenses": 33525000,
        "sellingAndMarketingExpenses": 0,
        "sellingGeneralAndAdministrativeExpenses": 33525000,
        "otherExpenses": -281000,
        "operatingExpenses": 33525000,
        "costAndExpenses": 615467000,
        "interestIncome": 0,
        "interestExpense": 43055000,
        "depreciationAndAmortization": 67548000,
        "ebitda": 217434000,
        "ebitdaratio": 0.2826082718,
        "operatingIncome": 157035000,
        "operatingIncomeRatio": 0.2041051076,
        "totalOtherIncomeExpensesNet": -43335000,
        "incomeBeforeTax": 113699000,
        "incomeBeforeTaxRatio": 0.1477794544,
        "incomeTaxExpense": 41249000,
        "netIncome": 72354000,
        "netIncomeRatio": 0.0940415892,
        "eps": 0.37,
        "epsdiluted": 0.36,
        "weightedAverageShsOut": 196248000,
        "weightedAverageShsOutDil": 199977000,
        "link": "https://www.sec.gov/Archives/edgar/data/89089/000008908916000035/0000089089-16-000035-index.htm",
        "finalLink": "https://www.sec.gov/Archives/edgar/data/89089/000008908916000035/sci-12312015x10k.htm"
    },
    {
        "date": "2015-09-30",
        "symbol": "SCI",
        "reportedCurrency": "USD",
        "cik": "0000089089",
        "fillingDate": "2015-11-02",
        "acceptedDate": "2015-11-02 15:36:58",
        "calendarYear": "2015",
        "period": "Q3",
        "revenue": 714525000,
        "costOfRevenue": 572581000,
        "grossProfit": 141944000,
        "grossProfitRatio": 0.1986550506,
        "researchAndDevelopmentExpenses": 0,
        "generalAndAdministrativeExpenses": 28158000,
        "sellingAndMarketingExpenses": 0,
        "sellingGeneralAndAdministrativeExpenses": 28158000,
        "otherExpenses": 0,
        "operatingExpenses": 28158000,
        "costAndExpenses": 600739000,
        "interestIncome": 0,
        "interestExpense": 43921000,
        "depreciationAndAmortization": 56865000,
        "ebitda": 170773000,
        "ebitdaratio": 0.2390021343,
        "operatingIncome": 124550000,
        "operatingIncomeRatio": 0.1743116056,
        "totalOtherIncomeExpensesNet": -50503000,
        "incomeBeforeTax": 74045000,
        "incomeBeforeTaxRatio": 0.1036282845,
        "incomeTaxExpense": 26118000,
        "netIncome": 47448000,
        "netIncomeRatio": 0.0664049543,
        "eps": 0.24,
        "epsdiluted": 0.23,
        "weightedAverageShsOut": 199310000,
        "weightedAverageShsOutDil": 203444000,
        "link": "https://www.sec.gov/Archives/edgar/data/89089/000008908915000028/0000089089-15-000028-index.htm",
        "finalLink": "https://www.sec.gov/Archives/edgar/data/89089/000008908915000028/sci-2015930x10q.htm"
    },
    {
        "date": "2015-06-30",
        "symbol": "SCI",
        "reportedCurrency": "USD",
        "cik": "0000089089",
        "fillingDate": "2015-07-30",
        "acceptedDate": "2015-07-30 13:46:09",
        "calendarYear": "2015",
        "period": "Q2",
        "revenue": 754354000,
        "costOfRevenue": 587624000,
        "grossProfit": 166730000,
        "grossProfitRatio": 0.2210235513,
        "researchAndDevelopmentExpenses": 0,
        "generalAndAdministrativeExpenses": 33568000,
        "sellingAndMarketingExpenses": 0,
        "sellingGeneralAndAdministrativeExpenses": 33568000,
        "otherExpenses": -109000,
        "operatingExpenses": 33568000,
        "costAndExpenses": 621192000,
        "interestIncome": 0,
        "interestExpense": 42982000,
        "depreciationAndAmortization": 57086000,
        "ebitda": 190248000,
        "ebitdaratio": 0.2521998955,
        "operatingIncome": 127580000,
        "operatingIncomeRatio": 0.1691248406,
        "totalOtherIncomeExpensesNet": -43091000,
        "incomeBeforeTax": 84489000,
        "incomeBeforeTaxRatio": 0.1120017923,
        "incomeTaxExpense": 31007000,
        "netIncome": 52595000,
        "netIncomeRatio": 0.0697219078,
        "eps": 0.26,
        "epsdiluted": 0.25,
        "weightedAverageShsOut": 202466000,
        "weightedAverageShsOutDil": 206746000,
        "link": "https://www.sec.gov/Archives/edgar/data/89089/000008908915000020/0000089089-15-000020-index.htm",
        "finalLink": "https://www.sec.gov/Archives/edgar/data/89089/000008908915000020/sci-2015630x10q.htm"
    },
    {
        "date": "2015-03-31",
        "symbol": "SCI",
        "reportedCurrency": "USD",
        "cik": "0000089089",
        "fillingDate": "2015-04-30",
        "acceptedDate": "2015-04-30 12:23:13",
        "calendarYear": "2015",
        "period": "Q1",
        "revenue": 748117000,
        "costOfRevenue": 570168000,
        "grossProfit": 177949000,
        "grossProfitRatio": 0.2378625269,
        "researchAndDevelopmentExpenses": 0,
        "generalAndAdministrativeExpenses": 35055000,
        "sellingAndMarketingExpenses": 0,
        "sellingGeneralAndAdministrativeExpenses": 35055000,
        "otherExpenses": -58000,
        "operatingExpenses": 35055000,
        "costAndExpenses": 605223000,
        "interestIncome": 0,
        "interestExpense": 42939000,
        "depreciationAndAmortization": 53823000,
        "ebitda": 199617000,
        "ebitdaratio": 0.2668259109,
        "operatingIncome": 141115000,
        "operatingIncomeRatio": 0.1886269126,
        "totalOtherIncomeExpensesNet": -42997000,
        "incomeBeforeTax": 98118000,
        "incomeBeforeTaxRatio": 0.1311532822,
        "incomeTaxExpense": 36653000,
        "netIncome": 61375000,
        "netIncomeRatio": 0.0820393067,
        "eps": 0.3,
        "epsdiluted": 0.3,
        "weightedAverageShsOut": 203510000,
        "weightedAverageShsOutDil": 207752000,
        "link": "https://www.sec.gov/Archives/edgar/data/89089/000008908915000012/0000089089-15-000012-index.htm",
        "finalLink": "https://www.sec.gov/Archives/edgar/data/89089/000008908915000012/sci-2015331x10q.htm"
    },
    {
        "date": "2014-12-31",
        "symbol": "SCI",
        "reportedCurrency": "USD",
        "cik": "0000089089",
        "fillingDate": "2015-02-13",
        "acceptedDate": "2015-02-13 16:04:01",
        "calendarYear": "2014",
        "period": "Q4",
        "revenue": 783443000,
        "costOfRevenue": 578032000,
        "grossProfit": 205411000,
        "grossProfitRatio": 0.2621901019,
        "researchAndDevelopmentExpenses": 0,
        "generalAndAdministrativeExpenses": 42992000,
        "sellingAndMarketingExpenses": 0,
        "sellingGeneralAndAdministrativeExpenses": 42992000,
        "otherExpenses": 203000,
        "operatingExpenses": 42992000,
        "costAndExpenses": 621024000,
        "interestIncome": 0,
        "interestExpense": 42892000,
        "depreciationAndAmortization": 62714000,
        "ebitda": 239033000,
        "ebitdaratio": 0.3051057958,
        "operatingIncome": 220280000,
        "operatingIncomeRatio": 0.281169147,
        "totalOtherIncomeExpensesNet": -42689000,
        "incomeBeforeTax": 177591000,
        "incomeBeforeTaxRatio": 0.2266801797,
        "incomeTaxExpense": 90982000,
        "netIncome": 87794000,
        "netIncomeRatio": 0.1120617582,
        "eps": 0.42,
        "epsdiluted": 0.42,
        "weightedAverageShsOut": 206977000,
        "weightedAverageShsOutDil": 210467000,
        "link": "https://www.sec.gov/Archives/edgar/data/89089/000008908915000001/0000089089-15-000001-index.htm",
        "finalLink": "https://www.sec.gov/Archives/edgar/data/89089/000008908915000001/sci-12312014x10k.htm"
    },
    {
        "date": "2014-09-30",
        "symbol": "SCI",
        "reportedCurrency": "USD",
        "cik": "0000089089",
        "fillingDate": "2014-10-30",
        "acceptedDate": "2014-10-30 15:09:24",
        "calendarYear": "2014",
        "period": "Q3",
        "revenue": 718314000,
        "costOfRevenue": 570016000,
        "grossProfit": 148298000,
        "grossProfitRatio": 0.2064528883,
        "researchAndDevelopmentExpenses": 0,
        "generalAndAdministrativeExpenses": 39748000,
        "sellingAndMarketingExpenses": 0,
        "sellingGeneralAndAdministrativeExpenses": 39748000,
        "otherExpenses": -9000,
        "operatingExpenses": 39748000,
        "costAndExpenses": 609764000,
        "interestIncome": 0,
        "interestExpense": 43376000,
        "depreciationAndAmortization": 58636000,
        "ebitda": 177886000,
        "ebitdaratio": 0.2476437881,
        "operatingIncome": 135120000,
        "operatingIncomeRatio": 0.1881071509,
        "totalOtherIncomeExpensesNet": -43385000,
        "incomeBeforeTax": 91735000,
        "incomeBeforeTaxRatio": 0.1277087736,
        "incomeTaxExpense": 74934000,
        "netIncome": 17651000,
        "netIncomeRatio": 0.0245728191,
        "eps": 0.08,
        "epsdiluted": 0.08,
        "weightedAverageShsOut": 210820000,
        "weightedAverageShsOutDil": 213010000,
        "link": "https://www.sec.gov/Archives/edgar/data/89089/000008908914000024/0000089089-14-000024-index.htm",
        "finalLink": "https://www.sec.gov/Archives/edgar/data/89089/000008908914000024/sci-2014930x10q.htm"
    },
    {
        "date": "2014-06-30",
        "symbol": "SCI",
        "reportedCurrency": "USD",
        "cik": "0000089089",
        "fillingDate": "2014-08-01",
        "acceptedDate": "2014-08-01 12:53:24",
        "calendarYear": "2014",
        "period": "Q2",
        "revenue": 746746000,
        "costOfRevenue": 590882000,
        "grossProfit": 155864000,
        "grossProfitRatio": 0.2087242516,
        "researchAndDevelopmentExpenses": 0,
        "generalAndAdministrativeExpenses": 46127000,
        "sellingAndMarketingExpenses": 0,
        "sellingGeneralAndAdministrativeExpenses": 46127000,
        "otherExpenses": 50000,
        "operatingExpenses": 46127000,
        "costAndExpenses": 637009000,
        "interestIncome": 0,
        "interestExpense": 46307000,
        "depreciationAndAmortization": 58192000,
        "ebitda": 182129000,
        "ebitdaratio": 0.2438968538,
        "operatingIncome": 144731000,
        "operatingIncomeRatio": 0.1938155678,
        "totalOtherIncomeExpensesNet": -75415000,
        "incomeBeforeTax": 69316000,
        "incomeBeforeTaxRatio": 0.092824066,
        "incomeTaxExpense": 37357000,
        "netIncome": 25922000,
        "netIncomeRatio": 0.034713276,
        "eps": 0.12,
        "epsdiluted": 0.12,
        "weightedAverageShsOut": 212390000,
        "weightedAverageShsOutDil": 215989000,
        "link": "https://www.sec.gov/Archives/edgar/data/89089/000008908914000021/0000089089-14-000021-index.htm",
        "finalLink": "https://www.sec.gov/Archives/edgar/data/89089/000008908914000021/sci-2014630x10q.htm"
    },
    {
        "date": "2014-03-31",
        "symbol": "SCI",
        "reportedCurrency": "USD",
        "cik": "0000089089",
        "fillingDate": "2014-04-25",
        "acceptedDate": "2014-04-25 16:33:23",
        "calendarYear": "2014",
        "period": "Q1",
        "revenue": 747123000,
        "costOfRevenue": 580741000,
        "grossProfit": 166382000,
        "grossProfitRatio": 0.2226969321,
        "researchAndDevelopmentExpenses": 0,
        "generalAndAdministrativeExpenses": 56010000,
        "sellingAndMarketingExpenses": 0,
        "sellingGeneralAndAdministrativeExpenses": 56010000,
        "otherExpenses": 0,
        "operatingExpenses": 56010000,
        "costAndExpenses": 636751000,
        "interestIncome": 0,
        "interestExpense": 44996000,
        "depreciationAndAmortization": 57539000,
        "ebitda": 194771000,
        "ebitdaratio": 0.2606946915,
        "operatingIncome": 107560000,
        "operatingIncomeRatio": 0.1439655853,
        "totalOtherIncomeExpensesNet": -43462000,
        "incomeBeforeTax": 64098000,
        "incomeBeforeTaxRatio": 0.0857931023,
        "incomeTaxExpense": 22707000,
        "netIncome": 41102000,
        "netIncomeRatio": 0.0550136992,
        "eps": 0.19,
        "epsdiluted": 0.19,
        "weightedAverageShsOut": 212838000,
        "weightedAverageShsOutDil": 217231000,
        "link": "https://www.sec.gov/Archives/edgar/data/89089/000008908914000011/0000089089-14-000011-index.htm",
        "finalLink": "https://www.sec.gov/Archives/edgar/data/89089/000008908914000011/sci-2014331x10q.htm"
    },
    {
        "date": "2013-12-31",
        "symbol": "SCI",
        "reportedCurrency": "USD",
        "cik": "0000089089",
        "fillingDate": "2014-02-14",
        "acceptedDate": "2014-02-14 15:37:47",
        "calendarYear": "2013",
        "period": "Q4",
        "revenue": 668574000,
        "costOfRevenue": 520755000,
        "grossProfit": 147819000,
        "grossProfitRatio": 0.2210959445,
        "researchAndDevelopmentExpenses": 0,
        "generalAndAdministrativeExpenses": 59094000,
        "sellingAndMarketingExpenses": 0,
        "sellingGeneralAndAdministrativeExpenses": 59094000,
        "otherExpenses": 458000,
        "operatingExpenses": 59094000,
        "costAndExpenses": 579849000,
        "interestIncome": 0,
        "interestExpense": 38771000,
        "depreciationAndAmortization": 52205000,
        "ebitda": 140658000,
        "ebitdaratio": 0.2103850883,
        "operatingIncome": 87995000,
        "operatingIncomeRatio": 0.1316159468,
        "totalOtherIncomeExpensesNet": -38313000,
        "incomeBeforeTax": 49682000,
        "incomeBeforeTaxRatio": 0.074310398,
        "incomeTaxExpense": 21130000,
        "netIncome": 25833000,
        "netIncomeRatio": 0.038638954,
        "eps": 0.12,
        "epsdiluted": 0.12,
        "weightedAverageShsOut": 212079000,
        "weightedAverageShsOutDil": 216354000,
        "link": "https://www.sec.gov/Archives/edgar/data/89089/000008908914000002/0000089089-14-000002-index.htm",
        "finalLink": "https://www.sec.gov/Archives/edgar/data/89089/000008908914000002/sci-12312013x10k.htm"
    },
    {
        "date": "2013-09-30",
        "symbol": "SCI",
        "reportedCurrency": "USD",
        "cik": "0000089089",
        "fillingDate": "2013-10-24",
        "acceptedDate": "2013-10-24 12:32:02",
        "calendarYear": "2013",
        "period": "Q3",
        "revenue": 609951000,
        "costOfRevenue": 493872000,
        "grossProfit": 116079000,
        "grossProfitRatio": 0.1903087297,
        "researchAndDevelopmentExpenses": 0,
        "generalAndAdministrativeExpenses": 33764000,
        "sellingAndMarketingExpenses": 0,
        "sellingGeneralAndAdministrativeExpenses": 33764000,
        "otherExpenses": 0,
        "operatingExpenses": 33764000,
        "costAndExpenses": 527636000,
        "interestIncome": 0,
        "interestExpense": 38080000,
        "depreciationAndAmortization": 48353000,
        "ebitda": 137450000,
        "ebitdaratio": 0.2253459704,
        "operatingIncome": 83296000,
        "operatingIncomeRatio": 0.1365617894,
        "totalOtherIncomeExpensesNet": -37413000,
        "incomeBeforeTax": 45882000,
        "incomeBeforeTaxRatio": 0.0752224359,
        "incomeTaxExpense": 18488000,
        "netIncome": 26779000,
        "netIncomeRatio": 0.0439035267,
        "eps": 0.13,
        "epsdiluted": 0.12,
        "weightedAverageShsOut": 211954000,
        "weightedAverageShsOutDil": 216370000,
        "link": "https://www.sec.gov/Archives/edgar/data/89089/000008908913000035/0000089089-13-000035-index.htm",
        "finalLink": "https://www.sec.gov/Archives/edgar/data/89089/000008908913000035/sci-2013930x10q.htm"
    },
    {
        "date": "2013-06-30",
        "symbol": "SCI",
        "reportedCurrency": "USD",
        "cik": "0000089089",
        "fillingDate": "2013-07-25",
        "acceptedDate": "2013-07-25 14:03:53",
        "calendarYear": "2013",
        "period": "Q2",
        "revenue": 625505000,
        "costOfRevenue": 499684000,
        "grossProfit": 125821000,
        "grossProfitRatio": 0.2011510699,
        "researchAndDevelopmentExpenses": 0,
        "generalAndAdministrativeExpenses": 31162000,
        "sellingAndMarketingExpenses": 0,
        "sellingGeneralAndAdministrativeExpenses": 31162000,
        "otherExpenses": 0,
        "operatingExpenses": 31162000,
        "costAndExpenses": 530846000,
        "interestIncome": 0,
        "interestExpense": 32740000,
        "depreciationAndAmortization": 47017000,
        "ebitda": 135663000,
        "ebitdaratio": 0.2168855565,
        "operatingIncome": 89114000,
        "operatingIncomeRatio": 0.1424672864,
        "totalOtherIncomeExpensesNet": -33022000,
        "incomeBeforeTax": 56143000,
        "incomeBeforeTaxRatio": 0.0897562769,
        "incomeTaxExpense": 21708000,
        "netIncome": 33615000,
        "netIncomeRatio": 0.0537405776,
        "eps": 0.16,
        "epsdiluted": 0.16,
        "weightedAverageShsOut": 211821000,
        "weightedAverageShsOutDil": 215946000,
        "link": "https://www.sec.gov/Archives/edgar/data/89089/000008908913000017/0000089089-13-000017-index.htm",
        "finalLink": "https://www.sec.gov/Archives/edgar/data/89089/000008908913000017/sci-2013630x10q.htm"
    },
    {
        "date": "2013-03-31",
        "symbol": "SCI",
        "reportedCurrency": "USD",
        "cik": "0000089089",
        "fillingDate": "2013-04-25",
        "acceptedDate": "2013-04-25 11:37:15",
        "calendarYear": "2013",
        "period": "Q1",
        "revenue": 652352000,
        "costOfRevenue": 492752000,
        "grossProfit": 159600000,
        "grossProfitRatio": 0.2446531934,
        "researchAndDevelopmentExpenses": 0,
        "generalAndAdministrativeExpenses": 30866000,
        "sellingAndMarketingExpenses": 0,
        "sellingGeneralAndAdministrativeExpenses": 30866000,
        "otherExpenses": 0,
        "operatingExpenses": 30866000,
        "costAndExpenses": 523618000,
        "interestIncome": 0,
        "interestExpense": 32769000,
        "depreciationAndAmortization": 45230000,
        "ebitda": 172011000,
        "ebitdaratio": 0.2636781983,
        "operatingIncome": 127765000,
        "operatingIncomeRatio": 0.1958528524,
        "totalOtherIncomeExpensesNet": -33753000,
        "incomeBeforeTax": 94012000,
        "incomeBeforeTaxRatio": 0.144112381,
        "incomeTaxExpense": 35290000,
        "netIncome": 57620000,
        "netIncomeRatio": 0.0883265476,
        "eps": 0.27,
        "epsdiluted": 0.27,
        "weightedAverageShsOut": 211380000,
        "weightedAverageShsOutDil": 215208000,
        "link": "https://www.sec.gov/Archives/edgar/data/89089/000008908913000009/0000089089-13-000009-index.htm",
        "finalLink": "https://www.sec.gov/Archives/edgar/data/89089/000008908913000009/sci-2013331x10q.htm"
    },
    {
        "date": "2012-12-31",
        "symbol": "SCI",
        "reportedCurrency": "USD",
        "cik": "0000089089",
        "fillingDate": "2013-02-13",
        "acceptedDate": "2013-02-13 14:38:30",
        "calendarYear": "2012",
        "period": "Q4",
        "revenue": 629421000,
        "costOfRevenue": 481221000,
        "grossProfit": 148200000,
        "grossProfitRatio": 0.2354544891,
        "researchAndDevelopmentExpenses": 0,
        "generalAndAdministrativeExpenses": 41978000,
        "sellingAndMarketingExpenses": 0,
        "sellingGeneralAndAdministrativeExpenses": 41978000,
        "otherExpenses": -333000,
        "operatingExpenses": 41978000,
        "costAndExpenses": 523199000,
        "interestIncome": 34018000,
        "interestExpense": 0,
        "depreciationAndAmortization": 50229000,
        "ebitda": 130996000,
        "ebitdaratio": 0.2081214322,
        "operatingIncome": 103806000,
        "operatingIncomeRatio": 0.1649230007,
        "totalOtherIncomeExpensesNet": -57057000,
        "incomeBeforeTax": 46749000,
        "incomeBeforeTaxRatio": 0.0742730223,
        "incomeTaxExpense": 20365000,
        "netIncome": 26383000,
        "netIncomeRatio": 0.0419163009,
        "eps": 0.12,
        "epsdiluted": 0.12,
        "weightedAverageShsOut": 211954000,
        "weightedAverageShsOutDil": 215261000,
        "link": "https://www.sec.gov/Archives/edgar/data/89089/000008908913000003/0000089089-13-000003-index.htm",
        "finalLink": "https://www.sec.gov/Archives/edgar/data/89089/000008908913000003/sci-12312012x10k.htm"
    },
    {
        "date": "2012-09-30",
        "symbol": "SCI",
        "reportedCurrency": "USD",
        "cik": "0000089089",
        "fillingDate": "2012-10-25",
        "acceptedDate": "2012-10-25 15:46:15",
        "calendarYear": "2012",
        "period": "Q3",
        "revenue": 581182000,
        "costOfRevenue": 459911000,
        "grossProfit": 121271000,
        "grossProfitRatio": 0.2086626909,
        "researchAndDevelopmentExpenses": 0,
        "generalAndAdministrativeExpenses": 26410000,
        "sellingAndMarketingExpenses": 0,
        "sellingGeneralAndAdministrativeExpenses": 26410000,
        "otherExpenses": 2317000,
        "operatingExpenses": 26095000,
        "costAndExpenses": 486006000,
        "interestIncome": 12443000,
        "interestExpense": 33568000,
        "depreciationAndAmortization": 46555000,
        "ebitda": 144048000,
        "ebitdaratio": 0.2478535123,
        "operatingIncome": 95176000,
        "operatingIncomeRatio": 0.1637628144,
        "totalOtherIncomeExpensesNet": -31251000,
        "incomeBeforeTax": 63925000,
        "incomeBeforeTaxRatio": 0.1099913624,
        "incomeTaxExpense": 22128000,
        "netIncome": 41062000,
        "netIncomeRatio": 0.0706525667,
        "eps": 0.19,
        "epsdiluted": 0.19,
        "weightedAverageShsOut": 214914000,
        "weightedAverageShsOutDil": 218460000,
        "link": "https://www.sec.gov/Archives/edgar/data/89089/000008908912000033/0000089089-12-000033-index.htm",
        "finalLink": "https://www.sec.gov/Archives/edgar/data/89089/000008908912000033/sci-2012930x10q.htm"
    },
    {
        "date": "2012-06-30",
        "symbol": "SCI",
        "reportedCurrency": "USD",
        "cik": "0000089089",
        "fillingDate": "2012-07-27",
        "acceptedDate": "2012-07-27 13:54:16",
        "calendarYear": "2012",
        "period": "Q2",
        "revenue": 597372000,
        "costOfRevenue": 469183000,
        "grossProfit": 128189000,
        "grossProfitRatio": 0.2145882298,
        "researchAndDevelopmentExpenses": 0,
        "generalAndAdministrativeExpenses": 29558000,
        "sellingAndMarketingExpenses": 0,
        "sellingGeneralAndAdministrativeExpenses": 29558000,
        "otherExpenses": -2221000,
        "operatingExpenses": 28500000,
        "costAndExpenses": 497683000,
        "interestIncome": 18670000,
        "interestExpense": 33894000,
        "depreciationAndAmortization": 47013000,
        "ebitda": 144481000,
        "ebitdaratio": 0.2418610179,
        "operatingIncome": 99689000,
        "operatingIncomeRatio": 0.1668792645,
        "totalOtherIncomeExpensesNet": -36115000,
        "incomeBeforeTax": 63574000,
        "incomeBeforeTaxRatio": 0.1064227985,
        "incomeTaxExpense": 25935000,
        "netIncome": 37076000,
        "netIncomeRatio": 0.0620651788,
        "eps": 0.17,
        "epsdiluted": 0.17,
        "weightedAverageShsOut": 215898000,
        "weightedAverageShsOutDil": 218906000,
        "link": "https://www.sec.gov/Archives/edgar/data/89089/000008908912000022/0000089089-12-000022-index.htm",
        "finalLink": "https://www.sec.gov/Archives/edgar/data/89089/000008908912000022/sci-2012630x10q.htm"
    },
    {
        "date": "2012-03-31",
        "symbol": "SCI",
        "reportedCurrency": "USD",
        "cik": "0000089089",
        "fillingDate": "2012-04-26",
        "acceptedDate": "2012-04-26 14:47:56",
        "calendarYear": "2012",
        "period": "Q1",
        "revenue": 602506000,
        "costOfRevenue": 474939000,
        "grossProfit": 127567000,
        "grossProfitRatio": 0.2117273521,
        "researchAndDevelopmentExpenses": 0,
        "generalAndAdministrativeExpenses": 25959000,
        "sellingAndMarketingExpenses": 0,
        "sellingGeneralAndAdministrativeExpenses": 25959000,
        "otherExpenses": 3905000,
        "operatingExpenses": 26449000,
        "costAndExpenses": 501388000,
        "interestIncome": 10199000,
        "interestExpense": 33588000,
        "depreciationAndAmortization": 45259000,
        "ebitda": 150282000,
        "ebitdaratio": 0.2494282215,
        "operatingIncome": 101118000,
        "operatingIncomeRatio": 0.1678290341,
        "totalOtherIncomeExpensesNet": -29683000,
        "incomeBeforeTax": 71435000,
        "incomeBeforeTaxRatio": 0.1185631346,
        "incomeTaxExpense": 23120000,
        "netIncome": 48025000,
        "netIncomeRatio": 0.0797087498,
        "eps": 0.22,
        "epsdiluted": 0.22,
        "weightedAverageShsOut": 220132000,
        "weightedAverageShsOutDil": 223212000,
        "link": "https://www.sec.gov/Archives/edgar/data/89089/000008908912000016/0000089089-12-000016-index.htm",
        "finalLink": "https://www.sec.gov/Archives/edgar/data/89089/000008908912000016/sci-2012331x10q.htm"
    },
    {
        "date": "2011-12-31",
        "symbol": "SCI",
        "reportedCurrency": "USD",
        "cik": "0000089089",
        "fillingDate": "2012-02-13",
        "acceptedDate": "2012-02-13 16:51:42",
        "calendarYear": "2011",
        "period": "Q4",
        "revenue": 586568000,
        "costOfRevenue": 456551000,
        "grossProfit": 130017000,
        "grossProfitRatio": 0.2216571651,
        "researchAndDevelopmentExpenses": 0,
        "generalAndAdministrativeExpenses": 26479000,
        "sellingAndMarketingExpenses": 0,
        "sellingGeneralAndAdministrativeExpenses": 26479000,
        "otherExpenses": 0,
        "operatingExpenses": 26479000,
        "costAndExpenses": 483030000,
        "interestIncome": 27247000,
        "interestExpense": 33306000,
        "depreciationAndAmortization": 47935000,
        "ebitda": 154014000,
        "ebitdaratio": 0.2625680228,
        "operatingIncome": 107825000,
        "operatingIncomeRatio": 0.1838235294,
        "totalOtherIncomeExpensesNet": -35052000,
        "incomeBeforeTax": 72773000,
        "incomeBeforeTaxRatio": 0.124065752,
        "incomeTaxExpense": 28223000,
        "netIncome": 44550000,
        "netIncomeRatio": 0.0759502735,
        "eps": 0.2,
        "epsdiluted": 0.2,
        "weightedAverageShsOut": 220132000,
        "weightedAverageShsOutDil": 220132000,
        "link": "https://www.sec.gov/Archives/edgar/data/89089/000008908912000005/0000089089-12-000005-index.htm",
        "finalLink": "https://www.sec.gov/Archives/edgar/data/89089/000008908912000005/sci-12312011x10k.htm"
    },
    {
        "date": "2011-09-30",
        "symbol": "SCI",
        "reportedCurrency": "USD",
        "cik": "0000089089",
        "fillingDate": "2011-10-27",
        "acceptedDate": "2011-10-27 13:11:29",
        "calendarYear": "2011",
        "period": "Q3",
        "revenue": 572999000,
        "costOfRevenue": 465949000,
        "grossProfit": 107050000,
        "grossProfitRatio": 0.1868240608,
        "researchAndDevelopmentExpenses": 0,
        "generalAndAdministrativeExpenses": 23863000,
        "sellingAndMarketingExpenses": 0,
        "sellingGeneralAndAdministrativeExpenses": 23863000,
        "otherExpenses": 0,
        "operatingExpenses": 28864000,
        "costAndExpenses": 494813000,
        "interestIncome": 14313000,
        "interestExpense": 33038000,
        "depreciationAndAmortization": 46443000,
        "ebitda": 123523000,
        "ebitdaratio": 0.215572802,
        "operatingIncome": 78186000,
        "operatingIncomeRatio": 0.1364504999,
        "totalOtherIncomeExpensesNet": -34144000,
        "incomeBeforeTax": 44042000,
        "incomeBeforeTaxRatio": 0.0768622633,
        "incomeTaxExpense": 9027000,
        "netIncome": 35496000,
        "netIncomeRatio": 0.0619477521,
        "eps": 0.15,
        "epsdiluted": 0.15,
        "weightedAverageShsOut": 232917000,
        "weightedAverageShsOutDil": 235513000,
        "link": "https://www.sec.gov/Archives/edgar/data/89089/000008908911000011/0000089089-11-000011-index.htm",
        "finalLink": "https://www.sec.gov/Archives/edgar/data/89089/000008908911000011/sci-2011930x10q.htm"
    },
    {
        "date": "2011-06-30",
        "symbol": "SCI",
        "reportedCurrency": "USD",
        "cik": "0000089089",
        "fillingDate": "2011-07-28",
        "acceptedDate": "2011-07-28 13:53:36",
        "calendarYear": "2011",
        "period": "Q2",
        "revenue": 576774000,
        "costOfRevenue": 461751000,
        "grossProfit": 115023000,
        "grossProfitRatio": 0.1994247314,
        "researchAndDevelopmentExpenses": 0,
        "generalAndAdministrativeExpenses": 24685000,
        "sellingAndMarketingExpenses": 0,
        "sellingGeneralAndAdministrativeExpenses": 24685000,
        "otherExpenses": 0,
        "operatingExpenses": 34528000,
        "costAndExpenses": 496279000,
        "interestIncome": 26581000,
        "interestExpense": 33879000,
        "depreciationAndAmortization": 44121000,
        "ebitda": 122827000,
        "ebitdaratio": 0.2129551609,
        "operatingIncome": 80495000,
        "operatingIncomeRatio": 0.1395607292,
        "totalOtherIncomeExpensesNet": -35668000,
        "incomeBeforeTax": 44827000,
        "incomeBeforeTaxRatio": 0.0777202162,
        "incomeTaxExpense": 18089000,
        "netIncome": 26093000,
        "netIncomeRatio": 0.0452395566,
        "eps": 0.11,
        "epsdiluted": 0.11,
        "weightedAverageShsOut": 238498000,
        "weightedAverageShsOutDil": 241435000,
        "link": "https://www.sec.gov/Archives/edgar/data/89089/000008908911000008/0000089089-11-000008-index.htm",
        "finalLink": "https://www.sec.gov/Archives/edgar/data/89089/000008908911000008/sci-2011630x10q.htm"
    },
    {
        "date": "2011-03-31",
        "symbol": "SCI",
        "reportedCurrency": "USD",
        "cik": "0000089089",
        "fillingDate": "2011-04-28",
        "acceptedDate": "2011-04-28 16:31:43",
        "calendarYear": "2011",
        "period": "Q1",
        "revenue": 579699000,
        "costOfRevenue": 453253000,
        "grossProfit": 126446000,
        "grossProfitRatio": 0.2181235434,
        "researchAndDevelopmentExpenses": 0,
        "generalAndAdministrativeExpenses": 28833000,
        "sellingAndMarketingExpenses": 0,
        "sellingGeneralAndAdministrativeExpenses": 28833000,
        "otherExpenses": 0,
        "operatingExpenses": 29253000,
        "costAndExpenses": 482506000,
        "interestIncome": 16511000,
        "interestExpense": 33559000,
        "depreciationAndAmortization": 45185000,
        "ebitda": 142738000,
        "ebitdaratio": 0.2462277837,
        "operatingIncome": 97193000,
        "operatingIncomeRatio": 0.1676611483,
        "totalOtherIncomeExpensesNet": -33199000,
        "incomeBeforeTax": 63994000,
        "incomeBeforeTaxRatio": 0.1103917723,
        "incomeTaxExpense": 24065000,
        "netIncome": 38764000,
        "netIncomeRatio": 0.0668691856,
        "eps": 0.16,
        "epsdiluted": 0.16,
        "weightedAverageShsOut": 239772000,
        "weightedAverageShsOutDil": 242052000,
        "link": "https://www.sec.gov/Archives/edgar/data/89089/000095012311040985/0000950123-11-040985-index.htm",
        "finalLink": "https://www.sec.gov/Archives/edgar/data/89089/000095012311040985/h81491e10vq.htm"
    },
    {
        "date": "2010-12-31",
        "symbol": "SCI",
        "reportedCurrency": "USD",
        "cik": "0000089089",
        "fillingDate": "2011-02-14",
        "acceptedDate": "2011-02-14 18:59:57",
        "calendarYear": "2010",
        "period": "Q4",
        "revenue": 571251000,
        "costOfRevenue": 446280000,
        "grossProfit": 124971000,
        "grossProfitRatio": 0.2187672319,
        "researchAndDevelopmentExpenses": 0,
        "generalAndAdministrativeExpenses": 23654000,
        "sellingAndMarketingExpenses": 0,
        "sellingGeneralAndAdministrativeExpenses": 23654000,
        "otherExpenses": 0,
        "operatingExpenses": 23654000,
        "costAndExpenses": 469934000,
        "interestIncome": 75391000,
        "interestExpense": 31915000,
        "depreciationAndAmortization": 44076000,
        "ebitda": 147963000,
        "ebitdaratio": 0.2590157391,
        "operatingIncome": 103998000,
        "operatingIncomeRatio": 0.182053073,
        "totalOtherIncomeExpensesNet": -32026000,
        "incomeBeforeTax": 71972000,
        "incomeBeforeTaxRatio": 0.1259901514,
        "incomeTaxExpense": 35203000,
        "netIncome": 36455000,
        "netIncomeRatio": 0.0638160808,
        "eps": 0.15,
        "epsdiluted": 0.15,
        "weightedAverageShsOut": 239772000,
        "weightedAverageShsOutDil": 239772000,
        "link": "https://www.sec.gov/Archives/edgar/data/89089/000095012311013833/0000950123-11-013833-index.htm",
        "finalLink": "https://www.sec.gov/Archives/edgar/data/89089/000095012311013833/h78443e10vk.htm"
    },
    {
        "date": "2010-09-30",
        "symbol": "SCI",
        "reportedCurrency": "USD",
        "cik": "0000089089",
        "fillingDate": "2010-10-28",
        "acceptedDate": "2010-10-28 16:16:13",
        "calendarYear": "2010",
        "period": "Q3",
        "revenue": 533165000,
        "costOfRevenue": 430518000,
        "grossProfit": 102647000,
        "grossProfitRatio": 0.1925238904,
        "researchAndDevelopmentExpenses": 0,
        "generalAndAdministrativeExpenses": 26860000,
        "sellingAndMarketingExpenses": 0,
        "sellingGeneralAndAdministrativeExpenses": 26860000,
        "otherExpenses": 0,
        "operatingExpenses": 26860000,
        "costAndExpenses": 457378000,
        "interestIncome": 17956000,
        "interestExpense": 31497000,
        "depreciationAndAmortization": 45085000,
        "ebitda": 105203000,
        "ebitdaratio": 0.1973179035,
        "operatingIncome": 68496000,
        "operatingIncomeRatio": 0.1284705485,
        "totalOtherIncomeExpensesNet": -39875000,
        "incomeBeforeTax": 28621000,
        "incomeBeforeTaxRatio": 0.0536813182,
        "incomeTaxExpense": 9941000,
        "netIncome": 18765000,
        "netIncomeRatio": 0.0351954836,
        "eps": 0.08,
        "epsdiluted": 0.08,
        "weightedAverageShsOut": 246214000,
        "weightedAverageShsOutDil": 247523000,
        "link": "https://www.sec.gov/Archives/edgar/data/89089/000095012310097447/0000950123-10-097447-index.htm",
        "finalLink": "https://www.sec.gov/Archives/edgar/data/89089/000095012310097447/h77017e10vq.htm"
    },
    {
        "date": "2010-06-30",
        "symbol": "SCI",
        "reportedCurrency": "USD",
        "cik": "0000089089",
        "fillingDate": "2010-07-30",
        "acceptedDate": "2010-07-30 15:41:04",
        "calendarYear": "2010",
        "period": "Q2",
        "revenue": 555273000,
        "costOfRevenue": 445975000,
        "grossProfit": 109298000,
        "grossProfitRatio": 0.196836511,
        "researchAndDevelopmentExpenses": 0,
        "generalAndAdministrativeExpenses": 26974000,
        "sellingAndMarketingExpenses": 0,
        "sellingGeneralAndAdministrativeExpenses": 26974000,
        "otherExpenses": 0,
        "operatingExpenses": 13372000,
        "costAndExpenses": 459347000,
        "interestIncome": 19986000,
        "interestExpense": 32483000,
        "depreciationAndAmortization": 44096000,
        "ebitda": 144004000,
        "ebitdaratio": 0.2593390999,
        "operatingIncome": 95926000,
        "operatingIncomeRatio": 0.172754663,
        "totalOtherIncomeExpensesNet": -28501000,
        "incomeBeforeTax": 67425000,
        "incomeBeforeTaxRatio": 0.1214267576,
        "incomeTaxExpense": 27198000,
        "netIncome": 40285000,
        "netIncomeRatio": 0.0725498989,
        "eps": 0.16,
        "epsdiluted": 0.16,
        "weightedAverageShsOut": 251763000,
        "weightedAverageShsOutDil": 253583000,
        "link": "https://www.sec.gov/Archives/edgar/data/89089/000095012310070485/0000950123-10-070485-index.htm",
        "finalLink": "https://www.sec.gov/Archives/edgar/data/89089/000095012310070485/h74523e10vq.htm"
    },
    {
        "date": "2010-03-31",
        "symbol": "SCI",
        "reportedCurrency": "USD",
        "cik": "0000089089",
        "fillingDate": "2010-04-30",
        "acceptedDate": "2010-04-30 15:09:31",
        "calendarYear": "2010",
        "period": "Q1",
        "revenue": 530863000,
        "costOfRevenue": 418556000,
        "grossProfit": 112307000,
        "grossProfitRatio": 0.2115555237,
        "researchAndDevelopmentExpenses": 0,
        "generalAndAdministrativeExpenses": 26201000,
        "sellingAndMarketingExpenses": 0,
        "sellingGeneralAndAdministrativeExpenses": 26201000,
        "otherExpenses": 0,
        "operatingExpenses": 26201000,
        "costAndExpenses": 444757000,
        "interestIncome": 15444000,
        "interestExpense": 32301000,
        "depreciationAndAmortization": 40749000,
        "ebitda": 124491000,
        "ebitdaratio": 0.2345068313,
        "operatingIncome": 85626000,
        "operatingIncomeRatio": 0.1612958522,
        "totalOtherIncomeExpensesNet": -34185000,
        "incomeBeforeTax": 51441000,
        "incomeBeforeTaxRatio": 0.096900707,
        "incomeTaxExpense": 20116000,
        "netIncome": 30912000,
        "netIncomeRatio": 0.0582297128,
        "eps": 0.12,
        "epsdiluted": 0.12,
        "weightedAverageShsOut": 254400000,
        "weightedAverageShsOutDil": 256154000,
        "link": "https://www.sec.gov/Archives/edgar/data/89089/000095012310041697/0000950123-10-041697-index.htm",
        "finalLink": "https://www.sec.gov/Archives/edgar/data/89089/000095012310041697/h72477e10vq.htm"
    },
    {
        "date": "2009-12-31",
        "symbol": "SCI",
        "reportedCurrency": "USD",
        "cik": "0000089089",
        "fillingDate": "2010-02-26",
        "acceptedDate": "2010-02-25 21:44:23",
        "calendarYear": "2009",
        "period": "Q4",
        "revenue": 531759000,
        "costOfRevenue": 413683000,
        "grossProfit": 118076000,
        "grossProfitRatio": 0.2220479578,
        "researchAndDevelopmentExpenses": 0,
        "generalAndAdministrativeExpenses": 33077000,
        "sellingAndMarketingExpenses": 0,
        "sellingGeneralAndAdministrativeExpenses": 33077000,
        "otherExpenses": -740000,
        "operatingExpenses": 32337000,
        "costAndExpenses": 446020000,
        "interestIncome": -1872000,
        "interestExpense": 35542000,
        "depreciationAndAmortization": 42772000,
        "ebitda": 133154000,
        "ebitdaratio": 0.2504029081,
        "operatingIncome": 91272000,
        "operatingIncomeRatio": 0.1716416647,
        "totalOtherIncomeExpensesNet": -36432000,
        "incomeBeforeTax": 54840000,
        "incomeBeforeTaxRatio": 0.1031294252,
        "incomeTaxExpense": 20269000,
        "netIncome": 34302000,
        "netIncomeRatio": 0.0645066656,
        "eps": 0.13,
        "epsdiluted": 0.13,
        "weightedAverageShsOut": 254262000,
        "weightedAverageShsOutDil": 254400000,
        "link": "https://www.sec.gov/Archives/edgar/data/89089/000095012310017351/0000950123-10-017351-index.htm",
        "finalLink": "https://www.sec.gov/Archives/edgar/data/89089/000095012310017351/h69695e10vk.htm"
    },
    {
        "date": "2009-09-30",
        "symbol": "SCI",
        "reportedCurrency": "USD",
        "cik": "0000089089",
        "fillingDate": "2009-11-05",
        "acceptedDate": "2009-11-05 07:58:58",
        "calendarYear": "2009",
        "period": "Q3",
        "revenue": 497217000,
        "costOfRevenue": 396054000,
        "grossProfit": 101163000,
        "grossProfitRatio": 0.2034584497,
        "researchAndDevelopmentExpenses": 0,
        "generalAndAdministrativeExpenses": 20961000,
        "sellingAndMarketingExpenses": 0,
        "sellingGeneralAndAdministrativeExpenses": 20961000,
        "otherExpenses": 0,
        "operatingExpenses": 23182000,
        "costAndExpenses": 419236000,
        "interestIncome": 584000,
        "interestExpense": 29383000,
        "depreciationAndAmortization": 40459000,
        "ebitda": 119807000,
        "ebitdaratio": 0.2409551564,
        "operatingIncome": 77981000,
        "operatingIncomeRatio": 0.1568349433,
        "totalOtherIncomeExpensesNet": -28016000,
        "incomeBeforeTax": 49965000,
        "incomeBeforeTaxRatio": 0.1004893236,
        "incomeTaxExpense": 19403000,
        "netIncome": 31162000,
        "netIncomeRatio": 0.062672837,
        "eps": 0.12,
        "epsdiluted": 0.12,
        "weightedAverageShsOut": 251765000,
        "weightedAverageShsOutDil": 253048000,
        "link": "https://www.sec.gov/Archives/edgar/data/89089/000095012309057992/0000950123-09-057992-index.htm",
        "finalLink": "https://www.sec.gov/Archives/edgar/data/89089/000095012309057992/h68410e10vq.htm"
    },
    {
        "date": "2009-06-30",
        "symbol": "SCI",
        "reportedCurrency": "USD",
        "cik": "0000089089",
        "fillingDate": "2009-08-07",
        "acceptedDate": "2009-08-07 06:07:35",
        "calendarYear": "2009",
        "period": "Q2",
        "revenue": 513949000,
        "costOfRevenue": 412124000,
        "grossProfit": 101825000,
        "grossProfitRatio": 0.1981227709,
        "researchAndDevelopmentExpenses": 0,
        "generalAndAdministrativeExpenses": 26466000,
        "sellingAndMarketingExpenses": 0,
        "sellingGeneralAndAdministrativeExpenses": 26466000,
        "otherExpenses": 0,
        "operatingExpenses": 26466000,
        "costAndExpenses": 438590000,
        "interestIncome": 585000,
        "interestExpense": 32386000,
        "depreciationAndAmortization": 39723000,
        "ebitda": 112011000,
        "ebitdaratio": 0.217941858,
        "operatingIncome": 69070000,
        "operatingIncomeRatio": 0.1343907664,
        "totalOtherIncomeExpensesNet": -29168000,
        "incomeBeforeTax": 39902000,
        "incomeBeforeTaxRatio": 0.0776380536,
        "incomeTaxExpense": 16322000,
        "netIncome": 23104000,
        "netIncomeRatio": 0.0449538767,
        "eps": 0.09,
        "epsdiluted": 0.09,
        "weightedAverageShsOut": 250977000,
        "weightedAverageShsOutDil": 251130000,
        "link": "https://www.sec.gov/Archives/edgar/data/89089/000095012309031515/0000950123-09-031515-index.htm",
        "finalLink": "https://www.sec.gov/Archives/edgar/data/89089/000095012309031515/h67613e10vq.htm"
    },
    {
        "date": "2009-03-31",
        "symbol": "SCI",
        "reportedCurrency": "USD",
        "cik": "0000089089",
        "fillingDate": "2009-05-08",
        "acceptedDate": "2009-05-08 16:52:38",
        "calendarYear": "2009",
        "period": "Q1",
        "revenue": 510595000,
        "costOfRevenue": 410475000,
        "grossProfit": 100120000,
        "grossProfitRatio": 0.1960849597,
        "researchAndDevelopmentExpenses": 0,
        "generalAndAdministrativeExpenses": 21786000,
        "sellingAndMarketingExpenses": 0,
        "sellingGeneralAndAdministrativeExpenses": 21786000,
        "otherExpenses": -7230000,
        "operatingExpenses": 14556000,
        "costAndExpenses": 425031000,
        "interestIncome": 703000,
        "interestExpense": 31670000,
        "depreciationAndAmortization": 40510000,
        "ebitda": 126841000,
        "ebitdaratio": 0.2484180221,
        "operatingIncome": 85564000,
        "operatingIncomeRatio": 0.1675770425,
        "totalOtherIncomeExpensesNet": -30903000,
        "incomeBeforeTax": 54661000,
        "incomeBeforeTaxRatio": 0.1070535356,
        "incomeTaxExpense": 20281000,
        "netIncome": 34530000,
        "netIncomeRatio": 0.0676269842,
        "eps": 0.14,
        "epsdiluted": 0.14,
        "weightedAverageShsOut": 250134000,
        "weightedAverageShsOutDil": 250309000,
        "link": "https://www.sec.gov/Archives/edgar/data/89089/000095012909001563/0000950129-09-001563-index.htm",
        "finalLink": "https://www.sec.gov/Archives/edgar/data/89089/000095012909001563/h66702e10vq.htm"
    },
    {
        "date": "2008-12-31",
        "symbol": "SCI",
        "reportedCurrency": "USD",
        "cik": "0000089089",
        "fillingDate": "2009-03-02",
        "acceptedDate": "2009-03-02 06:15:38",
        "calendarYear": "2008",
        "period": "Q4",
        "revenue": 516950000,
        "costOfRevenue": 425205000,
        "grossProfit": 91745000,
        "grossProfitRatio": 0.1774736435,
        "researchAndDevelopmentExpenses": 0,
        "generalAndAdministrativeExpenses": 24607000,
        "sellingAndMarketingExpenses": 0,
        "sellingGeneralAndAdministrativeExpenses": 24607000,
        "otherExpenses": -1200000,
        "operatingExpenses": 23407000,
        "costAndExpenses": 448612000,
        "interestIncome": 0,
        "interestExpense": 11498000,
        "depreciationAndAmortization": 44309000,
        "ebitda": 81287000,
        "ebitdaratio": 0.1572434471,
        "operatingIncome": 60937000,
        "operatingIncomeRatio": 0.1178779379,
        "totalOtherIncomeExpensesNet": -1460000,
        "incomeBeforeTax": 28721000,
        "incomeBeforeTaxRatio": 0.0555585647,
        "incomeTaxExpense": 19193000,
        "netIncome": 9528000,
        "netIncomeRatio": 0.0184311829,
        "eps": 0.0381,
        "epsdiluted": 0.0381,
        "weightedAverageShsOut": 250134000,
        "weightedAverageShsOutDil": 250134000,
        "link": "https://www.sec.gov/Archives/edgar/data/89089/000095013409004094/0000950134-09-004094-index.htm",
        "finalLink": "https://www.sec.gov/Archives/edgar/data/89089/000095013409004094/h65877e10vk.htm"
    },
    {
        "date": "2008-09-30",
        "symbol": "SCI",
        "reportedCurrency": "USD",
        "cik": "0000089089",
        "fillingDate": "2008-11-10",
        "acceptedDate": "2008-11-07 18:08:47",
        "calendarYear": "2008",
        "period": "Q3",
        "revenue": 516439000,
        "costOfRevenue": 434370000,
        "grossProfit": 82069000,
        "grossProfitRatio": 0.1589132502,
        "researchAndDevelopmentExpenses": 0,
        "generalAndAdministrativeExpenses": 16107000,
        "sellingAndMarketingExpenses": 0,
        "sellingGeneralAndAdministrativeExpenses": 16107000,
        "otherExpenses": 4313000,
        "operatingExpenses": 20420000,
        "costAndExpenses": 454790000,
        "interestIncome": 996000,
        "interestExpense": 63787000,
        "depreciationAndAmortization": 39777000,
        "ebitda": 90808000,
        "ebitdaratio": 0.1758349002,
        "operatingIncome": 48830000,
        "operatingIncomeRatio": 0.094551341,
        "totalOtherIncomeExpensesNet": -32898000,
        "incomeBeforeTax": 15799000,
        "incomeBeforeTaxRatio": 0.03059219,
        "incomeTaxExpense": 1160000,
        "netIncome": 14639000,
        "netIncomeRatio": 0.0283460389,
        "eps": 0.06,
        "epsdiluted": 0.06,
        "weightedAverageShsOut": 257408000,
        "weightedAverageShsOutDil": 260370000,
        "link": "https://www.sec.gov/Archives/edgar/data/89089/000095012908005520/0000950129-08-005520-index.htm",
        "finalLink": "https://www.sec.gov/Archives/edgar/data/89089/000095012908005520/h64779e10vq.htm"
    },
    {
        "date": "2008-06-30",
        "symbol": "SCI",
        "reportedCurrency": "USD",
        "cik": "0000089089",
        "fillingDate": "2008-08-08",
        "acceptedDate": "2008-08-08 17:28:36",
        "calendarYear": "2008",
        "period": "Q2",
        "revenue": 548782000,
        "costOfRevenue": 441422000,
        "grossProfit": 107360000,
        "grossProfitRatio": 0.1956332387,
        "researchAndDevelopmentExpenses": 0,
        "generalAndAdministrativeExpenses": 21658000,
        "sellingAndMarketingExpenses": 0,
        "sellingGeneralAndAdministrativeExpenses": 21658000,
        "otherExpenses": -1691000,
        "operatingExpenses": 19967000,
        "costAndExpenses": 461389000,
        "interestIncome": 1454000,
        "interestExpense": 35823000,
        "depreciationAndAmortization": 44816000,
        "ebitda": 129428000,
        "ebitdaratio": 0.2358459279,
        "operatingIncome": 83535000,
        "operatingIncomeRatio": 0.1522189139,
        "totalOtherIncomeExpensesNet": 50478000,
        "incomeBeforeTax": 52169000,
        "incomeBeforeTaxRatio": 0.0950632492,
        "incomeTaxExpense": 20395000,
        "netIncome": 31397000,
        "netIncomeRatio": 0.0572121535,
        "eps": 0.12,
        "epsdiluted": 0.12,
        "weightedAverageShsOut": 259655000,
        "weightedAverageShsOutDil": 263132000,
        "link": "https://www.sec.gov/Archives/edgar/data/89089/000095012908004378/0000950129-08-004378-index.htm",
        "finalLink": "https://www.sec.gov/Archives/edgar/data/89089/000095012908004378/h59285e10vq.htm"
    },
    {
        "date": "2008-03-31",
        "symbol": "SCI",
        "reportedCurrency": "USD",
        "cik": "0000089089",
        "fillingDate": "2008-05-09",
        "acceptedDate": "2008-05-09 15:34:56",
        "calendarYear": "2008",
        "period": "Q1",
        "revenue": 573451000,
        "costOfRevenue": 435854000,
        "grossProfit": 137597000,
        "grossProfitRatio": 0.2399455228,
        "researchAndDevelopmentExpenses": 0,
        "generalAndAdministrativeExpenses": 26181000,
        "sellingAndMarketingExpenses": 0,
        "sellingGeneralAndAdministrativeExpenses": 26181000,
        "otherExpenses": 0,
        "operatingExpenses": 26181000,
        "costAndExpenses": 462035000,
        "interestIncome": 1920000,
        "interestExpense": 55802000,
        "depreciationAndAmortization": 41581000,
        "ebitda": 141128000,
        "ebitdaratio": 0.24610298,
        "operatingIncome": 99370000,
        "operatingIncomeRatio": 0.1732842039,
        "totalOtherIncomeExpensesNet": -32897000,
        "incomeBeforeTax": 66473000,
        "incomeBeforeTaxRatio": 0.115917489,
        "incomeTaxExpense": 24969000,
        "netIncome": 41519000,
        "netIncomeRatio": 0.0724020012,
        "eps": 0.16,
        "epsdiluted": 0.16,
        "weightedAverageShsOut": 261475000,
        "weightedAverageShsOutDil": 265329000,
        "link": "https://www.sec.gov/Archives/edgar/data/89089/000095012908002908/0000950129-08-002908-index.htm",
        "finalLink": "https://www.sec.gov/Archives/edgar/data/89089/000095012908002908/h56634e10vq.htm"
    },
    {
        "date": "2007-12-31",
        "symbol": "SCI",
        "reportedCurrency": "USD",
        "cik": "0000089089",
        "fillingDate": "2008-03-03",
        "acceptedDate": "2008-03-03 06:04:05",
        "calendarYear": "2007",
        "period": "Q4",
        "revenue": 572922000,
        "costOfRevenue": 451457000,
        "grossProfit": 121465000,
        "grossProfitRatio": 0.2120096627,
        "researchAndDevelopmentExpenses": 0,
        "generalAndAdministrativeExpenses": 39652000,
        "sellingAndMarketingExpenses": 0,
        "sellingGeneralAndAdministrativeExpenses": 39652000,
        "otherExpenses": -18478000,
        "operatingExpenses": 21174000,
        "costAndExpenses": 472631000,
        "interestIncome": 0,
        "interestExpense": 0,
        "depreciationAndAmortization": 43021000,
        "ebitda": 143312000,
        "ebitdaratio": 0.2501422532,
        "operatingIncome": 89936000,
        "operatingIncomeRatio": 0.1569777387,
        "totalOtherIncomeExpensesNet": 154080000,
        "incomeBeforeTax": 244016000,
        "incomeBeforeTaxRatio": 0.4259148715,
        "incomeTaxExpense": 77170000,
        "netIncome": 166799000,
        "netIncomeRatio": 0.2911373625,
        "eps": 0.64,
        "epsdiluted": 0.64,
        "weightedAverageShsOut": 260805000,
        "weightedAverageShsOutDil": 260805000,
        "link": "https://www.sec.gov/Archives/edgar/data/89089/000095012908001405/0000950129-08-001405-index.htm",
        "finalLink": "https://www.sec.gov/Archives/edgar/data/89089/000095012908001405/h54273e10vk.htm"
    },
    {
        "date": "2007-09-30",
        "symbol": "SCI",
        "reportedCurrency": "USD",
        "cik": "0000089089",
        "fillingDate": "2007-11-09",
        "acceptedDate": "2007-11-09 06:02:21",
        "calendarYear": "2007",
        "period": "Q3",
        "revenue": 539334000,
        "costOfRevenue": 436814000,
        "grossProfit": 102520000,
        "grossProfitRatio": 0.1900862916,
        "researchAndDevelopmentExpenses": 0,
        "generalAndAdministrativeExpenses": 32074000,
        "sellingAndMarketingExpenses": 0,
        "sellingGeneralAndAdministrativeExpenses": 32074000,
        "otherExpenses": 1183000,
        "operatingExpenses": 33257000,
        "costAndExpenses": 470071000,
        "interestIncome": 4254000,
        "interestExpense": 23194000,
        "depreciationAndAmortization": 41200000,
        "ebitda": 116662000,
        "ebitdaratio": 0.21630752,
        "operatingIncome": 75332000,
        "operatingIncomeRatio": 0.1396759707,
        "totalOtherIncomeExpensesNet": -32425000,
        "incomeBeforeTax": 42907000,
        "incomeBeforeTaxRatio": 0.0795555259,
        "incomeTaxExpense": 14062000,
        "netIncome": 28170000,
        "netIncomeRatio": 0.052231085,
        "eps": 0.1,
        "epsdiluted": 0.1,
        "weightedAverageShsOut": 284511000,
        "weightedAverageShsOutDil": 289597000,
        "link": "https://www.sec.gov/Archives/edgar/data/89089/000095013407023410/0000950134-07-023410-index.htm",
        "finalLink": "https://www.sec.gov/Archives/edgar/data/89089/000095013407023410/h51297e10vq.htm"
    },
    {
        "date": "2007-06-30",
        "symbol": "SCI",
        "reportedCurrency": "USD",
        "cik": "0000089089",
        "fillingDate": "2007-08-08",
        "acceptedDate": "2007-08-08 17:27:11",
        "calendarYear": "2007",
        "period": "Q2",
        "revenue": 565492000,
        "costOfRevenue": 462131000,
        "grossProfit": 103361000,
        "grossProfitRatio": 0.1827806583,
        "researchAndDevelopmentExpenses": 0,
        "generalAndAdministrativeExpenses": 30281000,
        "sellingAndMarketingExpenses": 0,
        "sellingGeneralAndAdministrativeExpenses": 30281000,
        "otherExpenses": -9743000,
        "operatingExpenses": 20538000,
        "costAndExpenses": 482669000,
        "interestIncome": 2478000,
        "interestExpense": 41866000,
        "depreciationAndAmortization": 44189000,
        "ebitda": 82823000,
        "ebitdaratio": 0.1464618421,
        "operatingIncome": 82823000,
        "operatingIncomeRatio": 0.1464618421,
        "totalOtherIncomeExpensesNet": -40973000,
        "incomeBeforeTax": 41850000,
        "incomeBeforeTaxRatio": 0.074006352,
        "incomeTaxExpense": 28941000,
        "netIncome": 15118000,
        "netIncomeRatio": 0.026734242,
        "eps": 0.05,
        "epsdiluted": 0.05,
        "weightedAverageShsOut": 290577000,
        "weightedAverageShsOutDil": 296124000,
        "link": "https://www.sec.gov/Archives/edgar/data/89089/000095012907003869/0000950129-07-003869-index.htm",
        "finalLink": "https://www.sec.gov/Archives/edgar/data/89089/000095012907003869/h48847e10vq.htm"
    },
    {
        "date": "2007-03-31",
        "symbol": "SCI",
        "reportedCurrency": "USD",
        "cik": "0000089089",
        "fillingDate": "2007-05-10",
        "acceptedDate": "2007-05-10 13:00:53",
        "calendarYear": "2007",
        "period": "Q1",
        "revenue": 607555000,
        "costOfRevenue": 466401000,
        "grossProfit": 141154000,
        "grossProfitRatio": 0.2323312293,
        "researchAndDevelopmentExpenses": 0,
        "generalAndAdministrativeExpenses": 35399000,
        "sellingAndMarketingExpenses": 0,
        "sellingGeneralAndAdministrativeExpenses": 35399000,
        "otherExpenses": 7680000,
        "operatingExpenses": 43079000,
        "costAndExpenses": 509480000,
        "interestIncome": 1592000,
        "interestExpense": 48472000,
        "depreciationAndAmortization": 44104000,
        "ebitda": 153550000,
        "ebitdaratio": 0.2527343203,
        "operatingIncome": 98075000,
        "operatingIncomeRatio": 0.1614257145,
        "totalOtherIncomeExpensesNet": -39861000,
        "incomeBeforeTax": 58214000,
        "incomeBeforeTaxRatio": 0.0958168396,
        "incomeTaxExpense": 23497000,
        "netIncome": 37642000,
        "netIncomeRatio": 0.0619565307,
        "eps": 0.13,
        "epsdiluted": 0.13,
        "weightedAverageShsOut": 293096000,
        "weightedAverageShsOutDil": 298621000,
        "link": "https://www.sec.gov/Archives/edgar/data/89089/000095012907002442/0000950129-07-002442-index.htm",
        "finalLink": "https://www.sec.gov/Archives/edgar/data/89089/000095012907002442/h46380e10vq.htm"
    },
    {
        "date": "2006-12-31",
        "symbol": "SCI",
        "reportedCurrency": "USD",
        "cik": "0000089089",
        "fillingDate": "2007-03-01",
        "acceptedDate": "2007-02-28 17:52:02",
        "calendarYear": "2006",
        "period": "Q4",
        "revenue": 473818000,
        "costOfRevenue": 371920000,
        "grossProfit": 101898000,
        "grossProfitRatio": 0.2150572583,
        "researchAndDevelopmentExpenses": 0,
        "generalAndAdministrativeExpenses": 31015000,
        "sellingAndMarketingExpenses": 0,
        "sellingGeneralAndAdministrativeExpenses": 31015000,
        "otherExpenses": 1816000,
        "operatingExpenses": 32831000,
        "costAndExpenses": 404751000,
        "interestIncome": 0,
        "interestExpense": 98134000,
        "depreciationAndAmortization": 71674000,
        "ebitda": 140741000,
        "ebitdaratio": 0.2970359927,
        "operatingIncome": 50341000,
        "operatingIncomeRatio": 0.106245436,
        "totalOtherIncomeExpensesNet": -31527000,
        "incomeBeforeTax": 5528000,
        "incomeBeforeTaxRatio": 0.011666927,
        "incomeTaxExpense": 8935000,
        "netIncome": 770000,
        "netIncomeRatio": 0.0016250966,
        "eps": -0.0116,
        "epsdiluted": -0.0116,
        "weightedAverageShsOut": 292085000,
        "weightedAverageShsOutDil": 293096000,
        "link": "https://www.sec.gov/Archives/edgar/data/89089/000095012907001051/0000950129-07-001051-index.htm",
        "finalLink": "https://www.sec.gov/Archives/edgar/data/89089/000095012907001051/h43626e10vk.htm"
    },
    {
        "date": "2006-09-30",
        "symbol": "SCI",
        "reportedCurrency": "USD",
        "cik": "0000089089",
        "fillingDate": "2006-11-09",
        "acceptedDate": "2006-11-09 06:02:02",
        "calendarYear": "2006",
        "period": "Q3",
        "revenue": 400334000,
        "costOfRevenue": 328308000,
        "grossProfit": 72026000,
        "grossProfitRatio": 0.1799147712,
        "researchAndDevelopmentExpenses": 0,
        "generalAndAdministrativeExpenses": 20956000,
        "sellingAndMarketingExpenses": 0,
        "sellingGeneralAndAdministrativeExpenses": 20956000,
        "otherExpenses": 30750000,
        "operatingExpenses": 51706000,
        "costAndExpenses": 380014000,
        "interestIncome": 8259000,
        "interestExpense": 30301000,
        "depreciationAndAmortization": 23931000,
        "ebitda": 77764000,
        "ebitdaratio": 0.1942478031,
        "operatingIncome": 20320000,
        "operatingIncomeRatio": 0.0507576174,
        "totalOtherIncomeExpensesNet": -13739000,
        "incomeBeforeTax": 8025000,
        "incomeBeforeTaxRatio": 0.0200457618,
        "incomeTaxExpense": 4628000,
        "netIncome": 3365000,
        "netIncomeRatio": 0.0084054814,
        "eps": 0.01,
        "epsdiluted": 0.01,
        "weightedAverageShsOut": 291662000,
        "weightedAverageShsOutDil": 295918000,
        "link": "https://www.sec.gov/Archives/edgar/data/89089/000095013406020983/0000950134-06-020983-index.htm",
        "finalLink": "https://www.sec.gov/Archives/edgar/data/89089/000095013406020983/h40698e10vq.htm"
    },
    {
        "date": "2006-06-30",
        "symbol": "SCI",
        "reportedCurrency": "USD",
        "cik": "0000089089",
        "fillingDate": "2006-08-09",
        "acceptedDate": "2006-08-09 17:18:41",
        "calendarYear": "2006",
        "period": "Q2",
        "revenue": 431345000,
        "costOfRevenue": 348208000,
        "grossProfit": 83137000,
        "grossProfitRatio": 0.1927389908,
        "researchAndDevelopmentExpenses": 0,
        "generalAndAdministrativeExpenses": 20922000,
        "sellingAndMarketingExpenses": 0,
        "sellingGeneralAndAdministrativeExpenses": 20922000,
        "otherExpenses": 2881000,
        "operatingExpenses": 23803000,
        "costAndExpenses": 372011000,
        "interestIncome": 6782000,
        "interestExpense": 19627000,
        "depreciationAndAmortization": 20583000,
        "ebitda": 75094000,
        "ebitdaratio": 0.1740926636,
        "operatingIncome": 59334000,
        "operatingIncomeRatio": 0.1375557848,
        "totalOtherIncomeExpensesNet": -19624000,
        "incomeBeforeTax": 41139000,
        "incomeBeforeTaxRatio": 0.0953737727,
        "incomeTaxExpense": 15506000,
        "netIncome": 25264000,
        "netIncomeRatio": 0.058570286,
        "eps": 0.09,
        "epsdiluted": 0.09,
        "weightedAverageShsOut": 293409000,
        "weightedAverageShsOutDil": 297501000,
        "link": "https://www.sec.gov/Archives/edgar/data/89089/000095012906007756/0000950129-06-007756-index.htm",
        "finalLink": "https://www.sec.gov/Archives/edgar/data/89089/000095012906007756/h38617e10vq.htm"
    },
    {
        "date": "2006-03-31",
        "symbol": "SCI",
        "reportedCurrency": "USD",
        "cik": "0000089089",
        "fillingDate": "2006-05-10",
        "acceptedDate": "2006-05-10 16:45:08",
        "calendarYear": "2006",
        "period": "Q1",
        "revenue": 441798000,
        "costOfRevenue": 355995000,
        "grossProfit": 85803000,
        "grossProfitRatio": 0.1942131925,
        "researchAndDevelopmentExpenses": 0,
        "generalAndAdministrativeExpenses": 24891000,
        "sellingAndMarketingExpenses": 0,
        "sellingGeneralAndAdministrativeExpenses": 24891000,
        "otherExpenses": 4510000,
        "operatingExpenses": 29401000,
        "costAndExpenses": 385396000,
        "interestIncome": 5981000,
        "interestExpense": 20480000,
        "depreciationAndAmortization": 25087000,
        "ebitda": 93138000,
        "ebitdaratio": 0.2108158027,
        "operatingIncome": 56402000,
        "operatingIncomeRatio": 0.1276646793,
        "totalOtherIncomeExpensesNet": -13980000,
        "incomeBeforeTax": 38073000,
        "incomeBeforeTaxRatio": 0.0861773933,
        "incomeTaxExpense": 13824000,
        "netIncome": 26926000,
        "netIncomeRatio": 0.0609464054,
        "eps": 0.09,
        "epsdiluted": 0.09,
        "weightedAverageShsOut": 294308000,
        "weightedAverageShsOutDil": 298678000,
        "link": "https://www.sec.gov/Archives/edgar/data/89089/000095012906005290/0000950129-06-005290-index.htm",
        "finalLink": "https://www.sec.gov/Archives/edgar/data/89089/000095012906005290/h36040e10vq.htm"
    },
    {
        "date": "2005-12-31",
        "symbol": "SCI",
        "reportedCurrency": "USD",
        "cik": "0000089089",
        "fillingDate": "2006-08-10",
        "acceptedDate": "2006-08-10 06:06:29",
        "calendarYear": "2005",
        "period": "Q4",
        "revenue": 430084000,
        "costOfRevenue": 359102000,
        "grossProfit": 70982000,
        "grossProfitRatio": 0.1650421778,
        "researchAndDevelopmentExpenses": 0,
        "generalAndAdministrativeExpenses": 22849000,
        "sellingAndMarketingExpenses": 0,
        "sellingGeneralAndAdministrativeExpenses": 22849000,
        "otherExpenses": -42917000,
        "operatingExpenses": -20068000,
        "costAndExpenses": 339034000,
        "interestIncome": 0,
        "interestExpense": 64730000,
        "depreciationAndAmortization": 22654000,
        "ebitda": 113704000,
        "ebitdaratio": 0.2643762614,
        "operatingIncome": 50699000,
        "operatingIncomeRatio": 0.1178816231,
        "totalOtherIncomeExpensesNet": -18261000,
        "incomeBeforeTax": 32438000,
        "incomeBeforeTaxRatio": 0.0754224756,
        "incomeTaxExpense": 8591000,
        "netIncome": 24145000,
        "netIncomeRatio": 0.0561401959,
        "eps": 0.082,
        "epsdiluted": 0.082,
        "weightedAverageShsOut": 294308000,
        "weightedAverageShsOutDil": 294308000,
        "link": "https://www.sec.gov/Archives/edgar/data/89089/000095013406015649/0000950134-06-015649-index.htm",
        "finalLink": "https://www.sec.gov/Archives/edgar/data/89089/000095013406015649/h38280a1e10vkza.htm"
    },
    {
        "date": "2005-09-30",
        "symbol": "SCI",
        "reportedCurrency": "USD",
        "cik": "0000089089",
        "fillingDate": "2006-08-14",
        "acceptedDate": "2006-08-14 06:05:56",
        "calendarYear": "2005",
        "period": "Q3",
        "revenue": 406369000,
        "costOfRevenue": 348094000,
        "grossProfit": 58275000,
        "grossProfitRatio": 0.1434041475,
        "researchAndDevelopmentExpenses": 0,
        "generalAndAdministrativeExpenses": 19753000,
        "sellingAndMarketingExpenses": 0,
        "sellingGeneralAndAdministrativeExpenses": 19753000,
        "otherExpenses": 27446000,
        "operatingExpenses": 47199000,
        "costAndExpenses": 395293000,
        "interestIncome": 0,
        "interestExpense": 44844000,
        "depreciationAndAmortization": 22400000,
        "ebitda": 11076000,
        "ebitdaratio": 0.0272560161,
        "operatingIncome": 11076000,
        "operatingIncomeRatio": 0.0272560161,
        "totalOtherIncomeExpensesNet": -21378000,
        "incomeBeforeTax": -10302000,
        "incomeBeforeTaxRatio": -0.0253513432,
        "incomeTaxExpense": -1131000,
        "netIncome": -9634000,
        "netIncomeRatio": -0.0237075171,
        "eps": -0.0324,
        "epsdiluted": -0.0324,
        "weightedAverageShsOut": 297421000,
        "weightedAverageShsOutDil": 297421000,
        "link": "https://www.sec.gov/Archives/edgar/data/89089/000095013406015941/0000950134-06-015941-index.htm",
        "finalLink": "https://www.sec.gov/Archives/edgar/data/89089/000095013406015941/h38785a1e10vqza.htm"
    },
    {
        "date": "2005-06-30",
        "symbol": "SCI",
        "reportedCurrency": "USD",
        "cik": "0000089089",
        "fillingDate": "2005-10-27",
        "acceptedDate": "2005-10-27 06:12:30",
        "calendarYear": "2005",
        "period": "Q2",
        "revenue": 440236000,
        "costOfRevenue": 364849000,
        "grossProfit": 75387000,
        "grossProfitRatio": 0.1712422428,
        "researchAndDevelopmentExpenses": 0,
        "generalAndAdministrativeExpenses": 22494000,
        "sellingAndMarketingExpenses": 0,
        "sellingGeneralAndAdministrativeExpenses": 22494000,
        "otherExpenses": -4528000,
        "operatingExpenses": 17966000,
        "costAndExpenses": 382815000,
        "interestIncome": 0,
        "interestExpense": 36729000,
        "depreciationAndAmortization": 21266000,
        "ebitda": 71076000,
        "ebitdaratio": 0.1614497679,
        "operatingIncome": 57421000,
        "operatingIncomeRatio": 0.1304323136,
        "totalOtherIncomeExpensesNet": -33566000,
        "incomeBeforeTax": 23855000,
        "incomeBeforeTaxRatio": 0.0541868452,
        "incomeTaxExpense": 10150000,
        "netIncome": 13837000,
        "netIncomeRatio": 0.0314308689,
        "eps": 0.05,
        "epsdiluted": 0.05,
        "weightedAverageShsOut": 302363000,
        "weightedAverageShsOutDil": 306404000,
        "link": "https://www.sec.gov/Archives/edgar/data/89089/000095013405019822/0000950134-05-019822-index.htm",
        "finalLink": "https://www.sec.gov/Archives/edgar/data/89089/000095013405019822/h27928e10vq.htm"
    },
    {
        "date": "2005-03-31",
        "symbol": "SCI",
        "reportedCurrency": "USD",
        "cik": "0000089089",
        "fillingDate": "2005-05-16",
        "acceptedDate": "2005-05-16 13:26:05",
        "calendarYear": "2005",
        "period": "Q1",
        "revenue": 452923000,
        "costOfRevenue": 355136000,
        "grossProfit": 97787000,
        "grossProfitRatio": 0.2159020407,
        "researchAndDevelopmentExpenses": 0,
        "generalAndAdministrativeExpenses": 19716000,
        "sellingAndMarketingExpenses": 0,
        "sellingGeneralAndAdministrativeExpenses": 19716000,
        "otherExpenses": 5562000,
        "operatingExpenses": 25278000,
        "costAndExpenses": 380414000,
        "interestIncome": 0,
        "interestExpense": 215446000,
        "depreciationAndAmortization": 21129000,
        "ebitda": 92306000,
        "ebitdaratio": 0.203800646,
        "operatingIncome": 72509000,
        "operatingIncomeRatio": 0.1600912296,
        "totalOtherIncomeExpensesNet": -22437000,
        "incomeBeforeTax": 49333000,
        "incomeBeforeTaxRatio": 0.108921384,
        "incomeTaxExpense": 17266000,
        "netIncome": -156121000,
        "netIncomeRatio": -0.3446965599,
        "eps": -0.5,
        "epsdiluted": -0.49,
        "weightedAverageShsOut": 313490000,
        "weightedAverageShsOutDil": 317751000,
        "link": "https://www.sec.gov/Archives/edgar/data/89089/000095012905005350/0000950129-05-005350-index.htm",
        "finalLink": "https://www.sec.gov/Archives/edgar/data/89089/000095012905005350/h25387e10vq.htm"
    },
    {
        "date": "2004-12-31",
        "symbol": "SCI",
        "reportedCurrency": "USD",
        "cik": "0000089089",
        "fillingDate": "2005-04-08",
        "acceptedDate": "2005-04-07 21:46:30",
        "calendarYear": "2004",
        "period": "Q4",
        "revenue": 437782000,
        "costOfRevenue": 358034000,
        "grossProfit": 79748000,
        "grossProfitRatio": 0.1821637253,
        "researchAndDevelopmentExpenses": 0,
        "generalAndAdministrativeExpenses": 30549000,
        "sellingAndMarketingExpenses": 0,
        "sellingGeneralAndAdministrativeExpenses": 30549000,
        "otherExpenses": 13906000,
        "operatingExpenses": 44455000,
        "costAndExpenses": 402489000,
        "interestIncome": 0,
        "interestExpense": 0,
        "depreciationAndAmortization": 41686000,
        "ebitda": 76979000,
        "ebitdaratio": 0.1758386594,
        "operatingIncome": 35293000,
        "operatingIncomeRatio": 0.0806177504,
        "totalOtherIncomeExpensesNet": -20168000,
        "incomeBeforeTax": 15125000,
        "incomeBeforeTaxRatio": 0.0345491592,
        "incomeTaxExpense": -1745000,
        "netIncome": 26244000,
        "netIncomeRatio": 0.0599476452,
        "eps": 0.0538,
        "epsdiluted": 0.0538,
        "weightedAverageShsOut": 313490000,
        "weightedAverageShsOutDil": 313490000,
        "link": "https://www.sec.gov/Archives/edgar/data/89089/000095012905003486/0000950129-05-003486-index.htm",
        "finalLink": "https://www.sec.gov/Archives/edgar/data/89089/000095012905003486/h23508a1e10vkza.htm"
    },
    {
        "date": "2004-09-30",
        "symbol": "SCI",
        "reportedCurrency": "USD",
        "cik": "0000089089",
        "fillingDate": "2004-11-08",
        "acceptedDate": "2004-11-08 16:54:46",
        "calendarYear": "2004",
        "period": "Q3",
        "revenue": 403352000,
        "costOfRevenue": 335083000,
        "grossProfit": 68269000,
        "grossProfitRatio": 0.1692541502,
        "researchAndDevelopmentExpenses": 0,
        "generalAndAdministrativeExpenses": 25298000,
        "sellingAndMarketingExpenses": 0,
        "sellingGeneralAndAdministrativeExpenses": 25298000,
        "otherExpenses": 3281000,
        "operatingExpenses": 28579000,
        "costAndExpenses": 363662000,
        "interestIncome": 0,
        "interestExpense": 21747000,
        "depreciationAndAmortization": 32407000,
        "ebitda": 72280000,
        "ebitdaratio": 0.1791983181,
        "operatingIncome": 39690000,
        "operatingIncomeRatio": 0.0984004046,
        "totalOtherIncomeExpensesNet": -22354000,
        "incomeBeforeTax": 16371000,
        "incomeBeforeTaxRatio": 0.0405873778,
        "incomeTaxExpense": 4079000,
        "netIncome": 13876000,
        "netIncomeRatio": 0.0344017136,
        "eps": 0.04,
        "epsdiluted": 0.04,
        "weightedAverageShsOut": 336590000,
        "weightedAverageShsOutDil": 340215000,
        "link": "https://www.sec.gov/Archives/edgar/data/89089/000095012904008684/0000950129-04-008684-index.htm",
        "finalLink": "https://www.sec.gov/Archives/edgar/data/89089/000095012904008684/h19840e10vq.htm"
    },
    {
        "date": "2004-06-30",
        "symbol": "SCI",
        "reportedCurrency": "USD",
        "cik": "0000089089",
        "fillingDate": "2004-08-16",
        "acceptedDate": "2004-08-16 14:44:01",
        "calendarYear": "2004",
        "period": "Q2",
        "revenue": 432057000,
        "costOfRevenue": 358673000,
        "grossProfit": 73384000,
        "grossProfitRatio": 0.1698479599,
        "researchAndDevelopmentExpenses": 0,
        "generalAndAdministrativeExpenses": 24028000,
        "sellingAndMarketingExpenses": 0,
        "sellingGeneralAndAdministrativeExpenses": 24028000,
        "otherExpenses": -7628000,
        "operatingExpenses": 16400000,
        "costAndExpenses": 375073000,
        "interestIncome": 0,
        "interestExpense": 23307000,
        "depreciationAndAmortization": 35410000,
        "ebitda": 86177000,
        "ebitdaratio": 0.199457479,
        "operatingIncome": 56984000,
        "operatingIncomeRatio": 0.1318900053,
        "totalOtherIncomeExpensesNet": -55273000,
        "incomeBeforeTax": 7857000,
        "incomeBeforeTaxRatio": 0.0181851006,
        "incomeTaxExpense": -4166000,
        "netIncome": 42952000,
        "netIncomeRatio": 0.099412809,
        "eps": 0.14,
        "epsdiluted": 0.14,
        "weightedAverageShsOut": 307988000,
        "weightedAverageShsOutDil": 312725000,
        "link": "https://www.sec.gov/Archives/edgar/data/89089/000095012904006167/0000950129-04-006167-index.htm",
        "finalLink": "https://www.sec.gov/Archives/edgar/data/89089/000095012904006167/h17575e10vq.htm"
    },
    {
        "date": "2004-03-31",
        "symbol": "SCI",
        "reportedCurrency": "USD",
        "cik": "0000089089",
        "fillingDate": "2004-05-10",
        "acceptedDate": "2004-05-10 13:45:06",
        "calendarYear": "2004",
        "period": "Q1",
        "revenue": 589618000,
        "costOfRevenue": 475567000,
        "grossProfit": 114051000,
        "grossProfitRatio": 0.1934320187,
        "researchAndDevelopmentExpenses": 0,
        "generalAndAdministrativeExpenses": 51021000,
        "sellingAndMarketingExpenses": 0,
        "sellingGeneralAndAdministrativeExpenses": 51021000,
        "otherExpenses": -35603000,
        "operatingExpenses": 15418000,
        "costAndExpenses": 490985000,
        "interestIncome": 0,
        "interestExpense": 31111000,
        "depreciationAndAmortization": 35790000,
        "ebitda": 136495000,
        "ebitdaratio": 0.2314973423,
        "operatingIncome": 98633000,
        "operatingIncomeRatio": 0.1672828849,
        "totalOtherIncomeExpensesNet": -24377000,
        "incomeBeforeTax": 72339000,
        "incomeBeforeTaxRatio": 0.1226879098,
        "incomeTaxExpense": -4241000,
        "netIncome": 31311000,
        "netIncomeRatio": 0.053103874,
        "eps": 0.1,
        "epsdiluted": 0.1,
        "weightedAverageShsOut": 303018000,
        "weightedAverageShsOutDil": 353088000,
        "link": "https://www.sec.gov/Archives/edgar/data/89089/000095012904003059/0000950129-04-003059-index.htm",
        "finalLink": "https://www.sec.gov/Archives/edgar/data/89089/000095012904003059/h15168e10vq.htm"
    },
    {
        "date": "2003-12-31",
        "symbol": "SCI",
        "reportedCurrency": "USD",
        "cik": "0000089089",
        "fillingDate": "2004-03-15",
        "acceptedDate": "2004-03-15 09:18:58",
        "calendarYear": "2003",
        "period": "Q4",
        "revenue": 604216000,
        "costOfRevenue": 514018000,
        "grossProfit": 90198000,
        "grossProfitRatio": 0.1492810518,
        "researchAndDevelopmentExpenses": 0,
        "generalAndAdministrativeExpenses": 67651000,
        "sellingAndMarketingExpenses": 0,
        "sellingGeneralAndAdministrativeExpenses": 67651000,
        "otherExpenses": -36678000,
        "operatingExpenses": 30973000,
        "costAndExpenses": 544991000,
        "interestIncome": 0,
        "interestExpense": 0,
        "depreciationAndAmortization": 34426000,
        "ebitda": 93651000,
        "ebitdaratio": 0.1549958955,
        "operatingIncome": 59225000,
        "operatingIncomeRatio": 0.0980195824,
        "totalOtherIncomeExpensesNet": -23841000,
        "incomeBeforeTax": 35384000,
        "incomeBeforeTaxRatio": 0.0585618388,
        "incomeTaxExpense": 1374000,
        "netIncome": 34010000,
        "netIncomeRatio": 0.0562878176,
        "eps": 0.11,
        "epsdiluted": 0.11,
        "weightedAverageShsOut": 303018000,
        "weightedAverageShsOutDil": 303018000,
        "link": "https://www.sec.gov/Archives/edgar/data/89089/000095012904001284/0000950129-04-001284-index.htm",
        "finalLink": "https://www.sec.gov/Archives/edgar/data/89089/000095012904001284/h13416e10vk.txt"
    },
    {
        "date": "2003-09-30",
        "symbol": "SCI",
        "reportedCurrency": "USD",
        "cik": "0000089089",
        "fillingDate": "2003-11-05",
        "acceptedDate": "2003-11-05 08:04:37",
        "calendarYear": "2003",
        "period": "Q3",
        "revenue": 571100000,
        "costOfRevenue": 502473000,
        "grossProfit": 68627000,
        "grossProfitRatio": 0.1201663456,
        "researchAndDevelopmentExpenses": 0,
        "generalAndAdministrativeExpenses": 52771000,
        "sellingAndMarketingExpenses": 0,
        "sellingGeneralAndAdministrativeExpenses": 52771000,
        "otherExpenses": 1423000,
        "operatingExpenses": 54194000,
        "costAndExpenses": 556667000,
        "interestIncome": 0,
        "interestExpense": 13949000,
        "depreciationAndAmortization": 42275000,
        "ebitda": 61029000,
        "ebitdaratio": 0.1068621958,
        "operatingIncome": 14433000,
        "operatingIncomeRatio": 0.0252722816,
        "totalOtherIncomeExpensesNet": -23155000,
        "incomeBeforeTax": -9329000,
        "incomeBeforeTaxRatio": -0.0163351427,
        "incomeTaxExpense": -3753000,
        "netIncome": -5576000,
        "netIncomeRatio": -0.0097636141,
        "eps": -0.0186,
        "epsdiluted": -0.0186,
        "weightedAverageShsOut": 300507000,
        "weightedAverageShsOutDil": 300507000,
        "link": "https://www.sec.gov/Archives/edgar/data/89089/000095012903005336/0000950129-03-005336-index.htm",
        "finalLink": "https://www.sec.gov/Archives/edgar/data/89089/000095012903005336/h09616e10vq.txt"
    },
    {
        "date": "2003-06-30",
        "symbol": "SCI",
        "reportedCurrency": "USD",
        "cik": "0000089089",
        "fillingDate": "2003-08-07",
        "acceptedDate": "2003-08-07 15:56:02",
        "calendarYear": "2003",
        "period": "Q2",
        "revenue": 586242000,
        "costOfRevenue": 491824000,
        "grossProfit": 94418000,
        "grossProfitRatio": 0.1610563556,
        "researchAndDevelopmentExpenses": 0,
        "generalAndAdministrativeExpenses": 37992000,
        "sellingAndMarketingExpenses": 0,
        "sellingGeneralAndAdministrativeExpenses": 37992000,
        "otherExpenses": 1519000,
        "operatingExpenses": 39511000,
        "costAndExpenses": 531335000,
        "interestIncome": 0,
        "interestExpense": 32844000,
        "depreciationAndAmortization": 43415000,
        "ebitda": 95743000,
        "ebitdaratio": 0.1633165143,
        "operatingIncome": 54907000,
        "operatingIncomeRatio": 0.0936592738,
        "totalOtherIncomeExpensesNet": -33825000,
        "incomeBeforeTax": 21184000,
        "incomeBeforeTaxRatio": 0.0361352479,
        "incomeTaxExpense": 6805000,
        "netIncome": 15308000,
        "netIncomeRatio": 0.0261120834,
        "eps": 0.05,
        "epsdiluted": 0.05,
        "weightedAverageShsOut": 299351000,
        "weightedAverageShsOutDil": 299844000,
        "link": "https://www.sec.gov/Archives/edgar/data/89089/000095012903003971/0000950129-03-003971-index.htm",
        "finalLink": "https://www.sec.gov/Archives/edgar/data/89089/000095012903003971/h07919e10vq.txt"
    },
    {
        "date": "2003-03-31",
        "symbol": "SCI",
        "reportedCurrency": "USD",
        "cik": "0000089089",
        "fillingDate": "2003-05-09",
        "acceptedDate": "2003-05-08 18:09:57",
        "calendarYear": "2003",
        "period": "Q1",
        "revenue": 580093000,
        "costOfRevenue": 467538000,
        "grossProfit": 112555000,
        "grossProfitRatio": 0.1940292332,
        "researchAndDevelopmentExpenses": 0,
        "generalAndAdministrativeExpenses": 21411000,
        "sellingAndMarketingExpenses": 0,
        "sellingGeneralAndAdministrativeExpenses": 21411000,
        "otherExpenses": -5104000,
        "operatingExpenses": 16307000,
        "costAndExpenses": 483845000,
        "interestIncome": 0,
        "interestExpense": 15808000,
        "depreciationAndAmortization": 40942000,
        "ebitda": 147356000,
        "ebitdaratio": 0.254021338,
        "operatingIncome": 96248000,
        "operatingIncomeRatio": 0.1659182235,
        "totalOtherIncomeExpensesNet": -33384000,
        "incomeBeforeTax": 67094000,
        "incomeBeforeTaxRatio": 0.1156607647,
        "incomeTaxExpense": 24825000,
        "netIncome": 44086000,
        "netIncomeRatio": 0.0759981589,
        "eps": 0.15,
        "epsdiluted": 0.14,
        "weightedAverageShsOut": 297775000,
        "weightedAverageShsOutDil": 348665000,
        "link": "https://www.sec.gov/Archives/edgar/data/89089/000095012903002561/0000950129-03-002561-index.htm",
        "finalLink": "https://www.sec.gov/Archives/edgar/data/89089/000095012903002561/h05637e10vq.txt"
    },
    {
        "date": "2002-12-31",
        "symbol": "SCI",
        "reportedCurrency": "USD",
        "cik": "0000089089",
        "fillingDate": "2003-03-17",
        "acceptedDate": "2003-03-17 08:03:44",
        "calendarYear": "2002",
        "period": "Q4",
        "revenue": 576529000,
        "costOfRevenue": 498460000,
        "grossProfit": 78069000,
        "grossProfitRatio": 0.1354120955,
        "researchAndDevelopmentExpenses": 0,
        "generalAndAdministrativeExpenses": 31937000,
        "sellingAndMarketingExpenses": 0,
        "sellingGeneralAndAdministrativeExpenses": 31937000,
        "otherExpenses": 24544000,
        "operatingExpenses": 56481000,
        "costAndExpenses": 554941000,
        "interestIncome": 0,
        "interestExpense": 44089000,
        "depreciationAndAmortization": 35504000,
        "ebitda": 57092000,
        "ebitdaratio": 0.0990271088,
        "operatingIncome": 21588000,
        "operatingIncomeRatio": 0.0374447773,
        "totalOtherIncomeExpensesNet": -30099000,
        "incomeBeforeTax": -8511000,
        "incomeBeforeTaxRatio": -0.0147624838,
        "incomeTaxExpense": -2124000,
        "netIncome": -4215000,
        "netIncomeRatio": -0.0073109939,
        "eps": -0.0142,
        "epsdiluted": -0.0142,
        "weightedAverageShsOut": 297775000,
        "weightedAverageShsOutDil": 297775000,
        "link": "https://www.sec.gov/Archives/edgar/data/89089/000095012903001392/0000950129-03-001392-index.htm",
        "finalLink": "https://www.sec.gov/Archives/edgar/data/89089/000095012903001392/h02718e10vk.txt"
    },
    {
        "date": "2002-09-30",
        "symbol": "SCI",
        "reportedCurrency": "USD",
        "cik": "0000089089",
        "fillingDate": "2002-11-12",
        "acceptedDate": "2002-11-12 08:16:40",
        "calendarYear": "2002",
        "period": "Q3",
        "revenue": 543808000,
        "costOfRevenue": 468399000,
        "grossProfit": 75409000,
        "grossProfitRatio": 0.1386684271,
        "researchAndDevelopmentExpenses": 0,
        "generalAndAdministrativeExpenses": 22492000,
        "sellingAndMarketingExpenses": 0,
        "sellingGeneralAndAdministrativeExpenses": 22492000,
        "otherExpenses": 27942000,
        "operatingExpenses": 50434000,
        "costAndExpenses": 518833000,
        "interestIncome": 0,
        "interestExpense": 36704000,
        "depreciationAndAmortization": 34818000,
        "ebitda": 30564000,
        "ebitdaratio": 0.0562036601,
        "operatingIncome": 24975000,
        "operatingIncomeRatio": 0.0459261357,
        "totalOtherIncomeExpensesNet": -25944000,
        "incomeBeforeTax": -969000,
        "incomeBeforeTaxRatio": -0.0017818789,
        "incomeTaxExpense": -125000,
        "netIncome": 4061000,
        "netIncomeRatio": 0.0074677092,
        "eps": 0.01,
        "epsdiluted": 0.01,
        "weightedAverageShsOut": 295151000,
        "weightedAverageShsOutDil": 295151000,
        "link": "https://www.sec.gov/Archives/edgar/data/89089/000095012902005504/0000950129-02-005504-index.htm",
        "finalLink": "https://www.sec.gov/Archives/edgar/data/89089/000095012902005504/h01074e10vq.txt"
    },
    {
        "date": "2002-06-30",
        "symbol": "SCI",
        "reportedCurrency": "USD",
        "cik": "0000089089",
        "fillingDate": "2002-08-14",
        "acceptedDate": "2002-08-14 15:05:19",
        "calendarYear": "2002",
        "period": "Q2",
        "revenue": 566328000,
        "costOfRevenue": 475055000,
        "grossProfit": 91273000,
        "grossProfitRatio": 0.1611663206,
        "researchAndDevelopmentExpenses": 0,
        "generalAndAdministrativeExpenses": 19592000,
        "sellingAndMarketingExpenses": 0,
        "sellingGeneralAndAdministrativeExpenses": 19592000,
        "otherExpenses": 0,
        "operatingExpenses": 19592000,
        "costAndExpenses": 494647000,
        "interestIncome": 0,
        "interestExpense": 496523000,
        "depreciationAndAmortization": 29533000,
        "ebitda": -98073000,
        "ebitdaratio": -0.1731734966,
        "operatingIncome": -159993000,
        "operatingIncomeRatio": -0.2825094292,
        "totalOtherIncomeExpensesNet": -43390000,
        "incomeBeforeTax": -195856000,
        "incomeBeforeTaxRatio": -0.3458349225,
        "incomeTaxExpense": -55696000,
        "netIncome": -143015000,
        "netIncomeRatio": -0.2525303358,
        "eps": -0.49,
        "epsdiluted": -0.49,
        "weightedAverageShsOut": 293872000,
        "weightedAverageShsOutDil": 293872000,
        "link": "https://www.sec.gov/Archives/edgar/data/89089/000095012902004188/0000950129-02-004188-index.htm",
        "finalLink": "https://www.sec.gov/Archives/edgar/data/89089/000095012902004188/h99107e10vq.txt"
    },
    {
        "date": "2002-03-31",
        "symbol": "SCI",
        "reportedCurrency": "USD",
        "cik": "0000089089",
        "fillingDate": "2002-05-15",
        "acceptedDate": "2002-05-15 14:30:29",
        "calendarYear": "2002",
        "period": "Q1",
        "revenue": 585758000,
        "costOfRevenue": 466594000,
        "grossProfit": 119164000,
        "grossProfitRatio": 0.2034355485,
        "researchAndDevelopmentExpenses": 0,
        "generalAndAdministrativeExpenses": 15731000,
        "sellingAndMarketingExpenses": 0,
        "sellingGeneralAndAdministrativeExpenses": 15731000,
        "otherExpenses": 0,
        "operatingExpenses": 15731000,
        "costAndExpenses": 482325000,
        "interestIncome": 0,
        "interestExpense": 169613000,
        "depreciationAndAmortization": 28691000,
        "ebitda": 127230000,
        "ebitdaratio": 0.2172057403,
        "operatingIncome": 98539000,
        "operatingIncomeRatio": 0.1682247618,
        "totalOtherIncomeExpensesNet": -33220000,
        "incomeBeforeTax": 64373000,
        "incomeBeforeTaxRatio": 0.1098969199,
        "incomeTaxExpense": 18205000,
        "netIncome": -88711000,
        "netIncomeRatio": -0.1514465018,
        "eps": -0.3,
        "epsdiluted": -0.26,
        "weightedAverageShsOut": 292653000,
        "weightedAverageShsOutDil": 345554000,
        "link": "https://www.sec.gov/Archives/edgar/data/89089/000095012902002565/0000950129-02-002565-index.htm",
        "finalLink": "https://www.sec.gov/Archives/edgar/data/89089/000095012902002565/h96942e10-q.txt"
    },
    {
        "date": "2001-12-31",
        "symbol": "SCI",
        "reportedCurrency": "USD",
        "cik": "0000089089",
        "fillingDate": "2002-03-28",
        "acceptedDate": "2002-03-28 00:00:00",
        "calendarYear": "2001",
        "period": "Q4",
        "revenue": 630877000,
        "costOfRevenue": 535968000,
        "grossProfit": 94909000,
        "grossProfitRatio": 0.1504397846,
        "researchAndDevelopmentExpenses": 0,
        "generalAndAdministrativeExpenses": 16858000,
        "sellingAndMarketingExpenses": 0,
        "sellingGeneralAndAdministrativeExpenses": 16858000,
        "otherExpenses": 0,
        "operatingExpenses": 16858000,
        "costAndExpenses": 552826000,
        "interestIncome": 0,
        "interestExpense": 1204799000,
        "depreciationAndAmortization": 45782000,
        "ebitda": 123833000,
        "ebitdaratio": 0.1962870734,
        "operatingIncome": -508665000,
        "operatingIncomeRatio": -0.8062823657,
        "totalOtherIncomeExpensesNet": -40159000,
        "incomeBeforeTax": -548824000,
        "incomeBeforeTaxRatio": -0.8699381971,
        "incomeTaxExpense": 44648000,
        "netIncome": -591757000,
        "netIncomeRatio": -0.9379910823,
        "eps": -2.02,
        "epsdiluted": -2.02,
        "weightedAverageShsOut": 292653000,
        "weightedAverageShsOutDil": 292653000,
        "link": "https://www.sec.gov/Archives/edgar/data/89089/000095012902001557/0000950129-02-001557-index.htm",
        "finalLink": "https://www.sec.gov/Archives/edgar/data/89089/000095012902001557/h95011e10-k.txt"
    },
    {
        "date": "2001-09-30",
        "symbol": "SCI",
        "reportedCurrency": "USD",
        "cik": "0000089089",
        "fillingDate": "2001-11-14",
        "acceptedDate": "2001-11-14 00:00:00",
        "calendarYear": "2001",
        "period": "Q3",
        "revenue": 582979000,
        "costOfRevenue": 515960000,
        "grossProfit": 67019000,
        "grossProfitRatio": 0.114959544,
        "researchAndDevelopmentExpenses": 0,
        "generalAndAdministrativeExpenses": 17049000,
        "sellingAndMarketingExpenses": 0,
        "sellingGeneralAndAdministrativeExpenses": 17049000,
        "otherExpenses": 0,
        "operatingExpenses": 17049000,
        "costAndExpenses": 533009000,
        "interestIncome": 0,
        "interestExpense": 40683000,
        "depreciationAndAmortization": 47953000,
        "ebitda": 97923000,
        "ebitdaratio": 0.1679700298,
        "operatingIncome": 43785000,
        "operatingIncomeRatio": 0.0751056213,
        "totalOtherIncomeExpensesNet": -38922000,
        "incomeBeforeTax": 4863000,
        "incomeBeforeTaxRatio": 0.0083416384,
        "incomeTaxExpense": 681000,
        "netIncome": 4281000,
        "netIncomeRatio": 0.0073433177,
        "eps": 0.02,
        "epsdiluted": 0.02,
        "weightedAverageShsOut": 290258000,
        "weightedAverageShsOutDil": 293763000,
        "link": "https://www.sec.gov/Archives/edgar/data/89089/000095012901504069/0000950129-01-504069-index.htm",
        "finalLink": "https://www.sec.gov/Archives/edgar/data/89089/000095012901504069/h92272e10-q.txt"
    },
    {
        "date": "2001-06-30",
        "symbol": "SCI",
        "reportedCurrency": "USD",
        "cik": "0000089089",
        "fillingDate": "2001-08-14",
        "acceptedDate": "2001-08-14 00:00:00",
        "calendarYear": "2001",
        "period": "Q2",
        "revenue": 618711000,
        "costOfRevenue": 532141000,
        "grossProfit": 86570000,
        "grossProfitRatio": 0.1399199303,
        "researchAndDevelopmentExpenses": 0,
        "generalAndAdministrativeExpenses": 18423000,
        "sellingAndMarketingExpenses": 0,
        "sellingGeneralAndAdministrativeExpenses": 18423000,
        "otherExpenses": 0,
        "operatingExpenses": 18423000,
        "costAndExpenses": 550564000,
        "interestIncome": 0,
        "interestExpense": 85073000,
        "depreciationAndAmortization": 49930000,
        "ebitda": 118077000,
        "ebitdaratio": 0.1908435441,
        "operatingIncome": 41924000,
        "operatingIncomeRatio": 0.0677602305,
        "totalOtherIncomeExpensesNet": -43425000,
        "incomeBeforeTax": -1501000,
        "incomeBeforeTaxRatio": -0.0024260115,
        "incomeTaxExpense": 9155000,
        "netIncome": -10585000,
        "netIncomeRatio": -0.017108149,
        "eps": -0.0372,
        "epsdiluted": -0.0372,
        "weightedAverageShsOut": 284852000,
        "weightedAverageShsOutDil": 284852000,
        "link": "https://www.sec.gov/Archives/edgar/data/89089/000095012901502587/0000950129-01-502587-index.htm",
        "finalLink": "https://www.sec.gov/Archives/edgar/data/89089/000095012901502587/h89782e10-q.txt"
    },
    {
        "date": "2001-03-31",
        "symbol": "SCI",
        "reportedCurrency": "USD",
        "cik": "0000089089",
        "fillingDate": "2001-05-15",
        "acceptedDate": "2001-05-15 00:00:00",
        "calendarYear": "2001",
        "period": "Q1",
        "revenue": 677776000,
        "costOfRevenue": 566888000,
        "grossProfit": 110888000,
        "grossProfitRatio": 0.163605675,
        "researchAndDevelopmentExpenses": 0,
        "generalAndAdministrativeExpenses": 17979000,
        "sellingAndMarketingExpenses": 0,
        "sellingGeneralAndAdministrativeExpenses": 17979000,
        "otherExpenses": 25023000,
        "operatingExpenses": 43002000,
        "costAndExpenses": 609890000,
        "interestIncome": 0,
        "interestExpense": 82975000,
        "depreciationAndAmortization": 50272000,
        "ebitda": 118158000,
        "ebitdaratio": 0.1743319327,
        "operatingIncome": 67886000,
        "operatingIncomeRatio": 0.1001599348,
        "totalOtherIncomeExpensesNet": -57852000,
        "incomeBeforeTax": 10034000,
        "incomeBeforeTaxRatio": 0.0148043011,
        "incomeTaxExpense": 6715000,
        "netIncome": 265000,
        "netIncomeRatio": 0.0003909846,
        "eps": 0.0121,
        "epsdiluted": 0.0121,
        "weightedAverageShsOut": 273637000,
        "weightedAverageShsOutDil": 273966000,
        "link": "https://www.sec.gov/Archives/edgar/data/89089/000095012901500772/0000950129-01-500772-index.htm",
        "finalLink": "https://www.sec.gov/Archives/edgar/data/89089/000095012901500772/h87288e10-q.txt"
    },
    {
        "date": "2000-12-31",
        "symbol": "SCI",
        "reportedCurrency": "USD",
        "cik": "0000089089",
        "fillingDate": "2001-03-30",
        "acceptedDate": "2001-03-30 00:00:00",
        "calendarYear": "2000",
        "period": "Q4",
        "revenue": 437019000,
        "costOfRevenue": 489115000,
        "grossProfit": -52096000,
        "grossProfitRatio": -0.1192076317,
        "researchAndDevelopmentExpenses": 0,
        "generalAndAdministrativeExpenses": 19901000,
        "sellingAndMarketingExpenses": 0,
        "sellingGeneralAndAdministrativeExpenses": 19901000,
        "otherExpenses": 43465000,
        "operatingExpenses": 63366000,
        "costAndExpenses": 552481000,
        "interestIncome": 0,
        "interestExpense": 1951374000,
        "depreciationAndAmortization": 43465000,
        "ebitda": -71997000,
        "ebitdaratio": -0.1647456976,
        "operatingIncome": -115462000,
        "operatingIncomeRatio": -0.2642036159,
        "totalOtherIncomeExpensesNet": -552433000,
        "incomeBeforeTax": -667895000,
        "incomeBeforeTaxRatio": -1.5282973967,
        "incomeTaxExpense": -146404000,
        "netIncome": -1433175000,
        "netIncomeRatio": -3.2794340749,
        "eps": -5.24,
        "epsdiluted": -5.24,
        "weightedAverageShsOut": 273637000,
        "weightedAverageShsOutDil": 273637000,
        "link": "https://www.sec.gov/Archives/edgar/data/89089/000095012901001808/0000950129-01-001808-index.htm",
        "finalLink": "https://www.sec.gov/Archives/edgar/data/89089/000095012901001808/h85072e10-k.txt"
    },
    {
        "date": "2000-09-30",
        "symbol": "SCI",
        "reportedCurrency": "USD",
        "cik": "0000089089",
        "fillingDate": "2000-11-14",
        "acceptedDate": "2000-11-14 00:00:00",
        "calendarYear": "2000",
        "period": "Q3",
        "revenue": 659861000,
        "costOfRevenue": 490093000,
        "grossProfit": 169768000,
        "grossProfitRatio": 0.2572784268,
        "researchAndDevelopmentExpenses": 0,
        "generalAndAdministrativeExpenses": 20185000,
        "sellingAndMarketingExpenses": 0,
        "sellingGeneralAndAdministrativeExpenses": 20185000,
        "otherExpenses": 57557000,
        "operatingExpenses": 77742000,
        "costAndExpenses": 567835000,
        "interestIncome": 0,
        "interestExpense": 99726000,
        "depreciationAndAmortization": 57557000,
        "ebitda": 102751000,
        "ebitdaratio": 0.1557161281,
        "operatingIncome": 92026000,
        "operatingIncomeRatio": 0.139462705,
        "totalOtherIncomeExpensesNet": -67047000,
        "incomeBeforeTax": 24925000,
        "incomeBeforeTaxRatio": 0.0377731068,
        "incomeTaxExpense": 9839000,
        "netIncome": -23694000,
        "netIncomeRatio": -0.0359075624,
        "eps": -0.087,
        "epsdiluted": -0.087,
        "weightedAverageShsOut": 272210000,
        "weightedAverageShsOutDil": 272252000,
        "link": "https://www.sec.gov/Archives/edgar/data/89089/000095012900005513/0000950129-00-005513-index.htm",
        "finalLink": "https://www.sec.gov/Archives/edgar/data/89089/000095012900005513/h81951e10-q.txt"
    },
    {
        "date": "2000-06-30",
        "symbol": "SCI",
        "reportedCurrency": "USD",
        "cik": "0000089089",
        "fillingDate": "2000-08-14",
        "acceptedDate": "2000-08-14 00:00:00",
        "calendarYear": "2000",
        "period": "Q2",
        "revenue": 702100000,
        "costOfRevenue": 515235000,
        "grossProfit": 186865000,
        "grossProfitRatio": 0.2661515454,
        "researchAndDevelopmentExpenses": 0,
        "generalAndAdministrativeExpenses": 19733000,
        "sellingAndMarketingExpenses": 0,
        "sellingGeneralAndAdministrativeExpenses": 19733000,
        "otherExpenses": 60653000,
        "operatingExpenses": 80386000,
        "costAndExpenses": 595621000,
        "interestIncome": 0,
        "interestExpense": 63674000,
        "depreciationAndAmortization": 60653000,
        "ebitda": 106824000,
        "ebitdaratio": 0.1521492665,
        "operatingIncome": 106479000,
        "operatingIncomeRatio": 0.1516578835,
        "totalOtherIncomeExpensesNet": -65918000,
        "incomeBeforeTax": 27360000,
        "incomeBeforeTaxRatio": 0.0389688079,
        "incomeTaxExpense": 9567000,
        "netIncome": 38792000,
        "netIncomeRatio": 0.0552513887,
        "eps": 0.14,
        "epsdiluted": 0.14,
        "weightedAverageShsOut": 272093000,
        "weightedAverageShsOutDil": 272097000,
        "link": "https://www.sec.gov/Archives/edgar/data/89089/000095012900004171/0000950129-00-004171-index.htm",
        "finalLink": "https://www.sec.gov/Archives/edgar/data/89089/000095012900004171/e10-q.txt"
    },
    {
        "date": "2000-03-31",
        "symbol": "SCI",
        "reportedCurrency": "USD",
        "cik": "0000089089",
        "fillingDate": "2000-05-15",
        "acceptedDate": "2000-05-15 00:00:00",
        "calendarYear": "2000",
        "period": "Q1",
        "revenue": 869466000,
        "costOfRevenue": 613497000,
        "grossProfit": 255969000,
        "grossProfitRatio": 0.2943979408,
        "researchAndDevelopmentExpenses": 0,
        "generalAndAdministrativeExpenses": 20113000,
        "sellingAndMarketingExpenses": 0,
        "sellingGeneralAndAdministrativeExpenses": 20113000,
        "otherExpenses": 62356000,
        "operatingExpenses": 82469000,
        "costAndExpenses": 695966000,
        "interestIncome": 0,
        "interestExpense": 55934000,
        "depreciationAndAmortization": 62356000,
        "ebitda": 403443000,
        "ebitdaratio": 0.4640123938,
        "operatingIncome": 173500000,
        "operatingIncomeRatio": 0.1995477684,
        "totalOtherIncomeExpensesNet": -142291000,
        "incomeBeforeTax": 107466000,
        "incomeBeforeTaxRatio": 0.1236000028,
        "incomeTaxExpense": 39225000,
        "netIncome": 74826000,
        "netIncomeRatio": 0.0860597194,
        "eps": 0.27,
        "epsdiluted": 0.27,
        "weightedAverageShsOut": 272099000,
        "weightedAverageShsOutDil": 272099000,
        "link": "https://www.sec.gov/Archives/edgar/data/89089/000095012900002431/0000950129-00-002431-index.html",
        "finalLink": "https://www.sec.gov/Archives/edgar/data/89089/000095012900002431/"
    },
    {
        "date": "1999-12-31",
        "symbol": "SCI",
        "reportedCurrency": "USD",
        "cik": "0000089089",
        "fillingDate": "2000-03-30",
        "acceptedDate": "2000-03-30 00:00:00",
        "calendarYear": "1999",
        "period": "Q4",
        "revenue": 810700000,
        "costOfRevenue": 657100000,
        "grossProfit": 153600000,
        "grossProfitRatio": 0.1894658937,
        "researchAndDevelopmentExpenses": 0,
        "generalAndAdministrativeExpenses": 26800000,
        "sellingAndMarketingExpenses": 0,
        "sellingGeneralAndAdministrativeExpenses": 26800000,
        "otherExpenses": 67000000,
        "operatingExpenses": 93800000,
        "costAndExpenses": 750900000,
        "interestIncome": 0,
        "interestExpense": 600000000,
        "depreciationAndAmortization": 67000000,
        "ebitda": 126800000,
        "ebitdaratio": 0.1564080424,
        "operatingIncome": 59800000,
        "operatingIncomeRatio": 0.0737634143,
        "totalOtherIncomeExpensesNet": -332300000,
        "incomeBeforeTax": -272500000,
        "incomeBeforeTaxRatio": -0.336129271,
        "incomeTaxExpense": -88200000,
        "netIncome": -184300000,
        "netIncomeRatio": -0.2273344024,
        "eps": -0.68,
        "epsdiluted": -0.68,
        "weightedAverageShsOut": 272063000,
        "weightedAverageShsOutDil": 272063000,
        "link": "https://www.sec.gov/Archives/edgar/data/89089/000095012900001534/0000950129-00-001534-index.html",
        "finalLink": "https://www.sec.gov/Archives/edgar/data/89089/000095012900001534/"
    },
    {
        "date": "1999-09-30",
        "symbol": "SCI",
        "reportedCurrency": "USD",
        "cik": "0000089089",
        "fillingDate": "1999-11-12",
        "acceptedDate": "1999-11-12 00:00:00",
        "calendarYear": "1999",
        "period": "Q3",
        "revenue": 776800000,
        "costOfRevenue": 586500000,
        "grossProfit": 190300000,
        "grossProfitRatio": 0.2449794027,
        "researchAndDevelopmentExpenses": 0,
        "generalAndAdministrativeExpenses": 19300000,
        "sellingAndMarketingExpenses": 0,
        "sellingGeneralAndAdministrativeExpenses": 19300000,
        "otherExpenses": 61700000,
        "operatingExpenses": 81000000,
        "costAndExpenses": 667500000,
        "interestIncome": 0,
        "interestExpense": 60000000,
        "depreciationAndAmortization": 61700000,
        "ebitda": 166132000,
        "ebitdaratio": 0.2138671473,
        "operatingIncome": 109300000,
        "operatingIncomeRatio": 0.1407054583,
        "totalOtherIncomeExpensesNet": -59738000,
        "incomeBeforeTax": 49600000,
        "incomeBeforeTaxRatio": 0.0638516993,
        "incomeTaxExpense": 17500000,
        "netIncome": 32054000,
        "netIncomeRatio": 0.0412641607,
        "eps": 0.12,
        "epsdiluted": 0.12,
        "weightedAverageShsOut": 267116667,
        "weightedAverageShsOutDil": 267116667,
        "link": "https://www.sec.gov/Archives/edgar/data/89089/000095012999004971/0000950129-99-004971-index.html",
        "finalLink": "https://www.sec.gov/Archives/edgar/data/89089/000095012999004971/"
    },
    {
        "date": "1999-06-30",
        "symbol": "SCI",
        "reportedCurrency": "USD",
        "cik": "0000089089",
        "fillingDate": "1999-08-13",
        "acceptedDate": "1999-08-13 00:00:00",
        "calendarYear": "1999",
        "period": "Q2",
        "revenue": 830200000,
        "costOfRevenue": 583200000,
        "grossProfit": 247000000,
        "grossProfitRatio": 0.2975186702,
        "researchAndDevelopmentExpenses": 0,
        "generalAndAdministrativeExpenses": 16800000,
        "sellingAndMarketingExpenses": 0,
        "sellingGeneralAndAdministrativeExpenses": 16800000,
        "otherExpenses": 67500000,
        "operatingExpenses": 84300000,
        "costAndExpenses": 667500000,
        "interestIncome": 0,
        "interestExpense": 31100000,
        "depreciationAndAmortization": 67500000,
        "ebitda": 230300000,
        "ebitdaratio": 0.2774030354,
        "operatingIncome": 162700000,
        "operatingIncomeRatio": 0.195976873,
        "totalOtherIncomeExpensesNet": -44000000,
        "incomeBeforeTax": 118800000,
        "incomeBeforeTaxRatio": 0.1430980487,
        "incomeTaxExpense": 42800000,
        "netIncome": 76000000,
        "netIncomeRatio": 0.0915442062,
        "eps": 0.28,
        "epsdiluted": 0.28,
        "weightedAverageShsOut": 271428571,
        "weightedAverageShsOutDil": 271428571,
        "link": "https://www.sec.gov/Archives/edgar/data/89089/000095012999003666/0000950129-99-003666-index.html",
        "finalLink": "https://www.sec.gov/Archives/edgar/data/89089/000095012999003666/"
    },
    {
        "date": "1999-03-31",
        "symbol": "SCI",
        "reportedCurrency": "USD",
        "cik": "0000089089",
        "fillingDate": "1999-05-17",
        "acceptedDate": "1999-05-17 00:00:00",
        "calendarYear": "1999",
        "period": "Q1",
        "revenue": 904100000,
        "costOfRevenue": 629300000,
        "grossProfit": 274800000,
        "grossProfitRatio": 0.3039486782,
        "researchAndDevelopmentExpenses": 0,
        "generalAndAdministrativeExpenses": 19700000,
        "sellingAndMarketingExpenses": 0,
        "sellingGeneralAndAdministrativeExpenses": 19700000,
        "otherExpenses": 55900000,
        "operatingExpenses": 75600000,
        "costAndExpenses": 704900000,
        "interestIncome": 0,
        "interestExpense": 206200000,
        "depreciationAndAmortization": 55900000,
        "ebitda": 255100000,
        "ebitdaratio": 0.2821590532,
        "operatingIncome": 199200000,
        "operatingIncomeRatio": 0.2203296096,
        "totalOtherIncomeExpensesNet": -132800000,
        "incomeBeforeTax": 66400000,
        "incomeBeforeTaxRatio": 0.0734432032,
        "incomeTaxExpense": 24500000,
        "netIncome": 43800000,
        "netIncomeRatio": 0.0484459684,
        "eps": 0.16,
        "epsdiluted": 0.16,
        "weightedAverageShsOut": 273750000,
        "weightedAverageShsOutDil": 273750000,
        "link": "https://www.sec.gov/Archives/edgar/data/89089/000008908999000012/0000089089-99-000012-index.html",
        "finalLink": "https://www.sec.gov/Archives/edgar/data/89089/"
    },
    {
        "date": "1998-12-31",
        "symbol": "SCI",
        "reportedCurrency": "USD",
        "cik": "0000089089",
        "fillingDate": "1999-03-31",
        "acceptedDate": "1999-03-31 00:00:00",
        "calendarYear": "1998",
        "period": "Q4",
        "revenue": 773500000,
        "costOfRevenue": 563800000,
        "grossProfit": 209700000,
        "grossProfitRatio": 0.2711053652,
        "researchAndDevelopmentExpenses": 0,
        "generalAndAdministrativeExpenses": 17100000,
        "sellingAndMarketingExpenses": 0,
        "sellingGeneralAndAdministrativeExpenses": 17100000,
        "otherExpenses": 68400000,
        "operatingExpenses": 85500000,
        "costAndExpenses": 649300000,
        "interestIncome": 0,
        "interestExpense": 34500000,
        "depreciationAndAmortization": 68400000,
        "ebitda": 192600000,
        "ebitdaratio": 0.2489980608,
        "operatingIncome": 124200000,
        "operatingIncomeRatio": 0.1605688429,
        "totalOtherIncomeExpensesNet": -42800000,
        "incomeBeforeTax": 81400000,
        "incomeBeforeTaxRatio": 0.1052359405,
        "incomeTaxExpense": 22200000,
        "netIncome": 59200000,
        "netIncomeRatio": 0.0765352295,
        "eps": 0.22,
        "epsdiluted": 0.22,
        "weightedAverageShsOut": 260489405,
        "weightedAverageShsOutDil": 273750000,
        "link": "https://www.sec.gov/Archives/edgar/data/89089/000095012999001326/0000950129-99-001326-index.html",
        "finalLink": "https://www.sec.gov/Archives/edgar/data/89089/"
    },
    {
        "date": "1998-09-30",
        "symbol": "SCI",
        "reportedCurrency": "USD",
        "cik": "0000089089",
        "fillingDate": "1998-11-16",
        "acceptedDate": "1998-11-16 00:00:00",
        "calendarYear": "1998",
        "period": "Q3",
        "revenue": 712500000,
        "costOfRevenue": 490500000,
        "grossProfit": 222000000,
        "grossProfitRatio": 0.3115789474,
        "researchAndDevelopmentExpenses": 0,
        "generalAndAdministrativeExpenses": 15400000,
        "sellingAndMarketingExpenses": 0,
        "sellingGeneralAndAdministrativeExpenses": 15400000,
        "otherExpenses": 48400000,
        "operatingExpenses": 63800000,
        "costAndExpenses": 554300000,
        "interestIncome": 0,
        "interestExpense": 11600000,
        "depreciationAndAmortization": 48400000,
        "ebitda": 206600000,
        "ebitdaratio": 0.2899649123,
        "operatingIncome": 158200000,
        "operatingIncomeRatio": 0.2220350877,
        "totalOtherIncomeExpensesNet": -29700000,
        "incomeBeforeTax": 128500000,
        "incomeBeforeTaxRatio": 0.1803508772,
        "incomeTaxExpense": 45300000,
        "netIncome": 83200000,
        "netIncomeRatio": 0.1167719298,
        "eps": 0.32,
        "epsdiluted": 0.32,
        "weightedAverageShsOut": 260000000,
        "weightedAverageShsOutDil": 260000000,
        "link": "https://www.sec.gov/Archives/edgar/data/89089/0000089089-98-000021-index.html",
        "finalLink": "https://www.sec.gov/Archives/edgar/data/89089/0000089089-98-000021.txt"
    },
    {
        "date": "1998-06-30",
        "symbol": "SCI",
        "reportedCurrency": "USD",
        "cik": "0000089089",
        "fillingDate": "1998-08-14",
        "acceptedDate": "1998-08-14 00:00:00",
        "calendarYear": "1998",
        "period": "Q2",
        "revenue": 671900000,
        "costOfRevenue": 441600000,
        "grossProfit": 230300000,
        "grossProfitRatio": 0.3427593392,
        "researchAndDevelopmentExpenses": 0,
        "generalAndAdministrativeExpenses": 17300000,
        "sellingAndMarketingExpenses": 0,
        "sellingGeneralAndAdministrativeExpenses": 17300000,
        "otherExpenses": 42600000,
        "operatingExpenses": 59900000,
        "costAndExpenses": 501500000,
        "interestIncome": 0,
        "interestExpense": 19400000,
        "depreciationAndAmortization": 42600000,
        "ebitda": 213000000,
        "ebitdaratio": 0.31701146,
        "operatingIncome": 170400000,
        "operatingIncomeRatio": 0.253609168,
        "totalOtherIncomeExpensesNet": -29900000,
        "incomeBeforeTax": 140500000,
        "incomeBeforeTaxRatio": 0.2091084983,
        "incomeTaxExpense": 49600000,
        "netIncome": 90900000,
        "netIncomeRatio": 0.1352879893,
        "eps": 0.36,
        "epsdiluted": 0.35,
        "weightedAverageShsOut": 252500000,
        "weightedAverageShsOutDil": 259714286,
        "link": "https://www.sec.gov/Archives/edgar/data/89089/000008908998000013/0000089089-98-000013-index.html",
        "finalLink": "https://www.sec.gov/Archives/edgar/data/89089/"
    },
    {
        "date": "1998-03-31",
        "symbol": "SCI",
        "reportedCurrency": "USD",
        "cik": "0000089089",
        "fillingDate": "1998-05-14",
        "acceptedDate": "1998-05-14 00:00:00",
        "calendarYear": "1998",
        "period": "Q1",
        "revenue": 682700000,
        "costOfRevenue": 423700000,
        "grossProfit": 259000000,
        "grossProfitRatio": 0.379376007,
        "researchAndDevelopmentExpenses": 0,
        "generalAndAdministrativeExpenses": 17000000,
        "sellingAndMarketingExpenses": 0,
        "sellingGeneralAndAdministrativeExpenses": 17000000,
        "otherExpenses": 42900000,
        "operatingExpenses": 59900000,
        "costAndExpenses": 483600000,
        "interestIncome": 0,
        "interestExpense": 24300000,
        "depreciationAndAmortization": 42900000,
        "ebitda": 242000000,
        "ebitdaratio": 0.3544748792,
        "operatingIncome": 199100000,
        "operatingIncomeRatio": 0.2916361506,
        "totalOtherIncomeExpensesNet": -31000000,
        "incomeBeforeTax": 168100000,
        "incomeBeforeTaxRatio": 0.2462282115,
        "incomeTaxExpense": 59300000,
        "netIncome": 108800000,
        "netIncomeRatio": 0.1593672184,
        "eps": 0.43,
        "epsdiluted": 0.42,
        "weightedAverageShsOut": 253023256,
        "weightedAverageShsOutDil": 259047619,
        "link": "https://www.sec.gov/Archives/edgar/data/89089/000008908998000008/0000089089-98-000008-index.html",
        "finalLink": "https://www.sec.gov/Archives/edgar/data/89089/"
    },
    {
        "date": "1997-12-31",
        "symbol": "SCI",
        "reportedCurrency": "USD",
        "cik": "0000089089",
        "fillingDate": "1998-03-30",
        "acceptedDate": "1998-03-30 00:00:00",
        "calendarYear": "1997",
        "period": "Q4",
        "revenue": 644000000,
        "costOfRevenue": 415900000,
        "grossProfit": 228100000,
        "grossProfitRatio": 0.3541925466,
        "researchAndDevelopmentExpenses": 0,
        "generalAndAdministrativeExpenses": 17600000,
        "sellingAndMarketingExpenses": 0,
        "sellingGeneralAndAdministrativeExpenses": 17600000,
        "otherExpenses": 43600000,
        "operatingExpenses": 61200000,
        "costAndExpenses": 477100000,
        "interestIncome": 0,
        "interestExpense": 14300000,
        "depreciationAndAmortization": 43600000,
        "ebitda": 210500000,
        "ebitdaratio": 0.326863354,
        "operatingIncome": 166900000,
        "operatingIncomeRatio": 0.2591614907,
        "totalOtherIncomeExpensesNet": -25300000,
        "incomeBeforeTax": 141600000,
        "incomeBeforeTaxRatio": 0.2198757764,
        "incomeTaxExpense": 49700000,
        "netIncome": 91900000,
        "netIncomeRatio": 0.1427018634,
        "eps": 0.36,
        "epsdiluted": 0.36,
        "weightedAverageShsOut": 253023256,
        "weightedAverageShsOutDil": 253023256,
        "link": "https://www.sec.gov/Archives/edgar/data/89089/0000950129-98-001298-index.html",
        "finalLink": "https://www.sec.gov/Archives/edgar/data/89089/0000950129-98-001298.txt"
    },
    {
        "date": "1997-09-30",
        "symbol": "SCI",
        "reportedCurrency": "USD",
        "cik": "0000089089",
        "fillingDate": "1997-11-14",
        "acceptedDate": "1997-11-14 00:00:00",
        "calendarYear": "1997",
        "period": "Q3",
        "revenue": 584800000,
        "costOfRevenue": 394100000,
        "grossProfit": 190700000,
        "grossProfitRatio": 0.3260943912,
        "researchAndDevelopmentExpenses": 0,
        "generalAndAdministrativeExpenses": 16800000,
        "sellingAndMarketingExpenses": 0,
        "sellingGeneralAndAdministrativeExpenses": 16800000,
        "otherExpenses": 38900000,
        "operatingExpenses": 55700000,
        "costAndExpenses": 449800000,
        "interestIncome": 0,
        "interestExpense": 14100000,
        "depreciationAndAmortization": 38900000,
        "ebitda": 173900000,
        "ebitdaratio": 0.2973666211,
        "operatingIncome": 135000000,
        "operatingIncomeRatio": 0.2308481532,
        "totalOtherIncomeExpensesNet": -23400000,
        "incomeBeforeTax": 111600000,
        "incomeBeforeTaxRatio": 0.1908344733,
        "incomeTaxExpense": 38900000,
        "netIncome": 72700000,
        "netIncomeRatio": 0.1243160055,
        "eps": 0.29,
        "epsdiluted": 0.28,
        "weightedAverageShsOut": 250689655,
        "weightedAverageShsOutDil": 259642857,
        "link": "https://www.sec.gov/Archives/edgar/data/89089/000008908997000028/0000089089-97-000028-index.html",
        "finalLink": "https://www.sec.gov/Archives/edgar/data/89089/"
    },
    {
        "date": "1997-06-30",
        "symbol": "SCI",
        "reportedCurrency": "USD",
        "cik": "0000089089",
        "fillingDate": "1997-08-12",
        "acceptedDate": "1997-08-12 00:00:00",
        "calendarYear": "1997",
        "period": "Q2",
        "revenue": 601100000,
        "costOfRevenue": 400200000,
        "grossProfit": 200900000,
        "grossProfitRatio": 0.3342205956,
        "researchAndDevelopmentExpenses": 0,
        "generalAndAdministrativeExpenses": 15800000,
        "sellingAndMarketingExpenses": 0,
        "sellingGeneralAndAdministrativeExpenses": 15800000,
        "otherExpenses": 37800000,
        "operatingExpenses": 53600000,
        "costAndExpenses": 453800000,
        "interestIncome": 0,
        "interestExpense": 19000000,
        "depreciationAndAmortization": 37800000,
        "ebitda": 185100000,
        "ebitdaratio": 0.3079354517,
        "operatingIncome": 147300000,
        "operatingIncomeRatio": 0.2450507403,
        "totalOtherIncomeExpensesNet": -26000000,
        "incomeBeforeTax": 121300000,
        "incomeBeforeTaxRatio": 0.201796706,
        "incomeTaxExpense": 42500000,
        "netIncome": 78800000,
        "netIncomeRatio": 0.1310929962,
        "eps": 0.33,
        "epsdiluted": 0.31,
        "weightedAverageShsOut": 238787879,
        "weightedAverageShsOutDil": 254193548,
        "link": "https://www.sec.gov/Archives/edgar/data/89089/000008908997000019/0000089089-97-000019-index.html",
        "finalLink": "https://www.sec.gov/Archives/edgar/data/89089/"
    },
    {
        "date": "1997-03-31",
        "symbol": "SCI",
        "reportedCurrency": "USD",
        "cik": "0000089089",
        "fillingDate": "1997-05-14",
        "acceptedDate": "1997-05-14 00:00:00",
        "calendarYear": "1997",
        "period": "Q1",
        "revenue": 638400000,
        "costOfRevenue": 413000000,
        "grossProfit": 225400000,
        "grossProfitRatio": 0.3530701754,
        "researchAndDevelopmentExpenses": 0,
        "generalAndAdministrativeExpenses": 16600000,
        "sellingAndMarketingExpenses": 0,
        "sellingGeneralAndAdministrativeExpenses": 16600000,
        "otherExpenses": 37300000,
        "operatingExpenses": 53900000,
        "costAndExpenses": 466900000,
        "interestIncome": 0,
        "interestExpense": 0,
        "depreciationAndAmortization": 37300000,
        "ebitda": 208800000,
        "ebitdaratio": 0.3270676692,
        "operatingIncome": 171500000,
        "operatingIncomeRatio": 0.2686403509,
        "totalOtherIncomeExpensesNet": 34000000,
        "incomeBeforeTax": 205500000,
        "incomeBeforeTaxRatio": 0.3218984962,
        "incomeTaxExpense": 74400000,
        "netIncome": 90300000,
        "netIncomeRatio": 0.1414473684,
        "eps": 0.38,
        "epsdiluted": 0.36,
        "weightedAverageShsOut": 237631579,
        "weightedAverageShsOutDil": 250833333,
        "link": "https://www.sec.gov/Archives/edgar/data/89089/000008908997000014/0000089089-97-000014-index.html",
        "finalLink": "https://www.sec.gov/Archives/edgar/data/89089/"
    },
    {
        "date": "1996-12-31",
        "symbol": "SCI",
        "reportedCurrency": "USD",
        "cik": "0000089089",
        "fillingDate": "1997-03-28",
        "acceptedDate": "1997-03-28 00:00:00",
        "calendarYear": "1996",
        "period": "Q4",
        "revenue": 609500000,
        "costOfRevenue": 411900000,
        "grossProfit": 197600000,
        "grossProfitRatio": 0.3242001641,
        "researchAndDevelopmentExpenses": 0,
        "generalAndAdministrativeExpenses": 22400000,
        "sellingAndMarketingExpenses": 0,
        "sellingGeneralAndAdministrativeExpenses": 22400000,
        "otherExpenses": 28700000,
        "operatingExpenses": 51100000,
        "costAndExpenses": 463000000,
        "interestIncome": 0,
        "interestExpense": 28600000,
        "depreciationAndAmortization": 28700000,
        "ebitda": 175200000,
        "ebitdaratio": 0.2874487285,
        "operatingIncome": 146500000,
        "operatingIncomeRatio": 0.2403609516,
        "totalOtherIncomeExpensesNet": -32100000,
        "incomeBeforeTax": 114400000,
        "incomeBeforeTaxRatio": 0.1876948318,
        "incomeTaxExpense": 40600000,
        "netIncome": 73800000,
        "netIncomeRatio": 0.1210828548,
        "eps": 0.31,
        "epsdiluted": 0.31,
        "weightedAverageShsOut": 237631579,
        "weightedAverageShsOutDil": 237631579,
        "link": "https://www.sec.gov/Archives/edgar/data/89089/000095012997001336/0000950129-97-001336-index.html",
        "finalLink": "https://www.sec.gov/Archives/edgar/data/89089/"
    },
    {
        "date": "1996-09-30",
        "symbol": "SCI",
        "reportedCurrency": "USD",
        "cik": "0000089089",
        "fillingDate": "1996-11-14",
        "acceptedDate": "1996-11-14 00:00:00",
        "calendarYear": "1996",
        "period": "Q3",
        "revenue": 544500000,
        "costOfRevenue": 378500000,
        "grossProfit": 166000000,
        "grossProfitRatio": 0.3048668503,
        "researchAndDevelopmentExpenses": 0,
        "generalAndAdministrativeExpenses": 12300000,
        "sellingAndMarketingExpenses": 0,
        "sellingGeneralAndAdministrativeExpenses": 12300000,
        "otherExpenses": 34600000,
        "operatingExpenses": 46900000,
        "costAndExpenses": 425400000,
        "interestIncome": 0,
        "interestExpense": 24600000,
        "depreciationAndAmortization": 34600000,
        "ebitda": 153700000,
        "ebitdaratio": 0.2822773186,
        "operatingIncome": 119100000,
        "operatingIncomeRatio": 0.2187327824,
        "totalOtherIncomeExpensesNet": -30300000,
        "incomeBeforeTax": 88800000,
        "incomeBeforeTaxRatio": 0.1630853994,
        "incomeTaxExpense": 31400000,
        "netIncome": 57400000,
        "netIncomeRatio": 0.1054178145,
        "eps": 0.25,
        "epsdiluted": 0.24,
        "weightedAverageShsOut": 229600000,
        "weightedAverageShsOutDil": 239166667,
        "link": "https://www.sec.gov/Archives/edgar/data/89089/000095012996003018/0000950129-96-003018-index.html",
        "finalLink": "https://www.sec.gov/Archives/edgar/data/89089/"
    },
    {
        "date": "1996-06-30",
        "symbol": "SCI",
        "reportedCurrency": "USD",
        "cik": "0000089089",
        "fillingDate": "1996-08-12",
        "acceptedDate": "1996-08-12 00:00:00",
        "calendarYear": "1996",
        "period": "Q2",
        "revenue": 564700000,
        "costOfRevenue": 386000000,
        "grossProfit": 178700000,
        "grossProfitRatio": 0.316451213,
        "researchAndDevelopmentExpenses": 0,
        "generalAndAdministrativeExpenses": 14800000,
        "sellingAndMarketingExpenses": 0,
        "sellingGeneralAndAdministrativeExpenses": 14800000,
        "otherExpenses": 34700000,
        "operatingExpenses": 49500000,
        "costAndExpenses": 435500000,
        "interestIncome": 0,
        "interestExpense": 29100000,
        "depreciationAndAmortization": 34700000,
        "ebitda": 163900000,
        "ebitdaratio": 0.2902426067,
        "operatingIncome": 129200000,
        "operatingIncomeRatio": 0.2287940499,
        "totalOtherIncomeExpensesNet": -31600000,
        "incomeBeforeTax": 97600000,
        "incomeBeforeTaxRatio": 0.1728351337,
        "incomeTaxExpense": 35300000,
        "netIncome": 62300000,
        "netIncomeRatio": 0.1103240659,
        "eps": 0.26,
        "epsdiluted": 0.25,
        "weightedAverageShsOut": 239615385,
        "weightedAverageShsOutDil": 249200000,
        "link": "https://www.sec.gov/Archives/edgar/data/89089/000095012996001755/0000950129-96-001755-index.html",
        "finalLink": "https://www.sec.gov/Archives/edgar/data/89089/"
    },
    {
        "date": "1996-03-31",
        "symbol": "SCI",
        "reportedCurrency": "USD",
        "cik": "0000089089",
        "fillingDate": "1996-05-14",
        "acceptedDate": "1996-05-14 00:00:00",
        "calendarYear": "1996",
        "period": "Q1",
        "revenue": 575500000,
        "costOfRevenue": 383500000,
        "grossProfit": 192000000,
        "grossProfitRatio": 0.3336229366,
        "researchAndDevelopmentExpenses": 0,
        "generalAndAdministrativeExpenses": 13800000,
        "sellingAndMarketingExpenses": 0,
        "sellingGeneralAndAdministrativeExpenses": 13800000,
        "otherExpenses": 31800000,
        "operatingExpenses": 45600000,
        "costAndExpenses": 429100000,
        "interestIncome": 0,
        "interestExpense": 33700000,
        "depreciationAndAmortization": 31800000,
        "ebitda": 178200000,
        "ebitdaratio": 0.309643788,
        "operatingIncome": 146400000,
        "operatingIncomeRatio": 0.2543874891,
        "totalOtherIncomeExpensesNet": -33200000,
        "incomeBeforeTax": 113200000,
        "incomeBeforeTaxRatio": 0.196698523,
        "incomeTaxExpense": 41300000,
        "netIncome": 71900000,
        "netIncomeRatio": 0.1249348393,
        "eps": 0.31,
        "epsdiluted": 0.29,
        "weightedAverageShsOut": 231935484,
        "weightedAverageShsOutDil": 247931034,
        "link": "https://www.sec.gov/Archives/edgar/data/89089/000095012996000842/0000950129-96-000842-index.html",
        "finalLink": "https://www.sec.gov/Archives/edgar/data/89089/"
    },
    {
        "date": "1995-12-31",
        "symbol": "SCI",
        "reportedCurrency": "USD",
        "cik": "0000089089",
        "fillingDate": "1996-03-29",
        "acceptedDate": "1996-03-29 00:00:00",
        "calendarYear": "1995",
        "period": "Q4",
        "revenue": 546800000,
        "costOfRevenue": 379500000,
        "grossProfit": 167300000,
        "grossProfitRatio": 0.3059619605,
        "researchAndDevelopmentExpenses": 0,
        "generalAndAdministrativeExpenses": 17900000,
        "sellingAndMarketingExpenses": 0,
        "sellingGeneralAndAdministrativeExpenses": 17900000,
        "otherExpenses": 30500000,
        "operatingExpenses": 48400000,
        "costAndExpenses": 427900000,
        "interestIncome": 0,
        "interestExpense": 28500000,
        "depreciationAndAmortization": 30500000,
        "ebitda": 149400000,
        "ebitdaratio": 0.2732260424,
        "operatingIncome": 118900000,
        "operatingIncomeRatio": 0.2174469642,
        "totalOtherIncomeExpensesNet": -30800000,
        "incomeBeforeTax": 88100000,
        "incomeBeforeTaxRatio": 0.1611192392,
        "incomeTaxExpense": 31700000,
        "netIncome": 56400000,
        "netIncomeRatio": 0.1031455743,
        "eps": 0.24,
        "epsdiluted": 0.24,
        "weightedAverageShsOut": 231935484,
        "weightedAverageShsOutDil": 231935484,
        "link": "https://www.sec.gov/Archives/edgar/data/89089/000095012996000511/0000950129-96-000511-index.html",
        "finalLink": "https://www.sec.gov/Archives/edgar/data/89089/"
    },
    {
        "date": "1995-09-30",
        "symbol": "SCI",
        "reportedCurrency": "USD",
        "cik": "0000089089",
        "fillingDate": "1995-11-13",
        "acceptedDate": "1995-11-13 00:00:00",
        "calendarYear": "1995",
        "period": "Q3",
        "revenue": 403500000,
        "costOfRevenue": 273100000,
        "grossProfit": 130400000,
        "grossProfitRatio": 0.3231722429,
        "researchAndDevelopmentExpenses": 0,
        "generalAndAdministrativeExpenses": 12200000,
        "sellingAndMarketingExpenses": 0,
        "sellingGeneralAndAdministrativeExpenses": 12200000,
        "otherExpenses": 24700000,
        "operatingExpenses": 36900000,
        "costAndExpenses": 310000000,
        "interestIncome": 0,
        "interestExpense": 32200000,
        "depreciationAndAmortization": 23200000,
        "ebitda": 117400000,
        "ebitdaratio": 0.2909541512,
        "operatingIncome": 93500000,
        "operatingIncomeRatio": 0.2317224287,
        "totalOtherIncomeExpensesNet": -31500000,
        "incomeBeforeTax": 62000000,
        "incomeBeforeTaxRatio": 0.1536555143,
        "incomeTaxExpense": 22900000,
        "netIncome": 39100000,
        "netIncomeRatio": 0.0969021066,
        "eps": 0.2,
        "epsdiluted": 0.19,
        "weightedAverageShsOut": 195500000,
        "weightedAverageShsOutDil": 205789474,
        "link": "https://www.sec.gov/Archives/edgar/data/89089/000095012995001430/0000950129-95-001430-index.html",
        "finalLink": "https://www.sec.gov/Archives/edgar/data/89089/"
    },
    {
        "date": "1995-06-30",
        "symbol": "SCI",
        "reportedCurrency": "USD",
        "cik": "0000089089",
        "fillingDate": "1995-08-14",
        "acceptedDate": "1995-08-14 00:00:00",
        "calendarYear": "1995",
        "period": "Q2",
        "revenue": 353600000,
        "costOfRevenue": 225300000,
        "grossProfit": 128300000,
        "grossProfitRatio": 0.3628393665,
        "researchAndDevelopmentExpenses": 0,
        "generalAndAdministrativeExpenses": 11000000,
        "sellingAndMarketingExpenses": 0,
        "sellingGeneralAndAdministrativeExpenses": 11000000,
        "otherExpenses": 22400000,
        "operatingExpenses": 33400000,
        "costAndExpenses": 258700000,
        "interestIncome": 0,
        "interestExpense": 26600000,
        "depreciationAndAmortization": 23900000,
        "ebitda": 118800000,
        "ebitdaratio": 0.3359728507,
        "operatingIncome": 94900000,
        "operatingIncomeRatio": 0.2683823529,
        "totalOtherIncomeExpensesNet": -28400000,
        "incomeBeforeTax": 66500000,
        "incomeBeforeTaxRatio": 0.1880656109,
        "incomeTaxExpense": 25900000,
        "netIncome": 40600000,
        "netIncomeRatio": 0.1148190045,
        "eps": 0.21,
        "epsdiluted": 0.2,
        "weightedAverageShsOut": 193333333,
        "weightedAverageShsOutDil": 203000000,
        "link": "https://www.sec.gov/Archives/edgar/data/89089/000095012995001003/0000950129-95-001003-index.html",
        "finalLink": "https://www.sec.gov/Archives/edgar/data/89089/"
    },
    {
        "date": "1995-03-31",
        "symbol": "SCI",
        "reportedCurrency": "USD",
        "cik": "0000089089",
        "fillingDate": "1995-05-12",
        "acceptedDate": "1995-05-12 00:00:00",
        "calendarYear": "1995",
        "period": "Q1",
        "revenue": 348100000,
        "costOfRevenue": 210600000,
        "grossProfit": 137500000,
        "grossProfitRatio": 0.3950014364,
        "researchAndDevelopmentExpenses": 0,
        "generalAndAdministrativeExpenses": 12500000,
        "sellingAndMarketingExpenses": 0,
        "sellingGeneralAndAdministrativeExpenses": 12500000,
        "otherExpenses": 20800000,
        "operatingExpenses": 33300000,
        "costAndExpenses": 243900000,
        "interestIncome": 0,
        "interestExpense": 28000000,
        "depreciationAndAmortization": 20800000,
        "ebitda": 125000000,
        "ebitdaratio": 0.3590922149,
        "operatingIncome": 104200000,
        "operatingIncomeRatio": 0.2993392703,
        "totalOtherIncomeExpensesNet": -26600000,
        "incomeBeforeTax": 77600000,
        "incomeBeforeTaxRatio": 0.222924447,
        "incomeTaxExpense": 30200000,
        "netIncome": 47400000,
        "netIncomeRatio": 0.1361677679,
        "eps": 0.25,
        "epsdiluted": 0.23,
        "weightedAverageShsOut": 189600000,
        "weightedAverageShsOutDil": 206086957,
        "link": "https://www.sec.gov/Archives/edgar/data/89089/000095012995000471/0000950129-95-000471-index.html",
        "finalLink": "https://www.sec.gov/Archives/edgar/data/89089/"
    },
    {
        "date": "1994-12-31",
        "symbol": "SCI",
        "reportedCurrency": "USD",
        "cik": "0000089089",
        "fillingDate": "1995-03-31",
        "acceptedDate": "1995-03-31 00:00:00",
        "calendarYear": "1994",
        "period": "Q4",
        "revenue": 315300000,
        "costOfRevenue": 188800000,
        "grossProfit": 126500000,
        "grossProfitRatio": 0.4012052014,
        "researchAndDevelopmentExpenses": 0,
        "generalAndAdministrativeExpenses": 16200000,
        "sellingAndMarketingExpenses": 0,
        "sellingGeneralAndAdministrativeExpenses": 16200000,
        "otherExpenses": 28500000,
        "operatingExpenses": 44700000,
        "costAndExpenses": 233500000,
        "interestIncome": 0,
        "interestExpense": 22900000,
        "depreciationAndAmortization": 28500000,
        "ebitda": 110300000,
        "ebitdaratio": 0.349825563,
        "operatingIncome": 81800000,
        "operatingIncomeRatio": 0.2594354583,
        "totalOtherIncomeExpensesNet": -24700000,
        "incomeBeforeTax": 57100000,
        "incomeBeforeTaxRatio": 0.1810973676,
        "incomeTaxExpense": 22300000,
        "netIncome": 34800000,
        "netIncomeRatio": 0.1103710752,
        "eps": 0.18,
        "epsdiluted": 0.18,
        "weightedAverageShsOut": 189600000,
        "weightedAverageShsOutDil": 189600000,
        "link": "https://www.sec.gov/Archives/edgar/data/89089/0000950129-95-000273-index.html",
        "finalLink": "https://www.sec.gov/Archives/edgar/data/89089/0000950129-95-000273.txt"
    },
    {
        "date": "1994-09-30",
        "symbol": "SCI",
        "reportedCurrency": "USD",
        "cik": "0000089089",
        "fillingDate": "1994-11-14",
        "acceptedDate": "1994-11-14 00:00:00",
        "calendarYear": "1994",
        "period": "Q3",
        "revenue": 277800000,
        "costOfRevenue": 183800000,
        "grossProfit": 94000000,
        "grossProfitRatio": 0.3383729302,
        "researchAndDevelopmentExpenses": 0,
        "generalAndAdministrativeExpenses": 10700000,
        "sellingAndMarketingExpenses": 0,
        "sellingGeneralAndAdministrativeExpenses": 10700000,
        "otherExpenses": 17100000,
        "operatingExpenses": 27800000,
        "costAndExpenses": 211600000,
        "interestIncome": 0,
        "interestExpense": 14800000,
        "depreciationAndAmortization": 17100000,
        "ebitda": 83300000,
        "ebitdaratio": 0.2998560115,
        "operatingIncome": 66200000,
        "operatingIncomeRatio": 0.2383009359,
        "totalOtherIncomeExpensesNet": -17900000,
        "incomeBeforeTax": 48300000,
        "incomeBeforeTaxRatio": 0.1738660907,
        "incomeTaxExpense": 19700000,
        "netIncome": 28600000,
        "netIncomeRatio": 0.1029517639,
        "eps": 0.17,
        "epsdiluted": 0.16,
        "weightedAverageShsOut": 168235294,
        "weightedAverageShsOutDil": 178750000,
        "link": "https://www.sec.gov/Archives/edgar/data/89089/000095012994000785/0000950129-94-000785-index.html",
        "finalLink": "https://www.sec.gov/Archives/edgar/data/89089/"
    },
    {
        "date": "1994-06-30",
        "symbol": "SCI",
        "reportedCurrency": "USD",
        "cik": "0000089089",
        "fillingDate": "1994-08-12",
        "acceptedDate": "1994-08-12 00:00:00",
        "calendarYear": "1994",
        "period": "Q2",
        "revenue": 262900000,
        "costOfRevenue": 169800000,
        "grossProfit": 93100000,
        "grossProfitRatio": 0.3541270445,
        "researchAndDevelopmentExpenses": 0,
        "generalAndAdministrativeExpenses": 11400000,
        "sellingAndMarketingExpenses": 0,
        "sellingGeneralAndAdministrativeExpenses": 11400000,
        "otherExpenses": 16300000,
        "operatingExpenses": 27700000,
        "costAndExpenses": 197500000,
        "interestIncome": 0,
        "interestExpense": 12500000,
        "depreciationAndAmortization": 16300000,
        "ebitda": 81700000,
        "ebitdaratio": 0.3107645493,
        "operatingIncome": 65400000,
        "operatingIncomeRatio": 0.2487637885,
        "totalOtherIncomeExpensesNet": -14700000,
        "incomeBeforeTax": 50700000,
        "incomeBeforeTaxRatio": 0.192848992,
        "incomeTaxExpense": 20500000,
        "netIncome": 30200000,
        "netIncomeRatio": 0.1148725751,
        "eps": 0.18,
        "epsdiluted": 0.17,
        "weightedAverageShsOut": 167777778,
        "weightedAverageShsOutDil": 177647059,
        "link": "https://www.sec.gov/Archives/edgar/data/89089/000095012994000651/0000950129-94-000651-index.html",
        "finalLink": "https://www.sec.gov/Archives/edgar/data/89089/"
    },
    {
        "date": "1994-03-31",
        "symbol": "SCI",
        "reportedCurrency": "USD",
        "cik": "0000089089",
        "fillingDate": "1994-05-16",
        "acceptedDate": "1994-05-16 00:00:00",
        "calendarYear": "1994",
        "period": "Q1",
        "revenue": 261300000,
        "costOfRevenue": 157500000,
        "grossProfit": 103800000,
        "grossProfitRatio": 0.3972445465,
        "researchAndDevelopmentExpenses": 0,
        "generalAndAdministrativeExpenses": 13500000,
        "sellingAndMarketingExpenses": 0,
        "sellingGeneralAndAdministrativeExpenses": 13500000,
        "otherExpenses": 14200000,
        "operatingExpenses": 27700000,
        "costAndExpenses": 185200000,
        "interestIncome": 0,
        "interestExpense": 10700000,
        "depreciationAndAmortization": 14200000,
        "ebitda": 90300000,
        "ebitdaratio": 0.3455797933,
        "operatingIncome": 76100000,
        "operatingIncomeRatio": 0.2912361271,
        "totalOtherIncomeExpensesNet": -13200000,
        "incomeBeforeTax": 62900000,
        "incomeBeforeTaxRatio": 0.2407194795,
        "incomeTaxExpense": 25500000,
        "netIncome": 37400000,
        "netIncomeRatio": 0.1431305013,
        "eps": 0.22,
        "epsdiluted": 0.22,
        "weightedAverageShsOut": 170000000,
        "weightedAverageShsOutDil": 170000000,
        "link": "https://www.sec.gov/Archives/edgar/data/89089/000095012994000426/0000950129-94-000426-index.html",
        "finalLink": "https://www.sec.gov/Archives/edgar/data/89089/"
    },
    {
        "date": "1993-12-31",
        "symbol": "SCI",
        "reportedCurrency": "USD",
        "cik": "0000089089",
        "fillingDate": "1994-03-31",
        "acceptedDate": "1994-03-31 00:00:00",
        "calendarYear": "1993",
        "period": "Q4",
        "revenue": 246300000,
        "costOfRevenue": 151200000,
        "grossProfit": 95100000,
        "grossProfitRatio": 0.3861144945,
        "researchAndDevelopmentExpenses": 0,
        "generalAndAdministrativeExpenses": 0,
        "sellingAndMarketingExpenses": 0,
        "sellingGeneralAndAdministrativeExpenses": 15700000,
        "otherExpenses": 21800000,
        "operatingExpenses": 37500000,
        "costAndExpenses": 188700000,
        "interestIncome": 0,
        "interestExpense": 4600000,
        "depreciationAndAmortization": 21800000,
        "ebitda": 79400000,
        "ebitdaratio": 0.3223710922,
        "operatingIncome": 57600000,
        "operatingIncomeRatio": 0.2338611449,
        "totalOtherIncomeExpensesNet": -10000000,
        "incomeBeforeTax": 47600000,
        "incomeBeforeTaxRatio": 0.1932602517,
        "incomeTaxExpense": 17900000,
        "netIncome": 29700000,
        "netIncomeRatio": 0.1205846529,
        "eps": 0.18,
        "epsdiluted": 0.18,
        "weightedAverageShsOut": 164811285,
        "weightedAverageShsOutDil": 165000000,
        "link": "https://www.sec.gov/Archives/edgar/data/89089/000095012994000258/0000950129-94-000258-index.html",
        "finalLink": "https://www.sec.gov/Archives/edgar/data/89089/"
    },
    {
        "date": "1993-09-30",
        "symbol": "SCI",
        "reportedCurrency": "USD",
        "cik": "0000089089",
        "fillingDate": "1993-09-30",
        "acceptedDate": "1993-09-30 00:00:00",
        "calendarYear": "1993",
        "period": "Q3",
        "revenue": 211400000,
        "costOfRevenue": 142200000,
        "grossProfit": 69200000,
        "grossProfitRatio": 0.3273415326,
        "researchAndDevelopmentExpenses": 0,
        "generalAndAdministrativeExpenses": 0,
        "sellingAndMarketingExpenses": 0,
        "sellingGeneralAndAdministrativeExpenses": 9100000,
        "otherExpenses": 12600000,
        "operatingExpenses": 21700000,
        "costAndExpenses": 163900000,
        "interestIncome": 0,
        "interestExpense": 4500000,
        "depreciationAndAmortization": 12600000,
        "ebitda": 60100000,
        "ebitdaratio": 0.284295175,
        "operatingIncome": 47500000,
        "operatingIncomeRatio": 0.224692526,
        "totalOtherIncomeExpensesNet": -9900000,
        "incomeBeforeTax": 37600000,
        "incomeBeforeTaxRatio": 0.1778618732,
        "incomeTaxExpense": 17800000,
        "netIncome": 19800000,
        "netIncomeRatio": 0.0936613056,
        "eps": 0.12,
        "epsdiluted": 0.12,
        "weightedAverageShsOut": 165000000,
        "weightedAverageShsOutDil": 165000000,
        "link": null,
        "finalLink": null
    },
    {
        "date": "1993-06-30",
        "symbol": "SCI",
        "reportedCurrency": "USD",
        "cik": "0000089089",
        "fillingDate": "1993-06-30",
        "acceptedDate": "1993-06-30 00:00:00",
        "calendarYear": "1993",
        "period": "Q2",
        "revenue": 217000000,
        "costOfRevenue": 143300000,
        "grossProfit": 73700000,
        "grossProfitRatio": 0.3396313364,
        "researchAndDevelopmentExpenses": 0,
        "generalAndAdministrativeExpenses": 0,
        "sellingAndMarketingExpenses": 0,
        "sellingGeneralAndAdministrativeExpenses": 9000000,
        "otherExpenses": 11800000,
        "operatingExpenses": 20800000,
        "costAndExpenses": 164100000,
        "interestIncome": 0,
        "interestExpense": 10900000,
        "depreciationAndAmortization": 11800000,
        "ebitda": 64700000,
        "ebitdaratio": 0.298156682,
        "operatingIncome": 52900000,
        "operatingIncomeRatio": 0.2437788018,
        "totalOtherIncomeExpensesNet": -12600000,
        "incomeBeforeTax": 40300000,
        "incomeBeforeTaxRatio": 0.1857142857,
        "incomeTaxExpense": 16000000,
        "netIncome": 24300000,
        "netIncomeRatio": 0.1119815668,
        "eps": 0.15,
        "epsdiluted": 0.14,
        "weightedAverageShsOut": 162000000,
        "weightedAverageShsOutDil": 173571429,
        "link": null,
        "finalLink": null
    },
    {
        "date": "1993-03-31",
        "symbol": "SCI",
        "reportedCurrency": "USD",
        "cik": "0000089089",
        "fillingDate": "1993-03-31",
        "acceptedDate": "1993-03-31 00:00:00",
        "calendarYear": "1993",
        "period": "Q1",
        "revenue": 224400000,
        "costOfRevenue": 140900000,
        "grossProfit": 83500000,
        "grossProfitRatio": 0.3721033868,
        "researchAndDevelopmentExpenses": 0,
        "generalAndAdministrativeExpenses": 0,
        "sellingAndMarketingExpenses": 0,
        "sellingGeneralAndAdministrativeExpenses": 9900000,
        "otherExpenses": 12000000,
        "operatingExpenses": 21900000,
        "costAndExpenses": 162800000,
        "interestIncome": 0,
        "interestExpense": 14800000,
        "depreciationAndAmortization": 12000000,
        "ebitda": 73600000,
        "ebitdaratio": 0.3279857398,
        "operatingIncome": 61600000,
        "operatingIncomeRatio": 0.2745098039,
        "totalOtherIncomeExpensesNet": -13700000,
        "incomeBeforeTax": 47900000,
        "incomeBeforeTaxRatio": 0.2134581105,
        "incomeTaxExpense": 18700000,
        "netIncome": 27200000,
        "netIncomeRatio": 0.1212121212,
        "eps": 0.17,
        "epsdiluted": 0.17,
        "weightedAverageShsOut": 160000000,
        "weightedAverageShsOutDil": 160000000,
        "link": null,
        "finalLink": null
    },
    {
        "date": "1992-12-31",
        "symbol": "SCI",
        "reportedCurrency": "USD",
        "cik": "0000089089",
        "fillingDate": "1992-12-31",
        "acceptedDate": "1992-12-31 00:00:00",
        "calendarYear": "1992",
        "period": "Q4",
        "revenue": 200700000,
        "costOfRevenue": 127400000,
        "grossProfit": 73300000,
        "grossProfitRatio": 0.365221724,
        "researchAndDevelopmentExpenses": 0,
        "generalAndAdministrativeExpenses": 0,
        "sellingAndMarketingExpenses": 0,
        "sellingGeneralAndAdministrativeExpenses": 9800000,
        "otherExpenses": 12400000,
        "operatingExpenses": 22200000,
        "costAndExpenses": 149600000,
        "interestIncome": 0,
        "interestExpense": 9800000,
        "depreciationAndAmortization": 12400000,
        "ebitda": 63500000,
        "ebitdaratio": 0.3163926258,
        "operatingIncome": 51100000,
        "operatingIncomeRatio": 0.254608869,
        "totalOtherIncomeExpensesNet": -11800000,
        "incomeBeforeTax": 39300000,
        "incomeBeforeTaxRatio": 0.1958146487,
        "incomeTaxExpense": 14900000,
        "netIncome": 24400000,
        "netIncomeRatio": 0.1215744893,
        "eps": 0.16,
        "epsdiluted": 0.16,
        "weightedAverageShsOut": 152627300,
        "weightedAverageShsOutDil": 155454545,
        "link": null,
        "finalLink": null
    },
    {
        "date": "1992-09-30",
        "symbol": "SCI",
        "reportedCurrency": "USD",
        "cik": "0000089089",
        "fillingDate": "1992-09-30",
        "acceptedDate": "1992-09-30 00:00:00",
        "calendarYear": "1992",
        "period": "Q3",
        "revenue": 183900000,
        "costOfRevenue": 125000000,
        "grossProfit": 58900000,
        "grossProfitRatio": 0.3202827624,
        "researchAndDevelopmentExpenses": 0,
        "generalAndAdministrativeExpenses": 0,
        "sellingAndMarketingExpenses": 0,
        "sellingGeneralAndAdministrativeExpenses": 9300000,
        "otherExpenses": 12500000,
        "operatingExpenses": 21800000,
        "costAndExpenses": 146800000,
        "interestIncome": 0,
        "interestExpense": 6300000,
        "depreciationAndAmortization": 12500000,
        "ebitda": 49600000,
        "ebitdaratio": 0.2697117999,
        "operatingIncome": 37100000,
        "operatingIncomeRatio": 0.2017400761,
        "totalOtherIncomeExpensesNet": -9600000,
        "incomeBeforeTax": 27500000,
        "incomeBeforeTaxRatio": 0.1495377923,
        "incomeTaxExpense": 10400000,
        "netIncome": 17100000,
        "netIncomeRatio": 0.0929853181,
        "eps": 0.11,
        "epsdiluted": 0.11,
        "weightedAverageShsOut": 155454545,
        "weightedAverageShsOutDil": 155454545,
        "link": null,
        "finalLink": null
    },
    {
        "date": "1992-06-30",
        "symbol": "SCI",
        "reportedCurrency": "USD",
        "cik": "0000089089",
        "fillingDate": "1992-06-30",
        "acceptedDate": "1992-06-30 00:00:00",
        "calendarYear": "1992",
        "period": "Q2",
        "revenue": 187100000,
        "costOfRevenue": 124900000,
        "grossProfit": 62200000,
        "grossProfitRatio": 0.3324425441,
        "researchAndDevelopmentExpenses": 0,
        "generalAndAdministrativeExpenses": 0,
        "sellingAndMarketingExpenses": 0,
        "sellingGeneralAndAdministrativeExpenses": 9000000,
        "otherExpenses": 11200000,
        "operatingExpenses": 20200000,
        "costAndExpenses": 145100000,
        "interestIncome": 0,
        "interestExpense": 6100000,
        "depreciationAndAmortization": 11200000,
        "ebitda": 53200000,
        "ebitdaratio": 0.2843399252,
        "operatingIncome": 42000000,
        "operatingIncomeRatio": 0.2244788883,
        "totalOtherIncomeExpensesNet": -10000000,
        "incomeBeforeTax": 32000000,
        "incomeBeforeTaxRatio": 0.1710315339,
        "incomeTaxExpense": 12100000,
        "netIncome": 19900000,
        "netIncomeRatio": 0.1063602352,
        "eps": 0.13,
        "epsdiluted": 0.13,
        "weightedAverageShsOut": 153076923,
        "weightedAverageShsOutDil": 153076923,
        "link": null,
        "finalLink": null
    },
    {
        "date": "1992-03-31",
        "symbol": "SCI",
        "reportedCurrency": "USD",
        "cik": "0000089089",
        "fillingDate": "1992-03-31",
        "acceptedDate": "1992-03-31 00:00:00",
        "calendarYear": "1992",
        "period": "Q1",
        "revenue": 200700000,
        "costOfRevenue": 125700000,
        "grossProfit": 75000000,
        "grossProfitRatio": 0.3736920777,
        "researchAndDevelopmentExpenses": 0,
        "generalAndAdministrativeExpenses": 0,
        "sellingAndMarketingExpenses": 0,
        "sellingGeneralAndAdministrativeExpenses": 10600000,
        "otherExpenses": 11300000,
        "operatingExpenses": 21900000,
        "costAndExpenses": 147600000,
        "interestIncome": 0,
        "interestExpense": 11800000,
        "depreciationAndAmortization": 11300000,
        "ebitda": 64400000,
        "ebitdaratio": 0.3208769307,
        "operatingIncome": 53100000,
        "operatingIncomeRatio": 0.264573991,
        "totalOtherIncomeExpensesNet": -12500000,
        "incomeBeforeTax": 40600000,
        "incomeBeforeTaxRatio": 0.2022919781,
        "incomeTaxExpense": 15400000,
        "netIncome": 25200000,
        "netIncomeRatio": 0.1255605381,
        "eps": 0.17,
        "epsdiluted": 0.17,
        "weightedAverageShsOut": 148235294,
        "weightedAverageShsOutDil": 148235294,
        "link": null,
        "finalLink": null
    },
    {
        "date": "1991-12-31",
        "symbol": "SCI",
        "reportedCurrency": "USD",
        "cik": "0000089089",
        "fillingDate": "1991-12-31",
        "acceptedDate": "1991-12-31 00:00:00",
        "calendarYear": "1991",
        "period": "Q4",
        "revenue": 181100000,
        "costOfRevenue": 119500000,
        "grossProfit": 61600000,
        "grossProfitRatio": 0.3401435671,
        "researchAndDevelopmentExpenses": 0,
        "generalAndAdministrativeExpenses": 0,
        "sellingAndMarketingExpenses": 0,
        "sellingGeneralAndAdministrativeExpenses": 10700000,
        "otherExpenses": 10600000,
        "operatingExpenses": 21300000,
        "costAndExpenses": 140800000,
        "interestIncome": 0,
        "interestExpense": 5000000,
        "depreciationAndAmortization": 10600000,
        "ebitda": 50900000,
        "ebitdaratio": 0.2810601877,
        "operatingIncome": 40300000,
        "operatingIncomeRatio": 0.2225289895,
        "totalOtherIncomeExpensesNet": -8100000,
        "incomeBeforeTax": 32200000,
        "incomeBeforeTaxRatio": 0.1778023192,
        "incomeTaxExpense": 11900000,
        "netIncome": 20300000,
        "netIncomeRatio": 0.1120927664,
        "eps": 0.15,
        "epsdiluted": 0.15,
        "weightedAverageShsOut": 139230769,
        "weightedAverageShsOutDil": 139230769,
        "link": null,
        "finalLink": null
    },
    {
        "date": "1991-09-30",
        "symbol": "SCI",
        "reportedCurrency": "USD",
        "cik": "0000089089",
        "fillingDate": "1991-09-30",
        "acceptedDate": "1991-09-30 00:00:00",
        "calendarYear": "1991",
        "period": "Q3",
        "revenue": 152500000,
        "costOfRevenue": 106100000,
        "grossProfit": 46400000,
        "grossProfitRatio": 0.3042622951,
        "researchAndDevelopmentExpenses": 0,
        "generalAndAdministrativeExpenses": 0,
        "sellingAndMarketingExpenses": 0,
        "sellingGeneralAndAdministrativeExpenses": 7900000,
        "otherExpenses": 8400000,
        "operatingExpenses": 16300000,
        "costAndExpenses": 122400000,
        "interestIncome": 0,
        "interestExpense": 8500000,
        "depreciationAndAmortization": 8400000,
        "ebitda": 38500000,
        "ebitdaratio": 0.2524590164,
        "operatingIncome": 30100000,
        "operatingIncomeRatio": 0.1973770492,
        "totalOtherIncomeExpensesNet": -9700000,
        "incomeBeforeTax": 20400000,
        "incomeBeforeTaxRatio": 0.1337704918,
        "incomeTaxExpense": 2300000,
        "netIncome": 18100000,
        "netIncomeRatio": 0.1186885246,
        "eps": 0.13,
        "epsdiluted": 0.13,
        "weightedAverageShsOut": 139230769,
        "weightedAverageShsOutDil": 139230769,
        "link": null,
        "finalLink": null
    },
    {
        "date": "1991-06-30",
        "symbol": "SCI",
        "reportedCurrency": "USD",
        "cik": "0000089089",
        "fillingDate": "1991-06-30",
        "acceptedDate": "1991-06-30 00:00:00",
        "calendarYear": "1991",
        "period": "Q2",
        "revenue": 156100000,
        "costOfRevenue": 104600000,
        "grossProfit": 51500000,
        "grossProfitRatio": 0.3299167201,
        "researchAndDevelopmentExpenses": 0,
        "generalAndAdministrativeExpenses": 0,
        "sellingAndMarketingExpenses": 0,
        "sellingGeneralAndAdministrativeExpenses": 8800000,
        "otherExpenses": 7800000,
        "operatingExpenses": 16600000,
        "costAndExpenses": 121200000,
        "interestIncome": 0,
        "interestExpense": 6700000,
        "depreciationAndAmortization": 7800000,
        "ebitda": 42700000,
        "ebitdaratio": 0.2735426009,
        "operatingIncome": 34900000,
        "operatingIncomeRatio": 0.2235746316,
        "totalOtherIncomeExpensesNet": -8700000,
        "incomeBeforeTax": 26200000,
        "incomeBeforeTaxRatio": 0.1678411275,
        "incomeTaxExpense": 9900000,
        "netIncome": 16300000,
        "netIncomeRatio": 0.1044202434,
        "eps": 0.12,
        "epsdiluted": 0.12,
        "weightedAverageShsOut": 135833333,
        "weightedAverageShsOutDil": 135833333,
        "link": null,
        "finalLink": null
    },
    {
        "date": "1991-03-31",
        "symbol": "SCI",
        "reportedCurrency": "USD",
        "cik": "0000089089",
        "fillingDate": "1991-03-31",
        "acceptedDate": "1991-03-31 00:00:00",
        "calendarYear": "1991",
        "period": "Q1",
        "revenue": 153500000,
        "costOfRevenue": 99500000,
        "grossProfit": 54000000,
        "grossProfitRatio": 0.3517915309,
        "researchAndDevelopmentExpenses": 0,
        "generalAndAdministrativeExpenses": 0,
        "sellingAndMarketingExpenses": 0,
        "sellingGeneralAndAdministrativeExpenses": 7900000,
        "otherExpenses": 8200000,
        "operatingExpenses": 16100000,
        "costAndExpenses": 115600000,
        "interestIncome": 0,
        "interestExpense": 5800000,
        "depreciationAndAmortization": 8200000,
        "ebitda": 46100000,
        "ebitdaratio": 0.3003257329,
        "operatingIncome": 37900000,
        "operatingIncomeRatio": 0.2469055375,
        "totalOtherIncomeExpensesNet": -7800000,
        "incomeBeforeTax": 30100000,
        "incomeBeforeTaxRatio": 0.1960912052,
        "incomeTaxExpense": 11400000,
        "netIncome": 18700000,
        "netIncomeRatio": 0.1218241042,
        "eps": 0.14,
        "epsdiluted": 0.14,
        "weightedAverageShsOut": 133571429,
        "weightedAverageShsOutDil": 133571429,
        "link": null,
        "finalLink": null
    },
    {
        "date": "1990-12-31",
        "symbol": "SCI",
        "reportedCurrency": "USD",
        "cik": "0000089089",
        "fillingDate": "1990-12-31",
        "acceptedDate": "1990-12-31 00:00:00",
        "calendarYear": "1990",
        "period": "Q4",
        "revenue": 144500000,
        "costOfRevenue": 98800000,
        "grossProfit": 45700000,
        "grossProfitRatio": 0.3162629758,
        "researchAndDevelopmentExpenses": 0,
        "generalAndAdministrativeExpenses": 0,
        "sellingAndMarketingExpenses": 0,
        "sellingGeneralAndAdministrativeExpenses": 7300000,
        "otherExpenses": 7300000,
        "operatingExpenses": 14600000,
        "costAndExpenses": 113400000,
        "interestIncome": 0,
        "interestExpense": 5500000,
        "depreciationAndAmortization": 7300000,
        "ebitda": 38400000,
        "ebitdaratio": 0.2657439446,
        "operatingIncome": 31100000,
        "operatingIncomeRatio": 0.2152249135,
        "totalOtherIncomeExpensesNet": -7100000,
        "incomeBeforeTax": 24000000,
        "incomeBeforeTaxRatio": 0.1660899654,
        "incomeTaxExpense": 8900000,
        "netIncome": 15100000,
        "netIncomeRatio": 0.1044982699,
        "eps": 0.11,
        "epsdiluted": 0.11,
        "weightedAverageShsOut": 137110000,
        "weightedAverageShsOutDil": 137110000,
        "link": null,
        "finalLink": null
    },
    {
        "date": "1990-09-30",
        "symbol": "SCI",
        "reportedCurrency": "USD",
        "cik": "0000089089",
        "fillingDate": "1990-09-30",
        "acceptedDate": "1990-09-30 00:00:00",
        "calendarYear": "1990",
        "period": "Q3",
        "revenue": 129000000,
        "costOfRevenue": 90900000,
        "grossProfit": 38100000,
        "grossProfitRatio": 0.2953488372,
        "researchAndDevelopmentExpenses": 0,
        "generalAndAdministrativeExpenses": 0,
        "sellingAndMarketingExpenses": 0,
        "sellingGeneralAndAdministrativeExpenses": 7500000,
        "otherExpenses": 6200000,
        "operatingExpenses": 13700000,
        "costAndExpenses": 104600000,
        "interestIncome": 0,
        "interestExpense": 0,
        "depreciationAndAmortization": 6200000,
        "ebitda": 30600000,
        "ebitdaratio": 0.2372093023,
        "operatingIncome": 24400000,
        "operatingIncomeRatio": 0.1891472868,
        "totalOtherIncomeExpensesNet": -4400000,
        "incomeBeforeTax": 20000000,
        "incomeBeforeTaxRatio": 0.1550387597,
        "incomeTaxExpense": 7000000,
        "netIncome": 13000000,
        "netIncomeRatio": 0.1007751938,
        "eps": 0.0333,
        "epsdiluted": 0.0333,
        "weightedAverageShsOut": 137110000,
        "weightedAverageShsOutDil": 137110000,
        "link": null,
        "finalLink": null
    },
    {
        "date": "1990-06-30",
        "symbol": "SCI",
        "reportedCurrency": "USD",
        "cik": "0000089089",
        "fillingDate": "1990-06-30",
        "acceptedDate": "1990-06-30 00:00:00",
        "calendarYear": "1990",
        "period": "Q2",
        "revenue": 139000000,
        "costOfRevenue": 96400000,
        "grossProfit": 42600000,
        "grossProfitRatio": 0.3064748201,
        "researchAndDevelopmentExpenses": 0,
        "generalAndAdministrativeExpenses": 0,
        "sellingAndMarketingExpenses": 0,
        "sellingGeneralAndAdministrativeExpenses": 6800000,
        "otherExpenses": 6900000,
        "operatingExpenses": 13700000,
        "costAndExpenses": 110100000,
        "interestIncome": 0,
        "interestExpense": 0,
        "depreciationAndAmortization": 7100000,
        "ebitda": 36000000,
        "ebitdaratio": 0.2589928058,
        "operatingIncome": 28900000,
        "operatingIncomeRatio": 0.2079136691,
        "totalOtherIncomeExpensesNet": -4200000,
        "incomeBeforeTax": 24700000,
        "incomeBeforeTaxRatio": 0.1776978417,
        "incomeTaxExpense": 9000000,
        "netIncome": 14300000,
        "netIncomeRatio": 0.1028776978,
        "eps": 0.0333,
        "epsdiluted": 0.0333,
        "weightedAverageShsOut": 142996000,
        "weightedAverageShsOutDil": 142996000,
        "link": null,
        "finalLink": null
    },
    {
        "date": "1990-03-31",
        "symbol": "SCI",
        "reportedCurrency": "USD",
        "cik": "0000089089",
        "fillingDate": "1990-03-31",
        "acceptedDate": "1990-03-31 00:00:00",
        "calendarYear": "1990",
        "period": "Q1",
        "revenue": 150700000,
        "costOfRevenue": 100100000,
        "grossProfit": 50600000,
        "grossProfitRatio": 0.3357664234,
        "researchAndDevelopmentExpenses": 0,
        "generalAndAdministrativeExpenses": 0,
        "sellingAndMarketingExpenses": 0,
        "sellingGeneralAndAdministrativeExpenses": 6500000,
        "otherExpenses": 6600000,
        "operatingExpenses": 13100000,
        "costAndExpenses": 113200000,
        "interestIncome": 0,
        "interestExpense": 4600000,
        "depreciationAndAmortization": 6600000,
        "ebitda": 44100000,
        "ebitdaratio": 0.2926343729,
        "operatingIncome": 37500000,
        "operatingIncomeRatio": 0.2488387525,
        "totalOtherIncomeExpensesNet": -6700000,
        "incomeBeforeTax": 30800000,
        "incomeBeforeTaxRatio": 0.204379562,
        "incomeTaxExpense": 11000000,
        "netIncome": 17800000,
        "netIncomeRatio": 0.1181154612,
        "eps": 0.0433,
        "epsdiluted": 0.0433,
        "weightedAverageShsOut": 145448000,
        "weightedAverageShsOutDil": 145448000,
        "link": null,
        "finalLink": null
    },
    {
        "date": "1989-12-31",
        "symbol": "SCI",
        "reportedCurrency": "USD",
        "cik": "0000089089",
        "fillingDate": "1989-12-31",
        "acceptedDate": "1989-12-31 00:00:00",
        "calendarYear": "1989",
        "period": "Q4",
        "revenue": -48400000,
        "costOfRevenue": -71000000,
        "grossProfit": 22600000,
        "grossProfitRatio": -0.4669421488,
        "researchAndDevelopmentExpenses": 0,
        "generalAndAdministrativeExpenses": 0,
        "sellingAndMarketingExpenses": 0,
        "sellingGeneralAndAdministrativeExpenses": 6600000,
        "otherExpenses": -7600000,
        "operatingExpenses": -1000000,
        "costAndExpenses": -72000000,
        "interestIncome": 0,
        "interestExpense": 8900000,
        "depreciationAndAmortization": -7600000,
        "ebitda": 16000000,
        "ebitdaratio": -0.3305785124,
        "operatingIncome": 23600000,
        "operatingIncomeRatio": -0.4876033058,
        "totalOtherIncomeExpensesNet": -8200000,
        "incomeBeforeTax": 15400000,
        "incomeBeforeTaxRatio": -0.3181818182,
        "incomeTaxExpense": 6600000,
        "netIncome": 9900000,
        "netIncomeRatio": -0.2045454545,
        "eps": 0.0603,
        "epsdiluted": 0.0603,
        "weightedAverageShsOut": 142142857,
        "weightedAverageShsOutDil": 146000000,
        "link": null,
        "finalLink": null
    },
    {
        "date": "1989-09-30",
        "symbol": "SCI",
        "reportedCurrency": "USD",
        "cik": "0000089089",
        "fillingDate": "1989-09-30",
        "acceptedDate": "1989-09-30 00:00:00",
        "calendarYear": "1989",
        "period": "Q3",
        "revenue": 181900000,
        "costOfRevenue": 145500000,
        "grossProfit": 36400000,
        "grossProfitRatio": 0.2001099505,
        "researchAndDevelopmentExpenses": 0,
        "generalAndAdministrativeExpenses": 0,
        "sellingAndMarketingExpenses": 0,
        "sellingGeneralAndAdministrativeExpenses": 7400000,
        "otherExpenses": 10100000,
        "operatingExpenses": 17500000,
        "costAndExpenses": 163000000,
        "interestIncome": 0,
        "interestExpense": 900000,
        "depreciationAndAmortization": 10100000,
        "ebitda": 29000000,
        "ebitdaratio": 0.1594282573,
        "operatingIncome": 18900000,
        "operatingIncomeRatio": 0.1039032435,
        "totalOtherIncomeExpensesNet": -5200000,
        "incomeBeforeTax": 13700000,
        "incomeBeforeTaxRatio": 0.0753161078,
        "incomeTaxExpense": 4600000,
        "netIncome": 7300000,
        "netIncomeRatio": 0.0401319406,
        "eps": 0.05,
        "epsdiluted": 0.05,
        "weightedAverageShsOut": 146000000,
        "weightedAverageShsOutDil": 146000000,
        "link": null,
        "finalLink": null
    },
    {
        "date": "1989-06-30",
        "symbol": "SCI",
        "reportedCurrency": "USD",
        "cik": "0000089089",
        "fillingDate": "1989-06-30",
        "acceptedDate": "1989-06-30 00:00:00",
        "calendarYear": "1989",
        "period": "Q2",
        "revenue": 189300000,
        "costOfRevenue": 144200000,
        "grossProfit": 45100000,
        "grossProfitRatio": 0.2382461701,
        "researchAndDevelopmentExpenses": 0,
        "generalAndAdministrativeExpenses": 0,
        "sellingAndMarketingExpenses": 0,
        "sellingGeneralAndAdministrativeExpenses": 7600000,
        "otherExpenses": 10900000,
        "operatingExpenses": 18500000,
        "costAndExpenses": 162700000,
        "interestIncome": 0,
        "interestExpense": 0,
        "depreciationAndAmortization": 10900000,
        "ebitda": 37500000,
        "ebitdaratio": 0.1980982567,
        "operatingIncome": 26600000,
        "operatingIncomeRatio": 0.1405176968,
        "totalOtherIncomeExpensesNet": -1300000,
        "incomeBeforeTax": 25300000,
        "incomeBeforeTaxRatio": 0.1336502905,
        "incomeTaxExpense": 8900000,
        "netIncome": 14300000,
        "netIncomeRatio": 0.0755414686,
        "eps": 0.1,
        "epsdiluted": 0.1,
        "weightedAverageShsOut": 143000000,
        "weightedAverageShsOutDil": 143000000,
        "link": null,
        "finalLink": null
    },
    {
        "date": "1989-03-31",
        "symbol": "SCI",
        "reportedCurrency": "USD",
        "cik": "0000089089",
        "fillingDate": "1989-03-31",
        "acceptedDate": "1989-03-31 00:00:00",
        "calendarYear": "1989",
        "period": "Q1",
        "revenue": 131700000,
        "costOfRevenue": 0,
        "grossProfit": 131700000,
        "grossProfitRatio": 1,
        "researchAndDevelopmentExpenses": 0,
        "generalAndAdministrativeExpenses": 0,
        "sellingAndMarketingExpenses": 0,
        "sellingGeneralAndAdministrativeExpenses": 0,
        "otherExpenses": 0,
        "operatingExpenses": 0,
        "costAndExpenses": 0,
        "interestIncome": 0,
        "interestExpense": 0,
        "depreciationAndAmortization": 0,
        "ebitda": 131700000,
        "ebitdaratio": 1,
        "operatingIncome": 131700000,
        "operatingIncomeRatio": 1,
        "totalOtherIncomeExpensesNet": -131700000,
        "incomeBeforeTax": 0,
        "incomeBeforeTaxRatio": 0,
        "incomeTaxExpense": 0,
        "netIncome": 19600000,
        "netIncomeRatio": 0.1488230828,
        "eps": 0.14,
        "epsdiluted": 0.14,
        "weightedAverageShsOut": 144680000,
        "weightedAverageShsOutDil": 144680000,
        "link": null,
        "finalLink": null
    },
    {
        "date": "1988-10-31",
        "symbol": "SCI",
        "reportedCurrency": "USD",
        "cik": "0000089089",
        "fillingDate": "1988-10-31",
        "acceptedDate": "1988-10-31 00:00:00",
        "calendarYear": "1988",
        "period": "Q3",
        "revenue": 140400000,
        "costOfRevenue": 0,
        "grossProfit": 140400000,
        "grossProfitRatio": 1,
        "researchAndDevelopmentExpenses": 0,
        "generalAndAdministrativeExpenses": 0,
        "sellingAndMarketingExpenses": 0,
        "sellingGeneralAndAdministrativeExpenses": 0,
        "otherExpenses": 0,
        "operatingExpenses": 0,
        "costAndExpenses": 0,
        "interestIncome": 0,
        "interestExpense": 0,
        "depreciationAndAmortization": 0,
        "ebitda": 140400000,
        "ebitdaratio": 1,
        "operatingIncome": 140400000,
        "operatingIncomeRatio": 1,
        "totalOtherIncomeExpensesNet": -140400000,
        "incomeBeforeTax": 0,
        "incomeBeforeTaxRatio": 0,
        "incomeTaxExpense": 0,
        "netIncome": -11400000,
        "netIncomeRatio": -0.0811965812,
        "eps": -0.08,
        "epsdiluted": -0.08,
        "weightedAverageShsOut": 144332000,
        "weightedAverageShsOutDil": 144332000,
        "link": null,
        "finalLink": null
    },
    {
        "date": "1988-07-31",
        "symbol": "SCI",
        "reportedCurrency": "USD",
        "cik": "0000089089",
        "fillingDate": "1988-07-31",
        "acceptedDate": "1988-07-31 00:00:00",
        "calendarYear": "1988",
        "period": "Q2",
        "revenue": 136200000,
        "costOfRevenue": 0,
        "grossProfit": 136200000,
        "grossProfitRatio": 1,
        "researchAndDevelopmentExpenses": 0,
        "generalAndAdministrativeExpenses": 0,
        "sellingAndMarketingExpenses": 0,
        "sellingGeneralAndAdministrativeExpenses": 0,
        "otherExpenses": 0,
        "operatingExpenses": 0,
        "costAndExpenses": 0,
        "interestIncome": 0,
        "interestExpense": 0,
        "depreciationAndAmortization": 0,
        "ebitda": 136200000,
        "ebitdaratio": 1,
        "operatingIncome": 136200000,
        "operatingIncomeRatio": 1,
        "totalOtherIncomeExpensesNet": -136200000,
        "incomeBeforeTax": 0,
        "incomeBeforeTaxRatio": 0,
        "incomeTaxExpense": 0,
        "netIncome": 14800000,
        "netIncomeRatio": 0.1086637298,
        "eps": 0.11,
        "epsdiluted": 0.11,
        "weightedAverageShsOut": 143782000,
        "weightedAverageShsOutDil": 143782000,
        "link": null,
        "finalLink": null
    },
    {
        "date": "1988-04-30",
        "symbol": "SCI",
        "reportedCurrency": "USD",
        "cik": "0000089089",
        "fillingDate": "1988-04-30",
        "acceptedDate": "1988-04-30 00:00:00",
        "calendarYear": "1988",
        "period": "Q1",
        "revenue": 153800000,
        "costOfRevenue": 0,
        "grossProfit": 153800000,
        "grossProfitRatio": 1,
        "researchAndDevelopmentExpenses": 0,
        "generalAndAdministrativeExpenses": 0,
        "sellingAndMarketingExpenses": 0,
        "sellingGeneralAndAdministrativeExpenses": 0,
        "otherExpenses": -456700000,
        "operatingExpenses": -456700000,
        "costAndExpenses": -456700000,
        "interestIncome": 0,
        "interestExpense": 0,
        "depreciationAndAmortization": 0,
        "ebitda": -302900000,
        "ebitdaratio": -1.9694408322,
        "operatingIncome": -302900000,
        "operatingIncomeRatio": -1.9694408322,
        "totalOtherIncomeExpensesNet": 302900000,
        "incomeBeforeTax": 0,
        "incomeBeforeTaxRatio": 0,
        "incomeTaxExpense": 0,
        "netIncome": 16500000,
        "netIncomeRatio": 0.1072821847,
        "eps": 0.1147570628,
        "epsdiluted": 0.1147570628,
        "weightedAverageShsOut": 143782000,
        "weightedAverageShsOutDil": 143782000,
        "link": null,
        "finalLink": null
    },
    {
        "date": "1988-01-31",
        "symbol": "SCI",
        "reportedCurrency": "USD",
        "cik": "0000089089",
        "fillingDate": "1988-01-31",
        "acceptedDate": "1988-01-31 00:00:00",
        "calendarYear": "1987",
        "period": "Q4",
        "revenue": 136300000,
        "costOfRevenue": 0,
        "grossProfit": 136300000,
        "grossProfitRatio": 1,
        "researchAndDevelopmentExpenses": 0,
        "generalAndAdministrativeExpenses": 0,
        "sellingAndMarketingExpenses": 0,
        "sellingGeneralAndAdministrativeExpenses": 0,
        "otherExpenses": 0,
        "operatingExpenses": 0,
        "costAndExpenses": 0,
        "interestIncome": 0,
        "interestExpense": 0,
        "depreciationAndAmortization": 0,
        "ebitda": 136300000,
        "ebitdaratio": 1,
        "operatingIncome": 136300000,
        "operatingIncomeRatio": 1,
        "totalOtherIncomeExpensesNet": -136300000,
        "incomeBeforeTax": 0,
        "incomeBeforeTaxRatio": 0,
        "incomeTaxExpense": 0,
        "netIncome": 16900000,
        "netIncomeRatio": 0.1239911959,
        "eps": 0.12,
        "epsdiluted": 0.12,
        "weightedAverageShsOut": 143908000,
        "weightedAverageShsOutDil": 143908000,
        "link": null,
        "finalLink": null
    },
    {
        "date": "1987-10-31",
        "symbol": "SCI",
        "reportedCurrency": "USD",
        "cik": "0000089089",
        "fillingDate": "1987-10-31",
        "acceptedDate": "1987-10-31 00:00:00",
        "calendarYear": "1987",
        "period": "Q3",
        "revenue": 123200000,
        "costOfRevenue": 0,
        "grossProfit": 123200000,
        "grossProfitRatio": 1,
        "researchAndDevelopmentExpenses": 0,
        "generalAndAdministrativeExpenses": 0,
        "sellingAndMarketingExpenses": 0,
        "sellingGeneralAndAdministrativeExpenses": 0,
        "otherExpenses": 0,
        "operatingExpenses": 0,
        "costAndExpenses": 0,
        "interestIncome": 0,
        "interestExpense": 0,
        "depreciationAndAmortization": 0,
        "ebitda": 123200000,
        "ebitdaratio": 1,
        "operatingIncome": 123200000,
        "operatingIncomeRatio": 1,
        "totalOtherIncomeExpensesNet": -123200000,
        "incomeBeforeTax": 0,
        "incomeBeforeTaxRatio": 0,
        "incomeTaxExpense": 0,
        "netIncome": 15600000,
        "netIncomeRatio": 0.1266233766,
        "eps": 0.12,
        "epsdiluted": 0.12,
        "weightedAverageShsOut": 143908000,
        "weightedAverageShsOutDil": 143908000,
        "link": null,
        "finalLink": null
    },
    {
        "date": "1987-07-31",
        "symbol": "SCI",
        "reportedCurrency": "USD",
        "cik": "0000089089",
        "fillingDate": "1987-07-31",
        "acceptedDate": "1987-07-31 00:00:00",
        "calendarYear": "1987",
        "period": "Q2",
        "revenue": 126700000,
        "costOfRevenue": 0,
        "grossProfit": 126700000,
        "grossProfitRatio": 1,
        "researchAndDevelopmentExpenses": 0,
        "generalAndAdministrativeExpenses": 0,
        "sellingAndMarketingExpenses": 0,
        "sellingGeneralAndAdministrativeExpenses": 0,
        "otherExpenses": 0,
        "operatingExpenses": 0,
        "costAndExpenses": 0,
        "interestIncome": 0,
        "interestExpense": 0,
        "depreciationAndAmortization": 0,
        "ebitda": 126700000,
        "ebitdaratio": 1,
        "operatingIncome": 126700000,
        "operatingIncomeRatio": 1,
        "totalOtherIncomeExpensesNet": -126700000,
        "incomeBeforeTax": 0,
        "incomeBeforeTaxRatio": 0,
        "incomeTaxExpense": 0,
        "netIncome": 14500000,
        "netIncomeRatio": 0.1144435675,
        "eps": 0.11,
        "epsdiluted": 0.11,
        "weightedAverageShsOut": 143908000,
        "weightedAverageShsOutDil": 143908000,
        "link": null,
        "finalLink": null
    },
    {
        "date": "1987-04-30",
        "symbol": "SCI",
        "reportedCurrency": "USD",
        "cik": "0000089089",
        "fillingDate": "1987-04-30",
        "acceptedDate": "1987-04-30 00:00:00",
        "calendarYear": "1987",
        "period": "Q1",
        "revenue": 111700000,
        "costOfRevenue": 0,
        "grossProfit": 111700000,
        "grossProfitRatio": 1,
        "researchAndDevelopmentExpenses": 0,
        "generalAndAdministrativeExpenses": 0,
        "sellingAndMarketingExpenses": 0,
        "sellingGeneralAndAdministrativeExpenses": 0,
        "otherExpenses": -323900000,
        "operatingExpenses": -323900000,
        "costAndExpenses": -323900000,
        "interestIncome": 0,
        "interestExpense": 0,
        "depreciationAndAmortization": 0,
        "ebitda": -212200000,
        "ebitdaratio": -1.8997314235,
        "operatingIncome": -212200000,
        "operatingIncomeRatio": -1.8997314235,
        "totalOtherIncomeExpensesNet": 212200000,
        "incomeBeforeTax": 0,
        "incomeBeforeTaxRatio": 0,
        "incomeTaxExpense": 0,
        "netIncome": 14900000,
        "netIncomeRatio": 0.133393017,
        "eps": 0.1035383717,
        "epsdiluted": 0.1035383717,
        "weightedAverageShsOut": 143908000,
        "weightedAverageShsOutDil": 143908000,
        "link": null,
        "finalLink": null
    },
    {
        "date": "1987-01-31",
        "symbol": "SCI",
        "reportedCurrency": "USD",
        "cik": "0000089089",
        "fillingDate": "1987-01-31",
        "acceptedDate": "1987-01-31 00:00:00",
        "calendarYear": "1986",
        "period": "Q4",
        "revenue": 108600000,
        "costOfRevenue": 0,
        "grossProfit": 108600000,
        "grossProfitRatio": 1,
        "researchAndDevelopmentExpenses": 0,
        "generalAndAdministrativeExpenses": 0,
        "sellingAndMarketingExpenses": 0,
        "sellingGeneralAndAdministrativeExpenses": 0,
        "otherExpenses": 0,
        "operatingExpenses": 0,
        "costAndExpenses": 0,
        "interestIncome": 0,
        "interestExpense": 0,
        "depreciationAndAmortization": 0,
        "ebitda": 108600000,
        "ebitdaratio": 1,
        "operatingIncome": 108600000,
        "operatingIncomeRatio": 1,
        "totalOtherIncomeExpensesNet": -108600000,
        "incomeBeforeTax": 0,
        "incomeBeforeTaxRatio": 0,
        "incomeTaxExpense": 0,
        "netIncome": 14800000,
        "netIncomeRatio": 0.1362799263,
        "eps": 0.11,
        "epsdiluted": 0.11,
        "weightedAverageShsOut": 128294000,
        "weightedAverageShsOutDil": 128294000,
        "link": null,
        "finalLink": null
    },
    {
        "date": "1986-10-31",
        "symbol": "SCI",
        "reportedCurrency": "USD",
        "cik": "0000089089",
        "fillingDate": "1986-10-31",
        "acceptedDate": "1986-10-31 00:00:00",
        "calendarYear": "1986",
        "period": "Q3",
        "revenue": 83100000,
        "costOfRevenue": 0,
        "grossProfit": 83100000,
        "grossProfitRatio": 1,
        "researchAndDevelopmentExpenses": 0,
        "generalAndAdministrativeExpenses": 0,
        "sellingAndMarketingExpenses": 0,
        "sellingGeneralAndAdministrativeExpenses": 0,
        "otherExpenses": 0,
        "operatingExpenses": 0,
        "costAndExpenses": 0,
        "interestIncome": 0,
        "interestExpense": 0,
        "depreciationAndAmortization": 0,
        "ebitda": 83100000,
        "ebitdaratio": 1,
        "operatingIncome": 83100000,
        "operatingIncomeRatio": 1,
        "totalOtherIncomeExpensesNet": -83100000,
        "incomeBeforeTax": 0,
        "incomeBeforeTaxRatio": 0,
        "incomeTaxExpense": 0,
        "netIncome": 11100000,
        "netIncomeRatio": 0.1335740072,
        "eps": 0.09,
        "epsdiluted": 0.09,
        "weightedAverageShsOut": 128294000,
        "weightedAverageShsOutDil": 128294000,
        "link": null,
        "finalLink": null
    },
    {
        "date": "1986-07-31",
        "symbol": "SCI",
        "reportedCurrency": "USD",
        "cik": "0000089089",
        "fillingDate": "1986-07-31",
        "acceptedDate": "1986-07-31 00:00:00",
        "calendarYear": "1986",
        "period": "Q2",
        "revenue": 68800000,
        "costOfRevenue": 0,
        "grossProfit": 68800000,
        "grossProfitRatio": 1,
        "researchAndDevelopmentExpenses": 0,
        "generalAndAdministrativeExpenses": 0,
        "sellingAndMarketingExpenses": 0,
        "sellingGeneralAndAdministrativeExpenses": 0,
        "otherExpenses": 0,
        "operatingExpenses": 0,
        "costAndExpenses": 0,
        "interestIncome": 0,
        "interestExpense": 0,
        "depreciationAndAmortization": 0,
        "ebitda": 68800000,
        "ebitdaratio": 1,
        "operatingIncome": 68800000,
        "operatingIncomeRatio": 1,
        "totalOtherIncomeExpensesNet": -68800000,
        "incomeBeforeTax": 0,
        "incomeBeforeTaxRatio": 0,
        "incomeTaxExpense": 0,
        "netIncome": 10800000,
        "netIncomeRatio": 0.1569767442,
        "eps": 0.1,
        "epsdiluted": 0.1,
        "weightedAverageShsOut": 128294000,
        "weightedAverageShsOutDil": 128294000,
        "link": null,
        "finalLink": null
    },
    {
        "date": "1986-04-30",
        "symbol": "SCI",
        "reportedCurrency": "USD",
        "cik": "0000089089",
        "fillingDate": "1986-04-30",
        "acceptedDate": "1986-04-30 00:00:00",
        "calendarYear": "1986",
        "period": "Q1",
        "revenue": 60800000,
        "costOfRevenue": 0,
        "grossProfit": 60800000,
        "grossProfitRatio": 1,
        "researchAndDevelopmentExpenses": 0,
        "generalAndAdministrativeExpenses": 0,
        "sellingAndMarketingExpenses": 0,
        "sellingGeneralAndAdministrativeExpenses": 0,
        "otherExpenses": -213400000,
        "operatingExpenses": -213400000,
        "costAndExpenses": -213400000,
        "interestIncome": 0,
        "interestExpense": 0,
        "depreciationAndAmortization": 0,
        "ebitda": -152600000,
        "ebitdaratio": -2.5098684211,
        "operatingIncome": -152600000,
        "operatingIncomeRatio": -2.5098684211,
        "totalOtherIncomeExpensesNet": 152600000,
        "incomeBeforeTax": 0,
        "incomeBeforeTaxRatio": 0,
        "incomeTaxExpense": 0,
        "netIncome": 12300000,
        "netIncomeRatio": 0.2023026316,
        "eps": 0.0958735405,
        "epsdiluted": 0.0958735405,
        "weightedAverageShsOut": 128294000,
        "weightedAverageShsOutDil": 128294000,
        "link": null,
        "finalLink": null
    },
    {
        "date": "1986-01-31",
        "symbol": "SCI",
        "reportedCurrency": "USD",
        "cik": "0000089089",
        "fillingDate": "1986-01-31",
        "acceptedDate": "1986-01-31 00:00:00",
        "calendarYear": "1985",
        "period": "Q4",
        "revenue": 70000000,
        "costOfRevenue": 0,
        "grossProfit": 70000000,
        "grossProfitRatio": 1,
        "researchAndDevelopmentExpenses": 0,
        "generalAndAdministrativeExpenses": 0,
        "sellingAndMarketingExpenses": 0,
        "sellingGeneralAndAdministrativeExpenses": 0,
        "otherExpenses": 0,
        "operatingExpenses": 0,
        "costAndExpenses": 0,
        "interestIncome": 0,
        "interestExpense": 0,
        "depreciationAndAmortization": 0,
        "ebitda": 70000000,
        "ebitdaratio": 1,
        "operatingIncome": 70000000,
        "operatingIncomeRatio": 1,
        "totalOtherIncomeExpensesNet": -70000000,
        "incomeBeforeTax": 0,
        "incomeBeforeTaxRatio": 0,
        "incomeTaxExpense": 0,
        "netIncome": 11000000,
        "netIncomeRatio": 0.1571428571,
        "eps": 0.1,
        "epsdiluted": 0.1,
        "weightedAverageShsOut": 113836000,
        "weightedAverageShsOutDil": 113836000,
        "link": null,
        "finalLink": null
    },
    {
        "date": "1985-10-31",
        "symbol": "SCI",
        "reportedCurrency": "USD",
        "cik": "0000089089",
        "fillingDate": "1985-10-31",
        "acceptedDate": "1985-10-31 00:00:00",
        "calendarYear": "1985",
        "period": "Q3",
        "revenue": 61900000,
        "costOfRevenue": 0,
        "grossProfit": 61900000,
        "grossProfitRatio": 1,
        "researchAndDevelopmentExpenses": 0,
        "generalAndAdministrativeExpenses": 0,
        "sellingAndMarketingExpenses": 0,
        "sellingGeneralAndAdministrativeExpenses": 0,
        "otherExpenses": 0,
        "operatingExpenses": 0,
        "costAndExpenses": 0,
        "interestIncome": 0,
        "interestExpense": 0,
        "depreciationAndAmortization": 0,
        "ebitda": 61900000,
        "ebitdaratio": 1,
        "operatingIncome": 61900000,
        "operatingIncomeRatio": 1,
        "totalOtherIncomeExpensesNet": -61900000,
        "incomeBeforeTax": 0,
        "incomeBeforeTaxRatio": 0,
        "incomeTaxExpense": 0,
        "netIncome": 8800000,
        "netIncomeRatio": 0.1421647819,
        "eps": 0.08,
        "epsdiluted": 0.08,
        "weightedAverageShsOut": 112374000,
        "weightedAverageShsOutDil": 112374000,
        "link": null,
        "finalLink": null
    }
]