[
    {
        "date": "2025-06-30",
        "symbol": "SE",
        "reportedCurrency": "USD",
        "cik": "0001703399",
        "fillingDate": "2025-08-12",
        "acceptedDate": "2025-08-12 16:05:06",
        "calendarYear": "2025",
        "period": "Q2",
        "revenue": 5302504514,
        "costOfRevenue": 2872979981,
        "grossProfit": 2429524533,
        "grossProfitRatio": 0.4581843404,
        "researchAndDevelopmentExpenses": 299861243,
        "generalAndAdministrativeExpenses": 0,
        "sellingAndMarketingExpenses": 0,
        "sellingGeneralAndAdministrativeExpenses": 1670118282,
        "otherExpenses": 0,
        "operatingExpenses": 1969979525,
        "costAndExpenses": 4842959507,
        "interestIncome": 90997404,
        "interestExpense": 8974000,
        "depreciationAndAmortization": 92035830,
        "ebitda": 663910338,
        "ebitdaratio": 0.125206935,
        "operatingIncome": 459545007,
        "operatingIncomeRatio": 0.0866656513,
        "totalOtherIncomeExpensesNet": 103282089,
        "incomeBeforeTax": 562827096,
        "incomeBeforeTaxRatio": 0.1061436335,
        "incomeTaxExpense": 145234514,
        "netIncome": 409293236,
        "netIncomeRatio": 0.0771886634,
        "eps": 0.69,
        "epsdiluted": 0.69,
        "weightedAverageShsOut": 592019934,
        "weightedAverageShsOutDil": 592019934,
        "link": "https://www.sec.gov/Archives/edgar/data/1703399/000119312525178935/0001193125-25-178935-index.htm",
        "finalLink": "https://www.sec.gov/Archives/edgar/data/1703399/000119312525178935/d411448dex991.htm"
    },
    {
        "date": "2025-03-31",
        "symbol": "SE",
        "reportedCurrency": "USD",
        "cik": "0001703399",
        "fillingDate": "2025-05-13",
        "acceptedDate": "2025-05-13 16:05:23",
        "calendarYear": "2025",
        "period": "Q1",
        "revenue": 4835572471,
        "costOfRevenue": 2604907000,
        "grossProfit": 2236193000,
        "grossProfitRatio": 0.4624463832,
        "researchAndDevelopmentExpenses": 295520191,
        "generalAndAdministrativeExpenses": 0,
        "sellingAndMarketingExpenses": 0,
        "sellingGeneralAndAdministrativeExpenses": 1517097810,
        "otherExpenses": 0,
        "operatingExpenses": 1812618000,
        "costAndExpenses": 4414550740,
        "interestIncome": 88721582,
        "interestExpense": 9070631,
        "depreciationAndAmortization": 88775520,
        "ebitda": 644361435,
        "ebitdaratio": 0.1332544262,
        "operatingIncome": 421021731,
        "operatingIncomeRatio": 0.0870676085,
        "totalOtherIncomeExpensesNet": 125493548,
        "incomeBeforeTax": 546515280,
        "incomeBeforeTaxRatio": 0.1130197682,
        "incomeTaxExpense": 136315000,
        "netIncome": 402589800,
        "netIncomeRatio": 0.0832558714,
        "eps": 0.68,
        "epsdiluted": 0.63,
        "weightedAverageShsOut": 590286824,
        "weightedAverageShsOutDil": 634637711,
        "link": "https://www.sec.gov/Archives/edgar/data/1703399/000119312525118807/0001193125-25-118807-index.htm",
        "finalLink": "https://www.sec.gov/Archives/edgar/data/1703399/000119312525118807/d80392dex991.htm"
    },
    {
        "date": "2024-12-31",
        "symbol": "SE",
        "reportedCurrency": "USD",
        "cik": "0001703399",
        "fillingDate": "2025-04-17",
        "acceptedDate": "2025-04-17 16:05:54",
        "calendarYear": "2024",
        "period": "Q4",
        "revenue": 4950436000,
        "costOfRevenue": 2744976000,
        "grossProfit": 2205460000,
        "grossProfitRatio": 0.445508234,
        "researchAndDevelopmentExpenses": 298930913,
        "generalAndAdministrativeExpenses": 366259000,
        "sellingAndMarketingExpenses": 1049726000,
        "sellingGeneralAndAdministrativeExpenses": 1415985000,
        "otherExpenses": 182508000,
        "operatingExpenses": 1899709000,
        "costAndExpenses": 4644685000,
        "interestIncome": 93257124,
        "interestExpense": 9210592,
        "depreciationAndAmortization": 0,
        "ebitda": 343254000,
        "ebitdaratio": 0.0693381351,
        "operatingIncome": 305751000,
        "operatingIncomeRatio": 0.0617624387,
        "totalOtherIncomeExpensesNet": 21039000,
        "incomeBeforeTax": 326790000,
        "incomeBeforeTaxRatio": 0.0660123674,
        "incomeTaxExpense": 89198000,
        "netIncome": 237308000,
        "netIncomeRatio": 0.0479367878,
        "eps": 0.41,
        "epsdiluted": 0.39,
        "weightedAverageShsOut": 580046457,
        "weightedAverageShsOutDil": 610136776,
        "link": "https://www.sec.gov/Archives/edgar/data/1703399/000119312525084311/0001193125-25-084311-index.htm",
        "finalLink": "https://www.sec.gov/Archives/edgar/data/1703399/000119312525084311/d940352d20f.htm"
    },
    {
        "date": "2024-09-30",
        "symbol": "SE",
        "reportedCurrency": "USD",
        "cik": "0001703399",
        "fillingDate": "2024-11-12",
        "acceptedDate": "2024-11-12 16:06:00",
        "calendarYear": "2024",
        "period": "Q3",
        "revenue": 4328233000,
        "costOfRevenue": 2467172000,
        "grossProfit": 1861061000,
        "grossProfitRatio": 0.4299817039,
        "researchAndDevelopmentExpenses": 304890758,
        "generalAndAdministrativeExpenses": 306755000,
        "sellingAndMarketingExpenses": 878557000,
        "sellingGeneralAndAdministrativeExpenses": 1185312000,
        "otherExpenses": 171344000,
        "operatingExpenses": 1658646000,
        "costAndExpenses": 4125818000,
        "interestIncome": 94243642,
        "interestExpense": 9746731,
        "depreciationAndAmortization": 0,
        "ebitda": 202415000,
        "ebitdaratio": 0.0467661977,
        "operatingIncome": 202415000,
        "operatingIncomeRatio": 0.0467661977,
        "totalOtherIncomeExpensesNet": 43507000,
        "incomeBeforeTax": 245922000,
        "incomeBeforeTaxRatio": 0.0568181057,
        "incomeTaxExpense": 92598000,
        "netIncome": 153324000,
        "netIncomeRatio": 0.0354241558,
        "eps": 0.26,
        "epsdiluted": 0.26,
        "weightedAverageShsOut": 574340007,
        "weightedAverageShsOutDil": 574340007,
        "link": "https://www.sec.gov/Archives/edgar/data/1703399/000110465924116768/0001104659-24-116768-index.htm",
        "finalLink": "https://www.sec.gov/Archives/edgar/data/1703399/000110465924116768/tm2428140d1_ex99-1.htm"
    },
    {
        "date": "2024-06-30",
        "symbol": "SE",
        "reportedCurrency": "USD",
        "cik": "0001703399",
        "fillingDate": "2024-08-13",
        "acceptedDate": "2024-08-13 16:06:00",
        "calendarYear": "2024",
        "period": "Q2",
        "revenue": 3797165847,
        "costOfRevenue": 2216387899,
        "grossProfit": 1580777948,
        "grossProfitRatio": 0.4163046893,
        "researchAndDevelopmentExpenses": 297704334,
        "generalAndAdministrativeExpenses": 0,
        "sellingAndMarketingExpenses": 0,
        "sellingGeneralAndAdministrativeExpenses": 1242845401,
        "otherExpenses": 0,
        "operatingExpenses": 1540549735,
        "costAndExpenses": 3756937635,
        "interestIncome": 91152096,
        "interestExpense": 9663309,
        "depreciationAndAmortization": 97969677,
        "ebitda": 247797850,
        "ebitdaratio": 0.0652586324,
        "operatingIncome": 40228212,
        "operatingIncomeRatio": 0.0105942731,
        "totalOtherIncomeExpensesNet": 99936651,
        "incomeBeforeTax": 140164864,
        "incomeBeforeTaxRatio": 0.0369130214,
        "incomeTaxExpense": 60457524,
        "netIncome": 81655362,
        "netIncomeRatio": 0.0215042917,
        "eps": 0.14,
        "epsdiluted": 0.14,
        "weightedAverageShsOut": 574340007,
        "weightedAverageShsOutDil": 574340007,
        "link": "https://www.sec.gov/Archives/edgar/data/1703399/000110465924088947/0001104659-24-088947-index.htm",
        "finalLink": "https://www.sec.gov/Archives/edgar/data/1703399/000110465924088947/tm2421549d1_ex99-1.htm"
    },
    {
        "date": "2024-03-31",
        "symbol": "SE",
        "reportedCurrency": "USD",
        "cik": "0001703399",
        "fillingDate": "2024-05-14",
        "acceptedDate": "2024-05-14 16:05:36",
        "calendarYear": "2024",
        "period": "Q1",
        "revenue": 3726167755,
        "costOfRevenue": 2175813421,
        "grossProfit": 1550354334,
        "grossProfitRatio": 0.4160720708,
        "researchAndDevelopmentExpenses": 303713790,
        "generalAndAdministrativeExpenses": 0,
        "sellingAndMarketingExpenses": 0,
        "sellingGeneralAndAdministrativeExpenses": 1219584802,
        "otherExpenses": 0,
        "operatingExpenses": 1523298592,
        "costAndExpenses": 3699112014,
        "interestIncome": 86924613,
        "interestExpense": 9696761,
        "depreciationAndAmortization": 102051481,
        "ebitda": 167386385,
        "ebitdaratio": 0.0449218597,
        "operatingIncome": 27055741,
        "operatingIncomeRatio": 0.0072610099,
        "totalOtherIncomeExpensesNet": 28582397,
        "incomeBeforeTax": 55638138,
        "incomeBeforeTaxRatio": 0.0149317319,
        "incomeTaxExpense": 78587872,
        "netIncome": -23611285,
        "netIncomeRatio": -0.0063366135,
        "eps": -0.0414,
        "epsdiluted": -0.0414,
        "weightedAverageShsOut": 570937761,
        "weightedAverageShsOutDil": 570937761,
        "link": "https://www.sec.gov/Archives/edgar/data/1703399/000119312524138204/0001193125-24-138204-index.htm",
        "finalLink": "https://www.sec.gov/Archives/edgar/data/1703399/000119312524138204/d838689dex991.htm"
    },
    {
        "date": "2023-12-31",
        "symbol": "SE",
        "reportedCurrency": "USD",
        "cik": "0001703399",
        "fillingDate": "2024-04-26",
        "acceptedDate": "2024-04-26 16:06:32",
        "calendarYear": "2023",
        "period": "Q4",
        "revenue": 3641934983,
        "costOfRevenue": 2106478442,
        "grossProfit": 1535456540,
        "grossProfitRatio": 0.4216045995,
        "researchAndDevelopmentExpenses": 281763913,
        "generalAndAdministrativeExpenses": 0,
        "sellingAndMarketingExpenses": 0,
        "sellingGeneralAndAdministrativeExpenses": 1369540628,
        "otherExpenses": 0,
        "operatingExpenses": 1651304542,
        "costAndExpenses": 3757782985,
        "interestIncome": 91585406,
        "interestExpense": 10199876,
        "depreciationAndAmortization": 102191102,
        "ebitda": 77427020,
        "ebitdaratio": 0.0212598578,
        "operatingIncome": -115848000,
        "operatingIncomeRatio": -0.0318094641,
        "totalOtherIncomeExpensesNet": 80884044,
        "incomeBeforeTax": -34963956,
        "incomeBeforeTaxRatio": -0.009600379,
        "incomeTaxExpense": 77432057,
        "netIncome": -110507894,
        "netIncomeRatio": -0.0303431814,
        "eps": -0.19,
        "epsdiluted": -0.19,
        "weightedAverageShsOut": 569527667,
        "weightedAverageShsOutDil": 569527667,
        "link": "https://www.sec.gov/Archives/edgar/data/1703399/000114036124022429/0001140361-24-022429-index.htm",
        "finalLink": "https://www.sec.gov/Archives/edgar/data/1703399/000114036124022429/ef20015280_20f.htm"
    },
    {
        "date": "2023-09-30",
        "symbol": "SE",
        "reportedCurrency": "USD",
        "cik": "0001703399",
        "fillingDate": "2023-09-30",
        "acceptedDate": "2023-09-29 20:00:00",
        "calendarYear": "2023",
        "period": "Q3",
        "revenue": 3314998271,
        "costOfRevenue": 1871603105,
        "grossProfit": 1443395165,
        "grossProfitRatio": 0.4354135499,
        "researchAndDevelopmentExpenses": 280920327,
        "generalAndAdministrativeExpenses": 0,
        "sellingAndMarketingExpenses": 0,
        "sellingGeneralAndAdministrativeExpenses": 1337083258,
        "otherExpenses": 0,
        "operatingExpenses": 1618003586,
        "costAndExpenses": 3489606692,
        "interestIncome": 88163462,
        "interestExpense": 10187844,
        "depreciationAndAmortization": 107334396,
        "ebitda": 35100140,
        "ebitdaratio": 0.010588283,
        "operatingIncome": -174608421,
        "operatingIncomeRatio": -0.052672251,
        "totalOtherIncomeExpensesNet": 92186324,
        "incomeBeforeTax": -82422096,
        "incomeBeforeTaxRatio": -0.0248633903,
        "incomeTaxExpense": 61765999,
        "netIncome": -149431736,
        "netIncomeRatio": -0.0450774703,
        "eps": -0.26,
        "epsdiluted": -0.26,
        "weightedAverageShsOut": 564758842,
        "weightedAverageShsOutDil": 564758842,
        "link": null,
        "finalLink": null
    },
    {
        "date": "2023-06-30",
        "symbol": "SE",
        "reportedCurrency": "USD",
        "cik": "0001703399",
        "fillingDate": "2023-06-30",
        "acceptedDate": "2023-06-30 00:00:00",
        "calendarYear": "2023",
        "period": "Q2",
        "revenue": 3078464359,
        "costOfRevenue": 1635645634,
        "grossProfit": 1442818724,
        "grossProfitRatio": 0.468681315,
        "researchAndDevelopmentExpenses": 281723353,
        "generalAndAdministrativeExpenses": 0,
        "sellingAndMarketingExpenses": 0,
        "sellingGeneralAndAdministrativeExpenses": 936539690,
        "otherExpenses": 0,
        "operatingExpenses": 1218263044,
        "costAndExpenses": 2853908679,
        "interestIncome": 83064022,
        "interestExpense": 10326319,
        "depreciationAndAmortization": 111368917,
        "ebitda": 512706136,
        "ebitdaratio": 0.1665460685,
        "operatingIncome": 224555680,
        "operatingIncomeRatio": 0.0729440571,
        "totalOtherIncomeExpensesNet": 166455216,
        "incomeBeforeTax": 391010897,
        "incomeBeforeTaxRatio": 0.1270149176,
        "incomeTaxExpense": 61866427,
        "netIncome": 319818562,
        "netIncomeRatio": 0.1038889929,
        "eps": 0.57,
        "epsdiluted": 0.54,
        "weightedAverageShsOut": 564758842,
        "weightedAverageShsOutDil": 598722729,
        "link": null,
        "finalLink": null
    },
    {
        "date": "2023-03-31",
        "symbol": "SE",
        "reportedCurrency": "USD",
        "cik": "0001703399",
        "fillingDate": "2023-03-31",
        "acceptedDate": "2023-03-31 00:00:00",
        "calendarYear": "2023",
        "period": "Q1",
        "revenue": 3047713217,
        "costOfRevenue": 1627944331,
        "grossProfit": 1419768885,
        "grossProfitRatio": 0.465847271,
        "researchAndDevelopmentExpenses": 321208567,
        "generalAndAdministrativeExpenses": 0,
        "sellingAndMarketingExpenses": 0,
        "sellingGeneralAndAdministrativeExpenses": 912938783,
        "otherExpenses": 0,
        "operatingExpenses": 1234147350,
        "costAndExpenses": 2862091681,
        "interestIncome": 68947518,
        "interestExpense": 10411578,
        "depreciationAndAmortization": 120456219,
        "ebitda": 280382034,
        "ebitdaratio": 0.0919975122,
        "operatingIncome": 185621535,
        "operatingIncomeRatio": 0.0609051842,
        "totalOtherIncomeExpensesNet": -36107301,
        "incomeBeforeTax": 149514233,
        "incomeBeforeTaxRatio": 0.0490578418,
        "incomeTaxExpense": 62032522,
        "netIncome": 88266412,
        "netIncomeRatio": 0.0289615215,
        "eps": 0.16,
        "epsdiluted": 0.15,
        "weightedAverageShsOut": 563558642,
        "weightedAverageShsOutDil": 598691484,
        "link": null,
        "finalLink": null
    },
    {
        "date": "2022-12-31",
        "symbol": "SE",
        "reportedCurrency": "USD",
        "cik": "0001703399",
        "fillingDate": "2023-04-06",
        "acceptedDate": "2023-04-06 16:11:47",
        "calendarYear": "2022",
        "period": "Q4",
        "revenue": 3482852722,
        "costOfRevenue": 1770163359,
        "grossProfit": 1712689363,
        "grossProfitRatio": 0.4917490057,
        "researchAndDevelopmentExpenses": 246407220,
        "generalAndAdministrativeExpenses": 0,
        "sellingAndMarketingExpenses": 0,
        "sellingGeneralAndAdministrativeExpenses": 1010112696,
        "otherExpenses": 0,
        "operatingExpenses": 1256519917,
        "costAndExpenses": 3026683276,
        "interestIncome": 54828242,
        "interestExpense": 10906921,
        "depreciationAndAmortization": 116468644,
        "ebitda": 508635484,
        "ebitdaratio": 0.146039906,
        "operatingIncome": 456169446,
        "operatingIncomeRatio": 0.130975807,
        "totalOtherIncomeExpensesNet": -73355580,
        "incomeBeforeTax": 382813866,
        "incomeBeforeTaxRatio": 0.1099138828,
        "incomeTaxExpense": -43854723,
        "netIncome": 430664464,
        "netIncomeRatio": 0.1236527922,
        "eps": 0.76,
        "epsdiluted": 0.7,
        "weightedAverageShsOut": 560326301,
        "weightedAverageShsOutDil": 611938691,
        "link": "https://www.sec.gov/Archives/edgar/data/1703399/000114036123017021/0001140361-23-017021-index.htm",
        "finalLink": "https://www.sec.gov/Archives/edgar/data/1703399/000114036123017021/brhc10050860_20f.htm"
    },
    {
        "date": "2022-09-30",
        "symbol": "SE",
        "reportedCurrency": "USD",
        "cik": "0001703399",
        "fillingDate": "2022-11-15",
        "acceptedDate": "2022-11-15 16:05:29",
        "calendarYear": "2022",
        "period": "Q3",
        "revenue": 3141997208,
        "costOfRevenue": 1919707467,
        "grossProfit": 1222289740,
        "grossProfitRatio": 0.3890168129,
        "researchAndDevelopmentExpenses": 419110705,
        "generalAndAdministrativeExpenses": 0,
        "sellingAndMarketingExpenses": 0,
        "sellingGeneralAndAdministrativeExpenses": 1362311893,
        "otherExpenses": 0,
        "operatingExpenses": 1781422599,
        "costAndExpenses": 3701130067,
        "interestIncome": 31199441,
        "interestExpense": 11506897,
        "depreciationAndAmortization": 119579938,
        "ebitda": -371498158,
        "ebitdaratio": -0.1182363107,
        "operatingIncome": -559132858,
        "operatingIncomeRatio": -0.1779546005,
        "totalOtherIncomeExpensesNet": 57365238,
        "incomeBeforeTax": -501767620,
        "incomeBeforeTaxRatio": -0.1596970292,
        "incomeTaxExpense": 64990373,
        "netIncome": -562799574,
        "netIncomeRatio": -0.1791216022,
        "eps": -1.01,
        "epsdiluted": -1.01,
        "weightedAverageShsOut": 558442254,
        "weightedAverageShsOutDil": 558442254,
        "link": "https://www.sec.gov/Archives/edgar/data/1703399/000110465922119122/0001104659-22-119122-index.htm",
        "finalLink": "https://www.sec.gov/Archives/edgar/data/1703399/000110465922119122/tm2230567d1_ex99-1.htm"
    },
    {
        "date": "2022-06-30",
        "symbol": "SE",
        "reportedCurrency": "USD",
        "cik": "0001703399",
        "fillingDate": "2022-06-30",
        "acceptedDate": "2022-06-30 00:00:00",
        "calendarYear": "2022",
        "period": "Q2",
        "revenue": 2936017955,
        "costOfRevenue": 1848238199,
        "grossProfit": 1087779756,
        "grossProfitRatio": 0.3704949263,
        "researchAndDevelopmentExpenses": 370096433,
        "generalAndAdministrativeExpenses": 0,
        "sellingAndMarketingExpenses": 0,
        "sellingGeneralAndAdministrativeExpenses": 1446569533,
        "otherExpenses": 0,
        "operatingExpenses": 1816665967,
        "costAndExpenses": 3664904166,
        "interestIncome": 19017372,
        "interestExpense": 11386477,
        "depreciationAndAmortization": 102926292,
        "ebitda": -753203704,
        "ebitdaratio": -0.2565392023,
        "operatingIncome": -728886211,
        "operatingIncomeRatio": -0.248256728,
        "totalOtherIncomeExpensesNet": -135604046,
        "incomeBeforeTax": -864490257,
        "incomeBeforeTaxRatio": -0.2944431098,
        "incomeTaxExpense": 64626141,
        "netIncome": -931024122,
        "netIncomeRatio": -0.3171043693,
        "eps": -1.67,
        "epsdiluted": -1.67,
        "weightedAverageShsOut": 557445126,
        "weightedAverageShsOutDil": 557445126,
        "link": null,
        "finalLink": null
    },
    {
        "date": "2022-03-31",
        "symbol": "SE",
        "reportedCurrency": "USD",
        "cik": "0001703399",
        "fillingDate": "2022-03-31",
        "acceptedDate": "2022-03-30 20:00:00",
        "calendarYear": "2022",
        "period": "Q1",
        "revenue": 2895204153,
        "costOfRevenue": 1726938253,
        "grossProfit": 1168265900,
        "grossProfitRatio": 0.4035176237,
        "researchAndDevelopmentExpenses": 339895334,
        "generalAndAdministrativeExpenses": 0,
        "sellingAndMarketingExpenses": 0,
        "sellingGeneralAndAdministrativeExpenses": 1399196587,
        "otherExpenses": 0,
        "operatingExpenses": 1739091921,
        "costAndExpenses": 3466030175,
        "interestIncome": 10764763,
        "interestExpense": 11599504,
        "depreciationAndAmortization": 89517979,
        "ebitda": -402215338,
        "ebitdaratio": -0.1389246895,
        "operatingIncome": -570826021,
        "operatingIncomeRatio": -0.1971626147,
        "totalOtherIncomeExpensesNet": 73246522,
        "incomeBeforeTax": -497579499,
        "incomeBeforeTaxRatio": -0.171863355,
        "incomeTaxExpense": 81682797,
        "netIncome": -578935789,
        "netIncomeRatio": -0.1999637188,
        "eps": -1.04,
        "epsdiluted": -1.04,
        "weightedAverageShsOut": 556217418,
        "weightedAverageShsOutDil": 556217418,
        "link": "",
        "finalLink": ""
    },
    {
        "date": "2021-12-31",
        "symbol": "SE",
        "reportedCurrency": "USD",
        "cik": "0001703399",
        "fillingDate": "2022-04-22",
        "acceptedDate": "2022-04-22 16:25:14",
        "calendarYear": "2021",
        "period": "Q4",
        "revenue": 3225158092,
        "costOfRevenue": 1913191781,
        "grossProfit": 1311966310,
        "grossProfitRatio": 0.4067913177,
        "researchAndDevelopmentExpenses": 286912805,
        "generalAndAdministrativeExpenses": 0,
        "sellingAndMarketingExpenses": 0,
        "sellingGeneralAndAdministrativeExpenses": 1539908455,
        "otherExpenses": 0,
        "operatingExpenses": 1826821260,
        "costAndExpenses": 3740013042,
        "interestIncome": 10934320,
        "interestExpense": 52341402,
        "depreciationAndAmortization": 83615921,
        "ebitda": -377597398,
        "ebitdaratio": -0.1170787252,
        "operatingIncome": -514854950,
        "operatingIncomeRatio": -0.1596371202,
        "totalOtherIncomeExpensesNet": 3692485,
        "incomeBeforeTax": -511162465,
        "incomeBeforeTaxRatio": -0.1584922197,
        "incomeTaxExpense": 105708774,
        "netIncome": -618191485,
        "netIncomeRatio": -0.191677886,
        "eps": -1.12,
        "epsdiluted": -1.12,
        "weightedAverageShsOut": 553635479,
        "weightedAverageShsOutDil": 553635479,
        "link": "https://www.sec.gov/Archives/edgar/data/1703399/000114036122015578/0001140361-22-015578-index.htm",
        "finalLink": "https://www.sec.gov/Archives/edgar/data/1703399/000114036122015578/brhc10036000_20f.htm"
    },
    {
        "date": "2021-09-30",
        "symbol": "SE",
        "reportedCurrency": "USD",
        "cik": "0001703399",
        "fillingDate": "2021-09-30",
        "acceptedDate": "2021-09-29 20:00:00",
        "calendarYear": "2021",
        "period": "Q3",
        "revenue": 2689467400,
        "costOfRevenue": 1680544544,
        "grossProfit": 1008922855,
        "grossProfitRatio": 0.375138533,
        "researchAndDevelopmentExpenses": 231418199,
        "generalAndAdministrativeExpenses": 0,
        "sellingAndMarketingExpenses": 0,
        "sellingGeneralAndAdministrativeExpenses": 1304732022,
        "otherExpenses": 0,
        "operatingExpenses": 1536150222,
        "costAndExpenses": 3216694766,
        "interestIncome": 10191210,
        "interestExpense": 37055037,
        "depreciationAndAmortization": 76444582,
        "ebitda": -357974653,
        "ebitdaratio": -0.1331024325,
        "operatingIncome": -527227366,
        "operatingIncomeRatio": -0.1960341166,
        "totalOtherIncomeExpensesNet": 57184404,
        "incomeBeforeTax": -470042962,
        "incomeBeforeTaxRatio": -0.1747717641,
        "incomeTaxExpense": 101061922,
        "netIncome": -573143326,
        "netIncomeRatio": -0.213106627,
        "eps": -1.06,
        "epsdiluted": -1.06,
        "weightedAverageShsOut": 538666684,
        "weightedAverageShsOutDil": 538666684,
        "link": "",
        "finalLink": ""
    },
    {
        "date": "2021-06-30",
        "symbol": "SE",
        "reportedCurrency": "USD",
        "cik": "0001703399",
        "fillingDate": "2021-06-30",
        "acceptedDate": "2021-06-29 20:00:00",
        "calendarYear": "2021",
        "period": "Q2",
        "revenue": 2281444027,
        "costOfRevenue": 1350184279,
        "grossProfit": 931259748,
        "grossProfitRatio": 0.4081887335,
        "researchAndDevelopmentExpenses": 172630800,
        "generalAndAdministrativeExpenses": 0,
        "sellingAndMarketingExpenses": 0,
        "sellingGeneralAndAdministrativeExpenses": 1164811474,
        "otherExpenses": 0,
        "operatingExpenses": 1337442275,
        "costAndExpenses": 2687626554,
        "interestIncome": 7453927,
        "interestExpense": 22675905,
        "depreciationAndAmortization": 62182421,
        "ebitda": -274359757,
        "ebitdaratio": -0.1202570625,
        "operatingIncome": -406182526,
        "operatingIncomeRatio": -0.1780374715,
        "totalOtherIncomeExpensesNet": 47563680,
        "incomeBeforeTax": -358618846,
        "incomeBeforeTaxRatio": -0.1571894124,
        "incomeTaxExpense": 75220542,
        "netIncome": -433612299,
        "netIncomeRatio": -0.190060459,
        "eps": -0.83,
        "epsdiluted": -0.83,
        "weightedAverageShsOut": 523247645,
        "weightedAverageShsOutDil": 523247645,
        "link": "https://www.sec.gov/Archives/edgar/data/0001703399/000114036121030692/0001140361-21-030692-index.htm",
        "finalLink": "https://www.sec.gov/Archives/edgar/data/1703399/000114036121030692/brhc10028711_6k.htm"
    },
    {
        "date": "2021-03-31",
        "symbol": "SE",
        "reportedCurrency": "USD",
        "cik": "0001703399",
        "fillingDate": "2021-03-31",
        "acceptedDate": "2021-03-30 20:00:00",
        "calendarYear": "2021",
        "period": "Q1",
        "revenue": 1762571180,
        "costOfRevenue": 1117554780,
        "grossProfit": 645016399,
        "grossProfitRatio": 0.3659519719,
        "researchAndDevelopmentExpenses": 141044151,
        "generalAndAdministrativeExpenses": 0,
        "sellingAndMarketingExpenses": 0,
        "sellingGeneralAndAdministrativeExpenses": 927215634,
        "otherExpenses": 0,
        "operatingExpenses": 1068259785,
        "costAndExpenses": 2185814565,
        "interestIncome": 7513426,
        "interestExpense": 26922613,
        "depreciationAndAmortization": 56874382,
        "ebitda": -287641926,
        "ebitdaratio": -0.163194502,
        "operatingIncome": -423243385,
        "operatingIncomeRatio": -0.240128393,
        "totalOtherIncomeExpensesNet": 52403103,
        "incomeBeforeTax": -370840282,
        "incomeBeforeTaxRatio": -0.2103973367,
        "incomeTaxExpense": 50993961,
        "netIncome": -422432878,
        "netIncomeRatio": -0.2396685494,
        "eps": -0.82,
        "epsdiluted": -0.82,
        "weightedAverageShsOut": 514780897,
        "weightedAverageShsOutDil": 514780897,
        "link": "https://www.sec.gov/Archives/edgar/data/0001703399/000110465921068821/0001104659-21-068821-index.htm",
        "finalLink": "https://www.sec.gov/Archives/edgar/data/1703399/000110465921068821/tm2116820d1_6k.htm"
    },
    {
        "date": "2020-12-31",
        "symbol": "SE",
        "reportedCurrency": "USD",
        "cik": "0001703399",
        "fillingDate": "2021-04-16",
        "acceptedDate": "2021-04-16 16:14:04",
        "calendarYear": "2020",
        "period": "Q4",
        "revenue": 1571630371,
        "costOfRevenue": 1036187526,
        "grossProfit": 535442845,
        "grossProfitRatio": 0.3406926049,
        "researchAndDevelopmentExpenses": 109862134,
        "generalAndAdministrativeExpenses": 0,
        "sellingAndMarketingExpenses": 0,
        "sellingGeneralAndAdministrativeExpenses": 856997285,
        "otherExpenses": 0,
        "operatingExpenses": 966859420,
        "costAndExpenses": 2003046946,
        "interestIncome": 4288863,
        "interestExpense": 35002146,
        "depreciationAndAmortization": 53270198,
        "ebitda": -395074092,
        "ebitdaratio": -0.2513785043,
        "operatingIncome": -431416575,
        "operatingIncomeRatio": -0.2745025694,
        "totalOtherIncomeExpensesNet": -50544387,
        "incomeBeforeTax": -481960962,
        "incomeBeforeTaxRatio": -0.3066630493,
        "incomeTaxExpense": 44309231,
        "netIncome": -525290025,
        "netIncomeRatio": -0.334232549,
        "eps": -1.06,
        "epsdiluted": -1.06,
        "weightedAverageShsOut": 494805090,
        "weightedAverageShsOutDil": 494805090,
        "link": "https://www.sec.gov/Archives/edgar/data/1703399/000114036121013089/0001140361-21-013089-index.htm",
        "finalLink": "https://www.sec.gov/Archives/edgar/data/1703399/000114036121013089/brhc10022673_20f.htm"
    },
    {
        "date": "2020-09-30",
        "symbol": "SE",
        "reportedCurrency": "USD",
        "cik": "0001703399",
        "fillingDate": "2020-09-30",
        "acceptedDate": "2020-09-30 00:00:00",
        "calendarYear": "2020",
        "period": "Q3",
        "revenue": 1220173264,
        "costOfRevenue": 809911948,
        "grossProfit": 410261316,
        "grossProfitRatio": 0.3362320157,
        "researchAndDevelopmentExpenses": 105034796,
        "generalAndAdministrativeExpenses": 0,
        "sellingAndMarketingExpenses": 0,
        "sellingGeneralAndAdministrativeExpenses": 672132104,
        "otherExpenses": 0,
        "operatingExpenses": 777166901,
        "costAndExpenses": 1587078849,
        "interestIncome": 5358188,
        "interestExpense": 45727305,
        "depreciationAndAmortization": 47759652,
        "ebitda": -288797623,
        "ebitdaratio": -0.2366857491,
        "operatingIncome": -366905585,
        "operatingIncomeRatio": -0.3006995775,
        "totalOtherIncomeExpensesNet": -14444864,
        "incomeBeforeTax": -381350449,
        "incomeBeforeTaxRatio": -0.3125379487,
        "incomeTaxExpense": 46722843,
        "netIncome": -422766441,
        "netIncomeRatio": -0.3464806626,
        "eps": -0.86,
        "epsdiluted": -0.86,
        "weightedAverageShsOut": 491139720,
        "weightedAverageShsOutDil": 491139720,
        "link": null,
        "finalLink": null
    },
    {
        "date": "2020-06-30",
        "symbol": "SE",
        "reportedCurrency": "USD",
        "cik": "0001703399",
        "fillingDate": "2020-06-30",
        "acceptedDate": "2020-06-30 00:00:00",
        "calendarYear": "2020",
        "period": "Q2",
        "revenue": 885813901,
        "costOfRevenue": 684127274,
        "grossProfit": 201686627,
        "grossProfitRatio": 0.2276851004,
        "researchAndDevelopmentExpenses": 75669894,
        "generalAndAdministrativeExpenses": 0,
        "sellingAndMarketingExpenses": 0,
        "sellingGeneralAndAdministrativeExpenses": 533171121,
        "otherExpenses": 0,
        "operatingExpenses": 608841016,
        "costAndExpenses": 1292968291,
        "interestIncome": 5940348,
        "interestExpense": 43503636,
        "depreciationAndAmortization": 41888745,
        "ebitda": -281368645,
        "ebitdaratio": -0.3176385522,
        "operatingIncome": -407154389,
        "operatingIncomeRatio": -0.4596387441,
        "totalOtherIncomeExpensesNet": 39873146,
        "incomeBeforeTax": -367281243,
        "incomeBeforeTaxRatio": -0.4146257386,
        "incomeTaxExpense": 27940225,
        "netIncome": -394645009,
        "netIncomeRatio": -0.4455168389,
        "eps": -0.84,
        "epsdiluted": -0.84,
        "weightedAverageShsOut": 466495859,
        "weightedAverageShsOutDil": 466495859,
        "link": null,
        "finalLink": null
    },
    {
        "date": "2020-03-31",
        "symbol": "SE",
        "reportedCurrency": "USD",
        "cik": "0001703399",
        "fillingDate": "2020-05-18",
        "acceptedDate": "2020-05-18 16:12:52",
        "calendarYear": "2020",
        "period": "Q1",
        "revenue": 710666239,
        "costOfRevenue": 505096695,
        "grossProfit": 205569543,
        "grossProfitRatio": 0.2892631333,
        "researchAndDevelopmentExpenses": 64201714,
        "generalAndAdministrativeExpenses": 0,
        "sellingAndMarketingExpenses": 0,
        "sellingGeneralAndAdministrativeExpenses": 432659276,
        "otherExpenses": 0,
        "operatingExpenses": 496860991,
        "costAndExpenses": 1001957687,
        "interestIncome": 9235718,
        "interestExpense": 24462576,
        "depreciationAndAmortization": 37767936,
        "ebitda": -192727414,
        "ebitdaratio": -0.2711925844,
        "operatingIncome": -291291447,
        "operatingIncomeRatio": -0.409885022,
        "totalOtherIncomeExpensesNet": 35269889,
        "incomeBeforeTax": -256021558,
        "incomeBeforeTaxRatio": -0.3602556924,
        "incomeTaxExpense": 23098740,
        "netIncome": -279838003,
        "netIncomeRatio": -0.3937685339,
        "eps": -0.61,
        "epsdiluted": -0.61,
        "weightedAverageShsOut": 462194052,
        "weightedAverageShsOutDil": 462194052,
        "link": "https://www.sec.gov/Archives/edgar/data/1703399/000114036120011859/0001140361-20-011859-index.htm",
        "finalLink": "https://www.sec.gov/Archives/edgar/data/1703399/000114036120011859/nt10012039x3_ex99-1.htm"
    },
    {
        "date": "2019-12-31",
        "symbol": "SE",
        "reportedCurrency": "USD",
        "cik": "0001703399",
        "fillingDate": "2019-12-31",
        "acceptedDate": "2019-12-31 00:00:00",
        "calendarYear": "2019",
        "period": "Q4",
        "revenue": 780452628,
        "costOfRevenue": 514500419,
        "grossProfit": 265952208,
        "grossProfitRatio": 0.340766625,
        "researchAndDevelopmentExpenses": 49672488,
        "generalAndAdministrativeExpenses": 0,
        "sellingAndMarketingExpenses": 0,
        "sellingGeneralAndAdministrativeExpenses": 453320325,
        "otherExpenses": 0,
        "operatingExpenses": 502992814,
        "costAndExpenses": 1017493233,
        "interestIncome": 9435031,
        "interestExpense": 17238312,
        "depreciationAndAmortization": 34471604,
        "ebitda": -194536773,
        "ebitdaratio": -0.2492614747,
        "operatingIncome": -237040605,
        "operatingIncomeRatio": -0.303721964,
        "totalOtherIncomeExpensesNet": -9889912,
        "incomeBeforeTax": -246930517,
        "incomeBeforeTaxRatio": -0.3163939849,
        "incomeTaxExpense": 36160591,
        "netIncome": -284967873,
        "netIncomeRatio": -0.3651315439,
        "eps": -0.62,
        "epsdiluted": -0.62,
        "weightedAverageShsOut": 460325659,
        "weightedAverageShsOutDil": 460325659,
        "link": null,
        "finalLink": null
    },
    {
        "date": "2019-09-30",
        "symbol": "SE",
        "reportedCurrency": "USD",
        "cik": "0001703399",
        "fillingDate": "2019-11-12",
        "acceptedDate": "2019-11-12 16:05:31",
        "calendarYear": "2019",
        "period": "Q3",
        "revenue": 608109905,
        "costOfRevenue": 405616902,
        "grossProfit": 202493000,
        "grossProfitRatio": 0.3329875049,
        "researchAndDevelopmentExpenses": 43454148,
        "generalAndAdministrativeExpenses": 0,
        "sellingAndMarketingExpenses": 0,
        "sellingGeneralAndAdministrativeExpenses": 349849798,
        "otherExpenses": 0,
        "operatingExpenses": 393303947,
        "costAndExpenses": 798920850,
        "interestIncome": 9694683,
        "interestExpense": 10757141,
        "depreciationAndAmortization": 32194681,
        "ebitda": -135181381,
        "ebitdaratio": -0.2222976141,
        "operatingIncome": -190810944,
        "operatingIncomeRatio": -0.3137770696,
        "totalOtherIncomeExpensesNet": 12677739,
        "incomeBeforeTax": -178133204,
        "incomeBeforeTaxRatio": -0.2929292921,
        "incomeTaxExpense": 27279067,
        "netIncome": -206898318,
        "netIncomeRatio": -0.3402317843,
        "eps": -0.45,
        "epsdiluted": -0.45,
        "weightedAverageShsOut": 463244652,
        "weightedAverageShsOutDil": 463244652,
        "link": "https://www.sec.gov/Archives/edgar/data/1703399/000110465919062612/0001104659-19-062612-index.htm",
        "finalLink": "https://www.sec.gov/Archives/edgar/data/1703399/000110465919062612/tm1922572d1_ex99-1.htm"
    },
    {
        "date": "2019-06-30",
        "symbol": "SE",
        "reportedCurrency": "USD",
        "cik": "0001703399",
        "fillingDate": "2019-06-30",
        "acceptedDate": "2019-06-30 00:00:00",
        "calendarYear": "2019",
        "period": "Q2",
        "revenue": 436120585,
        "costOfRevenue": 338683380,
        "grossProfit": 97437204,
        "grossProfitRatio": 0.2234180347,
        "researchAndDevelopmentExpenses": 35056555,
        "generalAndAdministrativeExpenses": 0,
        "sellingAndMarketingExpenses": 0,
        "sellingGeneralAndAdministrativeExpenses": 299320126,
        "otherExpenses": 0,
        "operatingExpenses": 334376681,
        "costAndExpenses": 673060062,
        "interestIncome": 10799246,
        "interestExpense": 10181289,
        "depreciationAndAmortization": 29037974,
        "ebitda": -225580264,
        "ebitdaratio": -0.5172428722,
        "operatingIncome": -236939476,
        "operatingIncomeRatio": -0.5432889071,
        "totalOtherIncomeExpensesNet": -27860057,
        "incomeBeforeTax": -264799533,
        "incomeBeforeTaxRatio": -0.6071704526,
        "incomeTaxExpense": 15276934,
        "netIncome": -281047400,
        "netIncomeRatio": -0.6444258989,
        "eps": -0.63,
        "epsdiluted": -0.63,
        "weightedAverageShsOut": 444968055,
        "weightedAverageShsOutDil": 444968055,
        "link": null,
        "finalLink": null
    },
    {
        "date": "2019-03-31",
        "symbol": "SE",
        "reportedCurrency": "USD",
        "cik": "0001703399",
        "fillingDate": "2019-05-22",
        "acceptedDate": "2019-05-22 06:01:34",
        "calendarYear": "2019",
        "period": "Q1",
        "revenue": 353092260,
        "costOfRevenue": 313498755,
        "grossProfit": 39593504,
        "grossProfitRatio": 0.1121335936,
        "researchAndDevelopmentExpenses": 28608354,
        "generalAndAdministrativeExpenses": 0,
        "sellingAndMarketingExpenses": 0,
        "sellingGeneralAndAdministrativeExpenses": 254489822,
        "otherExpenses": 0,
        "operatingExpenses": 283098176,
        "costAndExpenses": 596596932,
        "interestIncome": 4025981,
        "interestExpense": 10101080,
        "depreciationAndAmortization": 25632017,
        "ebitda": -649049095,
        "ebitdaratio": -1.8381855637,
        "operatingIncome": -243504671,
        "operatingIncomeRatio": -0.6896346892,
        "totalOtherIncomeExpensesNet": -441277520,
        "incomeBeforeTax": -684782192,
        "incomeBeforeTaxRatio": -1.9393860177,
        "incomeTaxExpense": 7230109,
        "netIncome": -692760901,
        "netIncomeRatio": -1.9619826869,
        "eps": -1.86,
        "epsdiluted": -1.86,
        "weightedAverageShsOut": 370724164,
        "weightedAverageShsOutDil": 370724164,
        "link": "https://www.sec.gov/Archives/edgar/data/1703399/000114420419027583/0001144204-19-027583-index.htm",
        "finalLink": "https://www.sec.gov/Archives/edgar/data/1703399/000114420419027583/tv522220_ex99-1.htm"
    },
    {
        "date": "2018-12-31",
        "symbol": "SE",
        "reportedCurrency": "USD",
        "cik": "0001703399",
        "fillingDate": "2018-12-31",
        "acceptedDate": "2018-12-31 00:00:00",
        "calendarYear": "2018",
        "period": "Q4",
        "revenue": 283610985,
        "costOfRevenue": 291580860,
        "grossProfit": -7969874,
        "grossProfitRatio": -0.0281014291,
        "researchAndDevelopmentExpenses": 26678402,
        "generalAndAdministrativeExpenses": 0,
        "sellingAndMarketingExpenses": 0,
        "sellingGeneralAndAdministrativeExpenses": 295049593,
        "otherExpenses": 0,
        "operatingExpenses": 321727996,
        "costAndExpenses": 613308856,
        "interestIncome": 2957034,
        "interestExpense": 9895502,
        "depreciationAndAmortization": 26631338,
        "ebitda": -236911266,
        "ebitdaratio": -0.8353388216,
        "operatingIncome": -329697871,
        "operatingIncomeRatio": -1.1625003559,
        "totalOtherIncomeExpensesNet": 56259766,
        "incomeBeforeTax": -273438104,
        "incomeBeforeTaxRatio": -0.964130864,
        "incomeTaxExpense": 2997089,
        "netIncome": -277000966,
        "netIncomeRatio": -0.9766933604,
        "eps": -0.81,
        "epsdiluted": -0.81,
        "weightedAverageShsOut": 340397564,
        "weightedAverageShsOutDil": 340397564,
        "link": null,
        "finalLink": null
    },
    {
        "date": "2018-09-30",
        "symbol": "SE",
        "reportedCurrency": "USD",
        "cik": "0001703399",
        "fillingDate": "2018-11-21",
        "acceptedDate": "2018-11-21 06:06:09",
        "calendarYear": "2018",
        "period": "Q3",
        "revenue": 205161020,
        "costOfRevenue": 199544449,
        "grossProfit": 5616570,
        "grossProfitRatio": 0.0273763993,
        "researchAndDevelopmentExpenses": 17313255,
        "generalAndAdministrativeExpenses": 0,
        "sellingAndMarketingExpenses": 0,
        "sellingGeneralAndAdministrativeExpenses": 237867284,
        "otherExpenses": 0,
        "operatingExpenses": 255180539,
        "costAndExpenses": 454724989,
        "interestIncome": 3220768,
        "interestExpense": 9869546,
        "depreciationAndAmortization": 19800164,
        "ebitda": -186582289,
        "ebitdaratio": -0.909443173,
        "operatingIncome": -249563968,
        "operatingIncomeRatio": -1.2164297487,
        "totalOtherIncomeExpensesNet": 33311972,
        "incomeBeforeTax": -216251996,
        "incomeBeforeTaxRatio": -1.0540598599,
        "incomeTaxExpense": 2022365,
        "netIncome": -218557693,
        "netIncomeRatio": -1.0652983349,
        "eps": -0.65,
        "epsdiluted": -0.65,
        "weightedAverageShsOut": 335030381,
        "weightedAverageShsOutDil": 335030381,
        "link": "https://www.sec.gov/Archives/edgar/data/1703399/000119312518331795/0001193125-18-331795-index.htm",
        "finalLink": "https://www.sec.gov/Archives/edgar/data/1703399/000119312518331795/d655050dex991.htm"
    },
    {
        "date": "2018-06-30",
        "symbol": "SE",
        "reportedCurrency": "USD",
        "cik": "0001703399",
        "fillingDate": "2018-08-22",
        "acceptedDate": "2018-08-22 06:21:01",
        "calendarYear": "2018",
        "period": "Q2",
        "revenue": 182871854,
        "costOfRevenue": 174332215,
        "grossProfit": 8539638,
        "grossProfitRatio": 0.0466973884,
        "researchAndDevelopmentExpenses": 12818413,
        "generalAndAdministrativeExpenses": 0,
        "sellingAndMarketingExpenses": 0,
        "sellingGeneralAndAdministrativeExpenses": 215853248,
        "otherExpenses": 0,
        "operatingExpenses": 228671662,
        "costAndExpenses": 403003877,
        "interestIncome": 2247849,
        "interestExpense": 2958325,
        "depreciationAndAmortization": 17714128,
        "ebitda": -229046800,
        "ebitdaratio": -1.252498922,
        "operatingIncome": -220132023,
        "operatingIncomeRatio": -1.2037501572,
        "totalOtherIncomeExpensesNet": -29587230,
        "incomeBeforeTax": -249719254,
        "incomeBeforeTaxRatio": -1.3655423103,
        "incomeTaxExpense": -169160,
        "netIncome": -249465513,
        "netIncomeRatio": -1.3641547758,
        "eps": -0.75,
        "epsdiluted": -0.75,
        "weightedAverageShsOut": 335030381,
        "weightedAverageShsOutDil": 335030381,
        "link": "https://www.sec.gov/Archives/edgar/data/1703399/000119312518254429/0001193125-18-254429-index.htm",
        "finalLink": "https://www.sec.gov/Archives/edgar/data/1703399/000119312518254429/d602064dex991.htm"
    },
    {
        "date": "2018-03-31",
        "symbol": "SE",
        "reportedCurrency": "USD",
        "cik": "0001703399",
        "fillingDate": "2018-05-16",
        "acceptedDate": "2018-05-16 06:53:03",
        "calendarYear": "2018",
        "period": "Q1",
        "revenue": 159950593,
        "costOfRevenue": 151155807,
        "grossProfit": 8794786,
        "grossProfitRatio": 0.0549843913,
        "researchAndDevelopmentExpenses": 11050996,
        "generalAndAdministrativeExpenses": 0,
        "sellingAndMarketingExpenses": 0,
        "sellingGeneralAndAdministrativeExpenses": 202858832,
        "otherExpenses": 0,
        "operatingExpenses": 213909829,
        "costAndExpenses": 365065636,
        "interestIncome": 3188819,
        "interestExpense": 8853589,
        "depreciationAndAmortization": 15014582,
        "ebitda": -199920708,
        "ebitdaratio": -1.2498903833,
        "operatingIncome": -205115043,
        "operatingIncomeRatio": -1.282365005,
        "totalOtherIncomeExpensesNet": -18673832,
        "incomeBeforeTax": -223788875,
        "incomeBeforeTaxRatio": -1.3991125059,
        "incomeTaxExpense": -778893,
        "netIncome": -222436387,
        "netIncomeRatio": -1.3906568449,
        "eps": -0.66,
        "epsdiluted": -0.66,
        "weightedAverageShsOut": 335147405,
        "weightedAverageShsOutDil": 335147405,
        "link": "https://www.sec.gov/Archives/edgar/data/1703399/000119312518164611/0001193125-18-164611-index.htm",
        "finalLink": "https://www.sec.gov/Archives/edgar/data/1703399/000119312518164611/d527106dex991.htm"
    },
    {
        "date": "2017-12-31",
        "symbol": "SE",
        "reportedCurrency": "USD",
        "cik": "0001703399",
        "fillingDate": "2017-12-31",
        "acceptedDate": "2017-12-31 00:00:00",
        "calendarYear": "2017",
        "period": "Q4",
        "revenue": 125128092,
        "costOfRevenue": 101484061,
        "grossProfit": 23644031,
        "grossProfitRatio": 0.1889586153,
        "researchAndDevelopmentExpenses": 8707470,
        "generalAndAdministrativeExpenses": 0,
        "sellingAndMarketingExpenses": 0,
        "sellingGeneralAndAdministrativeExpenses": 209047585,
        "otherExpenses": 0,
        "operatingExpenses": 217755056,
        "costAndExpenses": 319239117,
        "interestIncome": 763196,
        "interestExpense": 9081035,
        "depreciationAndAmortization": 0,
        "ebitda": -246399030,
        "ebitdaratio": -1.9691743561,
        "operatingIncome": -194111024,
        "operatingIncomeRatio": -1.5512985206,
        "totalOtherIncomeExpensesNet": -61369041,
        "incomeBeforeTax": -255480065,
        "incomeBeforeTaxRatio": -2.041748267,
        "incomeTaxExpense": 8766718,
        "netIncome": -263764765,
        "netIncomeRatio": -2.1079580195,
        "eps": -0.9,
        "epsdiluted": -0.9,
        "weightedAverageShsOut": 293324598,
        "weightedAverageShsOutDil": 293324598,
        "link": null,
        "finalLink": null
    },
    {
        "date": "2017-09-30",
        "symbol": "SE",
        "reportedCurrency": "USD",
        "cik": "0001703399",
        "fillingDate": "2017-11-22",
        "acceptedDate": "2017-11-22 11:27:07",
        "calendarYear": "2017",
        "period": "Q3",
        "revenue": 94303650,
        "costOfRevenue": 83460544,
        "grossProfit": 10843105,
        "grossProfitRatio": 0.1149807563,
        "researchAndDevelopmentExpenses": 7678069,
        "generalAndAdministrativeExpenses": 0,
        "sellingAndMarketingExpenses": 0,
        "sellingGeneralAndAdministrativeExpenses": 165200264,
        "otherExpenses": 0,
        "operatingExpenses": 172878333,
        "costAndExpenses": 256338878,
        "interestIncome": 36071191,
        "interestExpense": 8479851,
        "depreciationAndAmortization": 0,
        "ebitda": -126734746,
        "ebitdaratio": -1.3439007504,
        "operatingIncome": -162035227,
        "operatingIncomeRatio": -1.7182285839,
        "totalOtherIncomeExpensesNet": 26756484,
        "incomeBeforeTax": -135278743,
        "incomeBeforeTaxRatio": -1.4345016656,
        "incomeTaxExpense": -2151783,
        "netIncome": -132976626,
        "netIncomeRatio": -1.410089917,
        "eps": -0.4,
        "epsdiluted": -0.4,
        "weightedAverageShsOut": 334966213,
        "weightedAverageShsOutDil": 334966213,
        "link": "https://www.sec.gov/Archives/edgar/data/1703399/000119312517350300/0001193125-17-350300-index.htm",
        "finalLink": "https://www.sec.gov/Archives/edgar/data/1703399/000119312517350300/d447208dex991.htm"
    },
    {
        "date": "2017-06-30",
        "symbol": "SE",
        "reportedCurrency": "USD",
        "cik": "0001703399",
        "fillingDate": "2017-06-30",
        "acceptedDate": "2017-06-29 20:00:00",
        "calendarYear": "2017",
        "period": "Q2",
        "revenue": 101982532,
        "costOfRevenue": 76030701,
        "grossProfit": 25951831,
        "grossProfitRatio": 0.2544732955,
        "researchAndDevelopmentExpenses": 6767903,
        "generalAndAdministrativeExpenses": 0,
        "sellingAndMarketingExpenses": 0,
        "sellingGeneralAndAdministrativeExpenses": 102167322,
        "otherExpenses": 0,
        "operatingExpenses": 108935225,
        "costAndExpenses": 184965926,
        "interestIncome": 330411,
        "interestExpense": 6775937,
        "depreciationAndAmortization": 9057682,
        "ebitda": -75431135,
        "ebitdaratio": -0.7396475996,
        "operatingIncome": -82983393,
        "operatingIncomeRatio": -0.8137020269,
        "totalOtherIncomeExpensesNet": -7291137,
        "incomeBeforeTax": -90274531,
        "incomeBeforeTaxRatio": -0.8851960157,
        "incomeTaxExpense": 2239564,
        "netIncome": -92452834,
        "netIncomeRatio": -0.9065555854,
        "eps": -0.28,
        "epsdiluted": -0.28,
        "weightedAverageShsOut": 324547250,
        "weightedAverageShsOutDil": 324547250,
        "link": "",
        "finalLink": ""
    },
    {
        "date": "2017-03-31",
        "symbol": "SE",
        "reportedCurrency": "USD",
        "cik": "0001703399",
        "fillingDate": "2017-03-31",
        "acceptedDate": "2017-03-31 00:00:00",
        "calendarYear": "2017",
        "period": "Q1",
        "revenue": 92703453,
        "costOfRevenue": 67928259,
        "grossProfit": 24775194,
        "grossProfitRatio": 0.2672521163,
        "researchAndDevelopmentExpenses": 6067736,
        "generalAndAdministrativeExpenses": 0,
        "sellingAndMarketingExpenses": 0,
        "sellingGeneralAndAdministrativeExpenses": 86056474,
        "otherExpenses": 0,
        "operatingExpenses": 92124211,
        "costAndExpenses": -160052471,
        "interestIncome": 142096,
        "interestExpense": 2220264,
        "depreciationAndAmortization": 8701464,
        "ebitda": -59282060,
        "ebitdaratio": -0.6394806027,
        "operatingIncome": -67349017,
        "operatingIncomeRatio": -0.7264995512,
        "totalOtherIncomeExpensesNet": -2854767,
        "incomeBeforeTax": -70203784,
        "incomeBeforeTaxRatio": -0.7572941647,
        "incomeTaxExpense": 1906467,
        "netIncome": -72120119,
        "netIncomeRatio": -0.7779658326,
        "eps": -0.22,
        "epsdiluted": -0.22,
        "weightedAverageShsOut": 324547250,
        "weightedAverageShsOutDil": 324547250,
        "link": "",
        "finalLink": ""
    },
    {
        "date": "2016-12-31",
        "symbol": "SE",
        "reportedCurrency": "USD",
        "cik": "0001703399",
        "fillingDate": "2016-12-31",
        "acceptedDate": "2016-12-30 19:00:00",
        "calendarYear": "2016",
        "period": "Q4",
        "revenue": 87722631,
        "costOfRevenue": 62649672,
        "grossProfit": 25072958,
        "grossProfitRatio": 0.2858208619,
        "researchAndDevelopmentExpenses": 5737705,
        "generalAndAdministrativeExpenses": 0,
        "sellingAndMarketingExpenses": 0,
        "sellingGeneralAndAdministrativeExpenses": 102206717,
        "otherExpenses": 0,
        "operatingExpenses": 107944423,
        "costAndExpenses": 170594095,
        "interestIncome": 268738,
        "interestExpense": 8924,
        "depreciationAndAmortization": 0,
        "ebitda": -72662395,
        "ebitdaratio": -0.8283198323,
        "operatingIncome": -82871464,
        "operatingIncomeRatio": -0.9446987973,
        "totalOtherIncomeExpensesNet": 10200144,
        "incomeBeforeTax": -72671319,
        "incomeBeforeTaxRatio": -0.828421562,
        "incomeTaxExpense": -1038260,
        "netIncome": -71637025,
        "netIncomeRatio": -0.8166310584,
        "eps": -0.42,
        "epsdiluted": -0.42,
        "weightedAverageShsOut": 324547250,
        "weightedAverageShsOutDil": 324547250,
        "link": "",
        "finalLink": ""
    },
    {
        "date": "2016-09-30",
        "symbol": "SE",
        "reportedCurrency": "USD",
        "cik": "0001703399",
        "fillingDate": "2016-09-30",
        "acceptedDate": "2016-09-29 20:00:00",
        "calendarYear": "2016",
        "period": "Q3",
        "revenue": 90266946,
        "costOfRevenue": 58582822,
        "grossProfit": 31684123,
        "grossProfitRatio": 0.3510047077,
        "researchAndDevelopmentExpenses": 5575185,
        "generalAndAdministrativeExpenses": 0,
        "sellingAndMarketingExpenses": 0,
        "sellingGeneralAndAdministrativeExpenses": 79239227,
        "otherExpenses": 0,
        "operatingExpenses": 84814413,
        "costAndExpenses": 143397235,
        "interestIncome": 183479,
        "interestExpense": 4985,
        "depreciationAndAmortization": 0,
        "ebitda": -56620389,
        "ebitdaratio": -0.6272549533,
        "operatingIncome": -53130289,
        "operatingIncomeRatio": -0.5885907451,
        "totalOtherIncomeExpensesNet": -3495085,
        "incomeBeforeTax": -56625374,
        "incomeBeforeTaxRatio": -0.6273101784,
        "incomeTaxExpense": 3512037,
        "netIncome": -64744344,
        "netIncomeRatio": -0.7172541763,
        "eps": -0.19,
        "epsdiluted": -0.19,
        "weightedAverageShsOut": 334966213,
        "weightedAverageShsOutDil": 334966213,
        "link": "",
        "finalLink": ""
    },
    {
        "date": "2016-06-30",
        "symbol": "SE",
        "reportedCurrency": "USD",
        "cik": "0001703399",
        "fillingDate": "2016-06-30",
        "acceptedDate": "2016-06-29 20:00:00",
        "calendarYear": "2016",
        "period": "Q2",
        "revenue": 90126000,
        "costOfRevenue": 55782000,
        "grossProfit": 34344000,
        "grossProfitRatio": 0.3810665069,
        "researchAndDevelopmentExpenses": 4863000,
        "generalAndAdministrativeExpenses": 20702000,
        "sellingAndMarketingExpenses": 46479000,
        "sellingGeneralAndAdministrativeExpenses": 67181000,
        "otherExpenses": 0,
        "operatingExpenses": 79224000,
        "costAndExpenses": 135006000,
        "interestIncome": 183000,
        "interestExpense": 0,
        "depreciationAndAmortization": 9534000,
        "ebitda": -27307000,
        "ebitdaratio": -0.3029869294,
        "operatingIncome": -36841000,
        "operatingIncomeRatio": -0.4087721634,
        "totalOtherIncomeExpensesNet": -7856000,
        "incomeBeforeTax": -44697000,
        "incomeBeforeTaxRatio": -0.4959390187,
        "incomeTaxExpense": 4241000,
        "netIncome": -48449000,
        "netIncomeRatio": -0.5375696247,
        "eps": -0.19,
        "epsdiluted": -0.19,
        "weightedAverageShsOut": 261324809,
        "weightedAverageShsOutDil": 261324809,
        "link": null,
        "finalLink": null
    },
    {
        "date": "2016-03-31",
        "symbol": "SE",
        "reportedCurrency": "USD",
        "cik": "0001703399",
        "fillingDate": "2016-03-31",
        "acceptedDate": "2016-03-30 20:00:00",
        "calendarYear": "2016",
        "period": "Q1",
        "revenue": 76560000,
        "costOfRevenue": 54890000,
        "grossProfit": 21670000,
        "grossProfitRatio": 0.283045977,
        "researchAndDevelopmentExpenses": 4569000,
        "generalAndAdministrativeExpenses": 22443000,
        "sellingAndMarketingExpenses": 27600000,
        "sellingGeneralAndAdministrativeExpenses": 50043000,
        "otherExpenses": 0,
        "operatingExpenses": 58123000,
        "costAndExpenses": 113013000,
        "interestIncome": 94000,
        "interestExpense": 0,
        "depreciationAndAmortization": 9161000,
        "ebitda": -23319000,
        "ebitdaratio": -0.3045846395,
        "operatingIncome": -32480000,
        "operatingIncomeRatio": -0.4242424242,
        "totalOtherIncomeExpensesNet": -3879000,
        "incomeBeforeTax": -36359000,
        "incomeBeforeTaxRatio": -0.4749085684,
        "incomeTaxExpense": 1830000,
        "netIncome": -37250000,
        "netIncomeRatio": -0.4865464995,
        "eps": -0.14,
        "epsdiluted": -0.14,
        "weightedAverageShsOut": 261324809,
        "weightedAverageShsOutDil": 261324809,
        "link": null,
        "finalLink": null
    }
]