[
    {
        "date": "2025-06-30",
        "symbol": "SEE",
        "reportedCurrency": "USD",
        "cik": "0001012100",
        "fillingDate": "2025-08-05",
        "acceptedDate": "2025-08-05 16:38:12",
        "calendarYear": "2025",
        "period": "Q2",
        "revenue": 1335000000,
        "costOfRevenue": 928800000,
        "grossProfit": 406200000,
        "grossProfitRatio": 0.3042696629,
        "researchAndDevelopmentExpenses": 0,
        "generalAndAdministrativeExpenses": 185000000,
        "sellingAndMarketingExpenses": 0,
        "sellingGeneralAndAdministrativeExpenses": 180300000,
        "otherExpenses": 3900000,
        "operatingExpenses": 184200000,
        "costAndExpenses": 1136700000,
        "interestIncome": 11200000,
        "interestExpense": 68000000,
        "depreciationAndAmortization": -59300000,
        "ebitda": 198300000,
        "ebitdaratio": 0.1485393258,
        "operatingIncome": 198300000,
        "operatingIncomeRatio": 0.1485393258,
        "totalOtherIncomeExpensesNet": -67000000,
        "incomeBeforeTax": 131300000,
        "incomeBeforeTaxRatio": 0.0983520599,
        "incomeTaxExpense": 37100000,
        "netIncome": 94200000,
        "netIncomeRatio": 0.0705617978,
        "eps": 0.63,
        "epsdiluted": 0.63,
        "weightedAverageShsOut": 146700000,
        "weightedAverageShsOutDil": 147100000,
        "link": "https://www.sec.gov/Archives/edgar/data/1012100/000162828025037855/0001628280-25-037855-index.htm",
        "finalLink": "https://www.sec.gov/Archives/edgar/data/1012100/000162828025037855/see-20250630.htm"
    },
    {
        "date": "2025-03-31",
        "symbol": "SEE",
        "reportedCurrency": "USD",
        "cik": "0001012100",
        "fillingDate": "2025-05-07",
        "acceptedDate": "2025-05-07 16:04:38",
        "calendarYear": "2025",
        "period": "Q1",
        "revenue": 1272500000,
        "costOfRevenue": 880800000,
        "grossProfit": 391700000,
        "grossProfitRatio": 0.3078192534,
        "researchAndDevelopmentExpenses": 0,
        "generalAndAdministrativeExpenses": 0,
        "sellingAndMarketingExpenses": 0,
        "sellingGeneralAndAdministrativeExpenses": 190500000,
        "otherExpenses": 17800000,
        "operatingExpenses": 208300000,
        "costAndExpenses": 1089100000,
        "interestIncome": 10700000,
        "interestExpense": 66700000,
        "depreciationAndAmortization": 59300000,
        "ebitda": 243200000,
        "ebitdaratio": 0.1911198428,
        "operatingIncome": 183400000,
        "operatingIncomeRatio": 0.1441257367,
        "totalOtherIncomeExpensesNet": -56300000,
        "incomeBeforeTax": 127100000,
        "incomeBeforeTaxRatio": 0.0998821218,
        "incomeTaxExpense": 10200000,
        "netIncome": 113500000,
        "netIncomeRatio": 0.089194499,
        "eps": 0.78,
        "epsdiluted": 0.77,
        "weightedAverageShsOut": 146200000,
        "weightedAverageShsOutDil": 146800000,
        "link": "https://www.sec.gov/Archives/edgar/data/1012100/000162828025023139/0001628280-25-023139-index.htm",
        "finalLink": "https://www.sec.gov/Archives/edgar/data/1012100/000162828025023139/see-20250331.htm"
    },
    {
        "date": "2024-12-31",
        "symbol": "SEE",
        "reportedCurrency": "USD",
        "cik": "0001012100",
        "fillingDate": "2025-02-26",
        "acceptedDate": "2025-02-26 15:25:42",
        "calendarYear": "2024",
        "period": "Q4",
        "revenue": 1372800000,
        "costOfRevenue": 966000000,
        "grossProfit": 406800000,
        "grossProfitRatio": 0.2963286713,
        "researchAndDevelopmentExpenses": 93400000,
        "generalAndAdministrativeExpenses": 0,
        "sellingAndMarketingExpenses": 17600000,
        "sellingGeneralAndAdministrativeExpenses": 188800000,
        "otherExpenses": -34400000,
        "operatingExpenses": 247800000,
        "costAndExpenses": 1213800000,
        "interestIncome": 39100000,
        "interestExpense": 99100000,
        "depreciationAndAmortization": 59500000,
        "ebitda": 236500000,
        "ebitdaratio": 0.172275641,
        "operatingIncome": 159000000,
        "operatingIncomeRatio": 0.1158216783,
        "totalOtherIncomeExpensesNet": -74600000,
        "incomeBeforeTax": 84400000,
        "incomeBeforeTaxRatio": 0.0614801865,
        "incomeTaxExpense": 84800000,
        "netIncome": -7300000,
        "netIncomeRatio": -0.0053175991,
        "eps": -0.05,
        "epsdiluted": -0.05,
        "weightedAverageShsOut": 145800000,
        "weightedAverageShsOutDil": 146400000,
        "link": "https://www.sec.gov/Archives/edgar/data/1012100/000162828025008091/0001628280-25-008091-index.htm",
        "finalLink": "https://www.sec.gov/Archives/edgar/data/1012100/000162828025008091/see-20241231.htm"
    },
    {
        "date": "2024-09-30",
        "symbol": "SEE",
        "reportedCurrency": "USD",
        "cik": "0001012100",
        "fillingDate": "2024-11-07",
        "acceptedDate": "2024-11-07 15:15:18",
        "calendarYear": "2024",
        "period": "Q3",
        "revenue": 1345100000,
        "costOfRevenue": 943600000,
        "grossProfit": 401500000,
        "grossProfitRatio": 0.2984908185,
        "researchAndDevelopmentExpenses": 0,
        "generalAndAdministrativeExpenses": 0,
        "sellingAndMarketingExpenses": 0,
        "sellingGeneralAndAdministrativeExpenses": 187100000,
        "otherExpenses": 28100000,
        "operatingExpenses": 215200000,
        "costAndExpenses": 1158800000,
        "interestIncome": 0,
        "interestExpense": 60500000,
        "depreciationAndAmortization": 62300000,
        "ebitda": 254600000,
        "ebitdaratio": 0.1892796075,
        "operatingIncome": 186300000,
        "operatingIncomeRatio": 0.1385027136,
        "totalOtherIncomeExpensesNet": -66900000,
        "incomeBeforeTax": 119400000,
        "incomeBeforeTaxRatio": 0.0887666345,
        "incomeTaxExpense": 30700000,
        "netIncome": 91700000,
        "netIncomeRatio": 0.06817337,
        "eps": 0.63,
        "epsdiluted": 0.63,
        "weightedAverageShsOut": 145800000,
        "weightedAverageShsOutDil": 146100000,
        "link": "https://www.sec.gov/Archives/edgar/data/1012100/000162828024046171/0001628280-24-046171-index.htm",
        "finalLink": "https://www.sec.gov/Archives/edgar/data/1012100/000162828024046171/see-20240930.htm"
    },
    {
        "date": "2024-06-30",
        "symbol": "SEE",
        "reportedCurrency": "USD",
        "cik": "0001012100",
        "fillingDate": "2024-08-08",
        "acceptedDate": "2024-08-08 16:24:54",
        "calendarYear": "2024",
        "period": "Q2",
        "revenue": 1345100000,
        "costOfRevenue": 946400000,
        "grossProfit": 398700000,
        "grossProfitRatio": 0.2964091889,
        "researchAndDevelopmentExpenses": 0,
        "generalAndAdministrativeExpenses": 193000000,
        "sellingAndMarketingExpenses": 0,
        "sellingGeneralAndAdministrativeExpenses": 191700000,
        "otherExpenses": 18700000,
        "operatingExpenses": 210400000,
        "costAndExpenses": 1139500000,
        "interestIncome": 0,
        "interestExpense": 63300000,
        "depreciationAndAmortization": 60500000,
        "ebitda": 270400000,
        "ebitdaratio": 0.201025946,
        "operatingIncome": 205600000,
        "operatingIncomeRatio": 0.1528510891,
        "totalOtherIncomeExpensesNet": -70100000,
        "incomeBeforeTax": 135500000,
        "incomeBeforeTaxRatio": 0.1007360048,
        "incomeTaxExpense": 37700000,
        "netIncome": 98300000,
        "netIncomeRatio": 0.0730800684,
        "eps": 0.67,
        "epsdiluted": 0.67,
        "weightedAverageShsOut": 145700000,
        "weightedAverageShsOutDil": 146000000,
        "link": "https://www.sec.gov/Archives/edgar/data/1012100/000162828024036175/0001628280-24-036175-index.htm",
        "finalLink": "https://www.sec.gov/Archives/edgar/data/1012100/000162828024036175/see-20240630.htm"
    },
    {
        "date": "2024-03-31",
        "symbol": "SEE",
        "reportedCurrency": "USD",
        "cik": "0001012100",
        "fillingDate": "2024-05-02",
        "acceptedDate": "2024-05-02 16:35:48",
        "calendarYear": "2024",
        "period": "Q1",
        "revenue": 1329600000,
        "costOfRevenue": 943400000,
        "grossProfit": 386200000,
        "grossProfitRatio": 0.2904632972,
        "researchAndDevelopmentExpenses": 0,
        "generalAndAdministrativeExpenses": 187300000,
        "sellingAndMarketingExpenses": -7200000,
        "sellingGeneralAndAdministrativeExpenses": 180100000,
        "otherExpenses": 0,
        "operatingExpenses": 180100000,
        "costAndExpenses": 1144600000,
        "interestIncome": 8800000,
        "interestExpense": 65100000,
        "depreciationAndAmortization": 59700000,
        "ebitda": 253700000,
        "ebitdaratio": 0.1908092659,
        "operatingIncome": 185000000,
        "operatingIncomeRatio": 0.1391395909,
        "totalOtherIncomeExpensesNet": -65900000,
        "incomeBeforeTax": 119100000,
        "incomeBeforeTaxRatio": 0.0895758123,
        "incomeTaxExpense": 35700000,
        "netIncome": 82000000,
        "netIncomeRatio": 0.0616726835,
        "eps": 0.57,
        "epsdiluted": 0.56,
        "weightedAverageShsOut": 144900000,
        "weightedAverageShsOutDil": 145400000,
        "link": "https://www.sec.gov/Archives/edgar/data/1012100/000162828024020037/0001628280-24-020037-index.htm",
        "finalLink": "https://www.sec.gov/Archives/edgar/data/1012100/000162828024020037/see-20240331.htm"
    },
    {
        "date": "2023-12-31",
        "symbol": "SEE",
        "reportedCurrency": "USD",
        "cik": "0001012100",
        "fillingDate": "2024-02-27",
        "acceptedDate": "2024-02-27 16:43:38",
        "calendarYear": "2023",
        "period": "Q4",
        "revenue": 1377500000,
        "costOfRevenue": 990600000,
        "grossProfit": 386900000,
        "grossProfitRatio": 0.2808711434,
        "researchAndDevelopmentExpenses": 96900000,
        "generalAndAdministrativeExpenses": 0,
        "sellingAndMarketingExpenses": 0,
        "sellingGeneralAndAdministrativeExpenses": 177000000,
        "otherExpenses": -80200000,
        "operatingExpenses": 193700000,
        "costAndExpenses": 1167600000,
        "interestIncome": 5000000,
        "interestExpense": 73000000,
        "depreciationAndAmortization": 52500000,
        "ebitda": 241400000,
        "ebitdaratio": 0.1752450091,
        "operatingIncome": 211200000,
        "operatingIncomeRatio": 0.1533212341,
        "totalOtherIncomeExpensesNet": -95300000,
        "incomeBeforeTax": 115900000,
        "incomeBeforeTaxRatio": 0.084137931,
        "incomeTaxExpense": -9000000,
        "netIncome": 124000000,
        "netIncomeRatio": 0.0900181488,
        "eps": 0.86,
        "epsdiluted": 0.86,
        "weightedAverageShsOut": 144500000,
        "weightedAverageShsOutDil": 144900000,
        "link": "https://www.sec.gov/Archives/edgar/data/1012100/000162828024007271/0001628280-24-007271-index.htm",
        "finalLink": "https://www.sec.gov/Archives/edgar/data/1012100/000162828024007271/see-20231231.htm"
    },
    {
        "date": "2023-09-30",
        "symbol": "SEE",
        "reportedCurrency": "USD",
        "cik": "0001012100",
        "fillingDate": "2023-11-02",
        "acceptedDate": "2023-11-02 16:56:29",
        "calendarYear": "2023",
        "period": "Q3",
        "revenue": 1381800000,
        "costOfRevenue": 968500000,
        "grossProfit": 413300000,
        "grossProfitRatio": 0.2991026198,
        "researchAndDevelopmentExpenses": 0,
        "generalAndAdministrativeExpenses": 0,
        "sellingAndMarketingExpenses": 0,
        "sellingGeneralAndAdministrativeExpenses": 181800000,
        "otherExpenses": 73900000,
        "operatingExpenses": 255700000,
        "costAndExpenses": 1224200000,
        "interestIncome": 3400000,
        "interestExpense": 74700000,
        "depreciationAndAmortization": 59900000,
        "ebitda": 212500000,
        "ebitdaratio": 0.1537849182,
        "operatingIncome": 157600000,
        "operatingIncomeRatio": 0.1140541323,
        "totalOtherIncomeExpensesNet": -79700000,
        "incomeBeforeTax": 77900000,
        "incomeBeforeTaxRatio": 0.0563757418,
        "incomeTaxExpense": 20300000,
        "netIncome": 56600000,
        "netIncomeRatio": 0.0409610653,
        "eps": 0.39,
        "epsdiluted": 0.39,
        "weightedAverageShsOut": 144500000,
        "weightedAverageShsOutDil": 144900000,
        "link": "https://www.sec.gov/Archives/edgar/data/1012100/000162828023036460/0001628280-23-036460-index.htm",
        "finalLink": "https://www.sec.gov/Archives/edgar/data/1012100/000162828023036460/see-20230930.htm"
    },
    {
        "date": "2023-06-30",
        "symbol": "SEE",
        "reportedCurrency": "USD",
        "cik": "0001012100",
        "fillingDate": "2023-08-08",
        "acceptedDate": "2023-08-08 16:29:11",
        "calendarYear": "2023",
        "period": "Q2",
        "revenue": 1380800000,
        "costOfRevenue": 962800000,
        "grossProfit": 418000000,
        "grossProfitRatio": 0.3027230591,
        "researchAndDevelopmentExpenses": 0,
        "generalAndAdministrativeExpenses": 187600000,
        "sellingAndMarketingExpenses": -1900000,
        "sellingGeneralAndAdministrativeExpenses": 185700000,
        "otherExpenses": -8400000,
        "operatingExpenses": 201100000,
        "costAndExpenses": 1163900000,
        "interestIncome": 3100000,
        "interestExpense": 73300000,
        "depreciationAndAmortization": 58900000,
        "ebitda": 278700000,
        "ebitdaratio": 0.2018395133,
        "operatingIncome": 216300000,
        "operatingIncomeRatio": 0.1566483198,
        "totalOtherIncomeExpensesNet": -77100000,
        "incomeBeforeTax": 139200000,
        "incomeBeforeTaxRatio": 0.100811124,
        "incomeTaxExpense": 45300000,
        "netIncome": 99100000,
        "netIncomeRatio": 0.0717699884,
        "eps": 0.65,
        "epsdiluted": 0.65,
        "weightedAverageShsOut": 144500000,
        "weightedAverageShsOutDil": 144800000,
        "link": "https://www.sec.gov/Archives/edgar/data/1012100/000162828023028223/0001628280-23-028223-index.htm",
        "finalLink": "https://www.sec.gov/Archives/edgar/data/1012100/000162828023028223/see-20230630.htm"
    },
    {
        "date": "2023-03-31",
        "symbol": "SEE",
        "reportedCurrency": "USD",
        "cik": "0001012100",
        "fillingDate": "2023-05-02",
        "acceptedDate": "2023-05-02 07:09:18",
        "calendarYear": "2023",
        "period": "Q1",
        "revenue": 1348800000,
        "costOfRevenue": 943700000,
        "grossProfit": 405100000,
        "grossProfitRatio": 0.3003410439,
        "researchAndDevelopmentExpenses": 0,
        "generalAndAdministrativeExpenses": 223700000,
        "sellingAndMarketingExpenses": -2100000,
        "sellingGeneralAndAdministrativeExpenses": 221600000,
        "otherExpenses": 15200000,
        "operatingExpenses": 236800000,
        "costAndExpenses": 1180500000,
        "interestIncome": 3000000,
        "interestExpense": 59700000,
        "depreciationAndAmortization": 55900000,
        "ebitda": 234000000,
        "ebitdaratio": 0.1734875445,
        "operatingIncome": 169500000,
        "operatingIncomeRatio": 0.1256672598,
        "totalOtherIncomeExpensesNet": -72800000,
        "incomeBeforeTax": 96700000,
        "incomeBeforeTaxRatio": 0.0716933571,
        "incomeTaxExpense": 33800000,
        "netIncome": 61900000,
        "netIncomeRatio": 0.0458926453,
        "eps": 0.44,
        "epsdiluted": 0.43,
        "weightedAverageShsOut": 144100000,
        "weightedAverageShsOutDil": 144800000,
        "link": "https://www.sec.gov/Archives/edgar/data/1012100/000162828023015755/0001628280-23-015755-index.htm",
        "finalLink": "https://www.sec.gov/Archives/edgar/data/1012100/000162828023015755/see-20230331.htm"
    },
    {
        "date": "2022-12-31",
        "symbol": "SEE",
        "reportedCurrency": "USD",
        "cik": "0001012100",
        "fillingDate": "2023-02-21",
        "acceptedDate": "2023-02-21 15:55:52",
        "calendarYear": "2022",
        "period": "Q4",
        "revenue": 1405900000,
        "costOfRevenue": 981900000,
        "grossProfit": 424000000,
        "grossProfitRatio": 0.3015861726,
        "researchAndDevelopmentExpenses": 102500000,
        "generalAndAdministrativeExpenses": 0,
        "sellingAndMarketingExpenses": 0,
        "sellingGeneralAndAdministrativeExpenses": 180600000,
        "otherExpenses": 9100000,
        "operatingExpenses": 189700000,
        "costAndExpenses": 1171600000,
        "interestIncome": 2300000,
        "interestExpense": 46400000,
        "depreciationAndAmortization": 57800000,
        "ebitda": 283400000,
        "ebitdaratio": 0.2015790597,
        "operatingIncome": 228000000,
        "operatingIncomeRatio": 0.1621736966,
        "totalOtherIncomeExpensesNet": -48800000,
        "incomeBeforeTax": 179200000,
        "incomeBeforeTaxRatio": 0.1274628352,
        "incomeTaxExpense": 84500000,
        "netIncome": 94300000,
        "netIncomeRatio": 0.0670744719,
        "eps": 0.65,
        "epsdiluted": 0.65,
        "weightedAverageShsOut": 144700000,
        "weightedAverageShsOutDil": 146100000,
        "link": "https://www.sec.gov/Archives/edgar/data/1012100/000162828023004277/0001628280-23-004277-index.htm",
        "finalLink": "https://www.sec.gov/Archives/edgar/data/1012100/000162828023004277/see-20221231.htm"
    },
    {
        "date": "2022-09-30",
        "symbol": "SEE",
        "reportedCurrency": "USD",
        "cik": "0001012100",
        "fillingDate": "2022-11-01",
        "acceptedDate": "2022-11-01 16:00:14",
        "calendarYear": "2022",
        "period": "Q3",
        "revenue": 1400400000,
        "costOfRevenue": 966800000,
        "grossProfit": 433600000,
        "grossProfitRatio": 0.3096258212,
        "researchAndDevelopmentExpenses": 0,
        "generalAndAdministrativeExpenses": 0,
        "sellingAndMarketingExpenses": 0,
        "sellingGeneralAndAdministrativeExpenses": 196000000,
        "otherExpenses": 700000,
        "operatingExpenses": 204700000,
        "costAndExpenses": 1171500000,
        "interestIncome": 1800000,
        "interestExpense": 44100000,
        "depreciationAndAmortization": 46900000,
        "ebitda": 276500000,
        "ebitdaratio": 0.1974435875,
        "operatingIncome": 228000000,
        "operatingIncomeRatio": 0.1628106255,
        "totalOtherIncomeExpensesNet": -44000000,
        "incomeBeforeTax": 184000000,
        "incomeBeforeTaxRatio": 0.1313910311,
        "incomeTaxExpense": 51400000,
        "netIncome": 134200000,
        "netIncomeRatio": 0.0958297629,
        "eps": 0.92,
        "epsdiluted": 0.92,
        "weightedAverageShsOut": 145200000,
        "weightedAverageShsOutDil": 146600000,
        "link": "https://www.sec.gov/Archives/edgar/data/1012100/000162828022027548/0001628280-22-027548-index.htm",
        "finalLink": "https://www.sec.gov/Archives/edgar/data/1012100/000162828022027548/see-20220930.htm"
    },
    {
        "date": "2022-06-30",
        "symbol": "SEE",
        "reportedCurrency": "USD",
        "cik": "0001012100",
        "fillingDate": "2022-08-03",
        "acceptedDate": "2022-08-03 13:47:28",
        "calendarYear": "2022",
        "period": "Q2",
        "revenue": 1418000000,
        "costOfRevenue": 979700000,
        "grossProfit": 438300000,
        "grossProfitRatio": 0.3090973202,
        "researchAndDevelopmentExpenses": 0,
        "generalAndAdministrativeExpenses": 0,
        "sellingAndMarketingExpenses": 0,
        "sellingGeneralAndAdministrativeExpenses": 199200000,
        "otherExpenses": 8900000,
        "operatingExpenses": 208100000,
        "costAndExpenses": 1187800000,
        "interestIncome": 1700000,
        "interestExpense": 42700000,
        "depreciationAndAmortization": 45600000,
        "ebitda": 276900000,
        "ebitdaratio": 0.1952750353,
        "operatingIncome": 226700000,
        "operatingIncomeRatio": 0.1598730606,
        "totalOtherIncomeExpensesNet": -69600000,
        "incomeBeforeTax": 157100000,
        "incomeBeforeTaxRatio": 0.1107898449,
        "incomeTaxExpense": 42700000,
        "netIncome": 113900000,
        "netIncomeRatio": 0.0803244006,
        "eps": 0.78,
        "epsdiluted": 0.77,
        "weightedAverageShsOut": 146000000,
        "weightedAverageShsOutDil": 147500000,
        "link": "https://www.sec.gov/Archives/edgar/data/1012100/000162828022020518/0001628280-22-020518-index.htm",
        "finalLink": "https://www.sec.gov/Archives/edgar/data/1012100/000162828022020518/see-20220630.htm"
    },
    {
        "date": "2022-03-31",
        "symbol": "SEE",
        "reportedCurrency": "USD",
        "cik": "0001012100",
        "fillingDate": "2022-05-05",
        "acceptedDate": "2022-05-05 12:40:27",
        "calendarYear": "2022",
        "period": "Q1",
        "revenue": 1417600000,
        "costOfRevenue": 940600000,
        "grossProfit": 477000000,
        "grossProfitRatio": 0.3364841986,
        "researchAndDevelopmentExpenses": 0,
        "generalAndAdministrativeExpenses": 0,
        "sellingAndMarketingExpenses": 0,
        "sellingGeneralAndAdministrativeExpenses": 205000000,
        "otherExpenses": 9400000,
        "operatingExpenses": 214400000,
        "costAndExpenses": 1155000000,
        "interestIncome": 0,
        "interestExpense": 38900000,
        "depreciationAndAmortization": 45300000,
        "ebitda": 295800000,
        "ebitdaratio": 0.2086625282,
        "operatingIncome": 262100000,
        "operatingIncomeRatio": 0.1848899549,
        "totalOtherIncomeExpensesNet": -53100000,
        "incomeBeforeTax": 209000000,
        "incomeBeforeTaxRatio": 0.1474322799,
        "incomeTaxExpense": 59400000,
        "netIncome": 149200000,
        "netIncomeRatio": 0.105248307,
        "eps": 1.01,
        "epsdiluted": 1,
        "weightedAverageShsOut": 147600000,
        "weightedAverageShsOutDil": 149500000,
        "link": "https://www.sec.gov/Archives/edgar/data/1012100/000162828022012510/0001628280-22-012510-index.htm",
        "finalLink": "https://www.sec.gov/Archives/edgar/data/1012100/000162828022012510/see-20220331.htm"
    },
    {
        "date": "2021-12-31",
        "symbol": "SEE",
        "reportedCurrency": "USD",
        "cik": "0001012100",
        "fillingDate": "2022-02-22",
        "acceptedDate": "2022-02-22 12:49:21",
        "calendarYear": "2021",
        "period": "Q4",
        "revenue": 1531500000,
        "costOfRevenue": 1056100000,
        "grossProfit": 475400000,
        "grossProfitRatio": 0.3104146262,
        "researchAndDevelopmentExpenses": 99800000,
        "generalAndAdministrativeExpenses": 0,
        "sellingAndMarketingExpenses": 0,
        "sellingGeneralAndAdministrativeExpenses": 204600000,
        "otherExpenses": -13000000,
        "operatingExpenses": 214300000,
        "costAndExpenses": 1270400000,
        "interestIncome": 900000,
        "interestExpense": 42700000,
        "depreciationAndAmortization": 50500000,
        "ebitda": 316100000,
        "ebitdaratio": 0.2063989553,
        "operatingIncome": 300200000,
        "operatingIncomeRatio": 0.1960169768,
        "totalOtherIncomeExpensesNet": -53200000,
        "incomeBeforeTax": 247000000,
        "incomeBeforeTaxRatio": 0.1612797911,
        "incomeTaxExpense": 78000000,
        "netIncome": 180900000,
        "netIncomeRatio": 0.1181194907,
        "eps": 1.22,
        "epsdiluted": 1.2,
        "weightedAverageShsOut": 148300000,
        "weightedAverageShsOutDil": 150300000,
        "link": "https://www.sec.gov/Archives/edgar/data/1012100/000162828022003294/0001628280-22-003294-index.htm",
        "finalLink": "https://www.sec.gov/Archives/edgar/data/1012100/000162828022003294/see-20211231.htm"
    },
    {
        "date": "2021-09-30",
        "symbol": "SEE",
        "reportedCurrency": "USD",
        "cik": "0001012100",
        "fillingDate": "2021-11-02",
        "acceptedDate": "2021-11-02 16:36:24",
        "calendarYear": "2021",
        "period": "Q3",
        "revenue": 1406700000,
        "costOfRevenue": 1003000000,
        "grossProfit": 403700000,
        "grossProfitRatio": 0.2869837208,
        "researchAndDevelopmentExpenses": 0,
        "generalAndAdministrativeExpenses": 0,
        "sellingAndMarketingExpenses": 0,
        "sellingGeneralAndAdministrativeExpenses": 190300000,
        "otherExpenses": 6000000,
        "operatingExpenses": 200000000,
        "costAndExpenses": 1203000000,
        "interestIncome": 2000000,
        "interestExpense": 45400000,
        "depreciationAndAmortization": 44700000,
        "ebitda": 244500000,
        "ebitdaratio": 0.1738110471,
        "operatingIncome": 201300000,
        "operatingIncomeRatio": 0.1431008744,
        "totalOtherIncomeExpensesNet": -46900000,
        "incomeBeforeTax": 154400000,
        "incomeBeforeTaxRatio": 0.1097604322,
        "incomeTaxExpense": 46600000,
        "netIncome": 107700000,
        "netIncomeRatio": 0.0765621668,
        "eps": 0.72,
        "epsdiluted": 0.71,
        "weightedAverageShsOut": 149900000,
        "weightedAverageShsOutDil": 151400000,
        "link": "https://www.sec.gov/Archives/edgar/data/1012100/000162828021021203/0001628280-21-021203-index.htm",
        "finalLink": "https://www.sec.gov/Archives/edgar/data/1012100/000162828021021203/see-20210930.htm"
    },
    {
        "date": "2021-06-30",
        "symbol": "SEE",
        "reportedCurrency": "USD",
        "cik": "0001012100",
        "fillingDate": "2021-08-03",
        "acceptedDate": "2021-08-03 16:27:17",
        "calendarYear": "2021",
        "period": "Q2",
        "revenue": 1328500000,
        "costOfRevenue": 927800000,
        "grossProfit": 400700000,
        "grossProfitRatio": 0.3016183666,
        "researchAndDevelopmentExpenses": 0,
        "generalAndAdministrativeExpenses": 0,
        "sellingAndMarketingExpenses": 0,
        "sellingGeneralAndAdministrativeExpenses": 192000000,
        "otherExpenses": 2300000,
        "operatingExpenses": 201700000,
        "costAndExpenses": 1129500000,
        "interestIncome": 2000000,
        "interestExpense": 45300000,
        "depreciationAndAmortization": 45700000,
        "ebitda": 245400000,
        "ebitdaratio": 0.1847196086,
        "operatingIncome": 196900000,
        "operatingIncomeRatio": 0.1482122695,
        "totalOtherIncomeExpensesNet": -42500000,
        "incomeBeforeTax": 154400000,
        "incomeBeforeTaxRatio": 0.1162213022,
        "incomeTaxExpense": 45800000,
        "netIncome": 108100000,
        "netIncomeRatio": 0.0813699661,
        "eps": 0.71,
        "epsdiluted": 0.71,
        "weightedAverageShsOut": 151400000,
        "weightedAverageShsOutDil": 152700000,
        "link": "https://www.sec.gov/Archives/edgar/data/1012100/000162828021015340/0001628280-21-015340-index.htm",
        "finalLink": "https://www.sec.gov/Archives/edgar/data/1012100/000162828021015340/see-20210630.htm"
    },
    {
        "date": "2021-03-31",
        "symbol": "SEE",
        "reportedCurrency": "USD",
        "cik": "0001012100",
        "fillingDate": "2021-05-04",
        "acceptedDate": "2021-05-04 16:06:45",
        "calendarYear": "2021",
        "period": "Q1",
        "revenue": 1267100000,
        "costOfRevenue": 866000000,
        "grossProfit": 401100000,
        "grossProfitRatio": 0.3165496015,
        "researchAndDevelopmentExpenses": 0,
        "generalAndAdministrativeExpenses": 0,
        "sellingAndMarketingExpenses": 0,
        "sellingGeneralAndAdministrativeExpenses": 188900000,
        "otherExpenses": 1000000,
        "operatingExpenses": 198600000,
        "costAndExpenses": 1064600000,
        "interestIncome": 2000000,
        "interestExpense": 46400000,
        "depreciationAndAmortization": 45500000,
        "ebitda": 249200000,
        "ebitdaratio": 0.1966695604,
        "operatingIncome": 202500000,
        "operatingIncomeRatio": 0.1598137479,
        "totalOtherIncomeExpensesNet": -42100000,
        "incomeBeforeTax": 160400000,
        "incomeBeforeTaxRatio": 0.1265882724,
        "incomeTaxExpense": 54600000,
        "netIncome": 110100000,
        "netIncomeRatio": 0.0868913267,
        "eps": 0.71,
        "epsdiluted": 0.71,
        "weightedAverageShsOut": 154100000,
        "weightedAverageShsOutDil": 155400000,
        "link": "https://www.sec.gov/Archives/edgar/data/1012100/000162828021008866/0001628280-21-008866-index.htm",
        "finalLink": "https://www.sec.gov/Archives/edgar/data/1012100/000162828021008866/see-20210331.htm"
    },
    {
        "date": "2020-12-31",
        "symbol": "SEE",
        "reportedCurrency": "USD",
        "cik": "0001012100",
        "fillingDate": "2021-02-25",
        "acceptedDate": "2021-02-25 16:58:14",
        "calendarYear": "2020",
        "period": "Q4",
        "revenue": 1340900000,
        "costOfRevenue": 916500000,
        "grossProfit": 424400000,
        "grossProfitRatio": 0.3165038407,
        "researchAndDevelopmentExpenses": 95900000,
        "generalAndAdministrativeExpenses": 0,
        "sellingAndMarketingExpenses": 0,
        "sellingGeneralAndAdministrativeExpenses": 194800000,
        "otherExpenses": 9300000,
        "operatingExpenses": 204300000,
        "costAndExpenses": 1120800000,
        "interestIncome": 2400000,
        "interestExpense": 48600000,
        "depreciationAndAmortization": 44500000,
        "ebitda": 278000000,
        "ebitdaratio": 0.2073234395,
        "operatingIncome": 220800000,
        "operatingIncomeRatio": 0.1646655232,
        "totalOtherIncomeExpensesNet": -35900000,
        "incomeBeforeTax": 184900000,
        "incomeBeforeTaxRatio": 0.1378924603,
        "incomeTaxExpense": 47400000,
        "netIncome": 142200000,
        "netIncomeRatio": 0.1060481766,
        "eps": 0.92,
        "epsdiluted": 0.91,
        "weightedAverageShsOut": 155000000,
        "weightedAverageShsOutDil": 156000000,
        "link": "https://www.sec.gov/Archives/edgar/data/1012100/000162828021003329/0001628280-21-003329-index.htm",
        "finalLink": "https://www.sec.gov/Archives/edgar/data/1012100/000162828021003329/see-20201231.htm"
    },
    {
        "date": "2020-09-30",
        "symbol": "SEE",
        "reportedCurrency": "USD",
        "cik": "0001012100",
        "fillingDate": "2020-10-28",
        "acceptedDate": "2020-10-28 16:54:44",
        "calendarYear": "2020",
        "period": "Q3",
        "revenue": 1237200000,
        "costOfRevenue": 832700000,
        "grossProfit": 404500000,
        "grossProfitRatio": 0.326947947,
        "researchAndDevelopmentExpenses": 0,
        "generalAndAdministrativeExpenses": 0,
        "sellingAndMarketingExpenses": 0,
        "sellingGeneralAndAdministrativeExpenses": 199300000,
        "otherExpenses": -1200000,
        "operatingExpenses": 209000000,
        "costAndExpenses": 1041700000,
        "interestIncome": 2300000,
        "interestExpense": 46500000,
        "depreciationAndAmortization": 43800000,
        "ebitda": 238300000,
        "ebitdaratio": 0.1926123505,
        "operatingIncome": 194500000,
        "operatingIncomeRatio": 0.1572098286,
        "totalOtherIncomeExpensesNet": -45300000,
        "incomeBeforeTax": 149200000,
        "incomeBeforeTaxRatio": 0.1205948917,
        "incomeTaxExpense": 17400000,
        "netIncome": 134000000,
        "netIncomeRatio": 0.108309085,
        "eps": 0.86,
        "epsdiluted": 0.86,
        "weightedAverageShsOut": 155500000,
        "weightedAverageShsOutDil": 156100000,
        "link": "https://www.sec.gov/Archives/edgar/data/1012100/000162828020014997/0001628280-20-014997-index.htm",
        "finalLink": "https://www.sec.gov/Archives/edgar/data/1012100/000162828020014997/see-20200930.htm"
    },
    {
        "date": "2020-06-30",
        "symbol": "SEE",
        "reportedCurrency": "USD",
        "cik": "0001012100",
        "fillingDate": "2020-08-06",
        "acceptedDate": "2020-08-06 07:11:50",
        "calendarYear": "2020",
        "period": "Q2",
        "revenue": 1151200000,
        "costOfRevenue": 761300000,
        "grossProfit": 389900000,
        "grossProfitRatio": 0.3386900625,
        "researchAndDevelopmentExpenses": 0,
        "generalAndAdministrativeExpenses": 0,
        "sellingAndMarketingExpenses": 0,
        "sellingGeneralAndAdministrativeExpenses": 184500000,
        "otherExpenses": 4000000,
        "operatingExpenses": 193800000,
        "costAndExpenses": 955100000,
        "interestIncome": 2100000,
        "interestExpense": 46900000,
        "depreciationAndAmortization": 42800000,
        "ebitda": 234600000,
        "ebitdaratio": 0.2037873523,
        "operatingIncome": 186000000,
        "operatingIncomeRatio": 0.1615705351,
        "totalOtherIncomeExpensesNet": -41100000,
        "incomeBeforeTax": 144900000,
        "incomeBeforeTaxRatio": 0.1258686588,
        "incomeTaxExpense": 44600000,
        "netIncome": 100100000,
        "netIncomeRatio": 0.086952745,
        "eps": 0.64,
        "epsdiluted": 0.64,
        "weightedAverageShsOut": 155600000,
        "weightedAverageShsOutDil": 155900000,
        "link": "https://www.sec.gov/Archives/edgar/data/1012100/000162828020011887/0001628280-20-011887-index.htm",
        "finalLink": "https://www.sec.gov/Archives/edgar/data/1012100/000162828020011887/see-20200630.htm"
    },
    {
        "date": "2020-03-31",
        "symbol": "SEE",
        "reportedCurrency": "USD",
        "cik": "0001012100",
        "fillingDate": "2020-05-05",
        "acceptedDate": "2020-05-05 07:09:13",
        "calendarYear": "2020",
        "period": "Q1",
        "revenue": 1173900000,
        "costOfRevenue": 783400000,
        "grossProfit": 390500000,
        "grossProfitRatio": 0.3326518443,
        "researchAndDevelopmentExpenses": 0,
        "generalAndAdministrativeExpenses": 0,
        "sellingAndMarketingExpenses": 0,
        "sellingGeneralAndAdministrativeExpenses": 194100000,
        "otherExpenses": 800000,
        "operatingExpenses": 203100000,
        "costAndExpenses": 986500000,
        "interestIncome": 3400000,
        "interestExpense": 49000000,
        "depreciationAndAmortization": 43100000,
        "ebitda": 231300000,
        "ebitdaratio": 0.1970355226,
        "operatingIncome": 186800000,
        "operatingIncomeRatio": 0.159127694,
        "totalOtherIncomeExpensesNet": -39600000,
        "incomeBeforeTax": 147200000,
        "incomeBeforeTaxRatio": 0.1253939859,
        "incomeTaxExpense": 32700000,
        "netIncome": 126500000,
        "netIncomeRatio": 0.1077604566,
        "eps": 0.82,
        "epsdiluted": 0.82,
        "weightedAverageShsOut": 154500000,
        "weightedAverageShsOutDil": 154800000,
        "link": "https://www.sec.gov/Archives/edgar/data/1012100/000162828020006353/0001628280-20-006353-index.htm",
        "finalLink": "https://www.sec.gov/Archives/edgar/data/1012100/000162828020006353/see-20200331.htm"
    },
    {
        "date": "2019-12-31",
        "symbol": "SEE",
        "reportedCurrency": "USD",
        "cik": "0001012100",
        "fillingDate": "2020-03-02",
        "acceptedDate": "2020-03-02 12:51:56",
        "calendarYear": "2019",
        "period": "Q4",
        "revenue": 1298900000,
        "costOfRevenue": 869600000,
        "grossProfit": 429300000,
        "grossProfitRatio": 0.3305104319,
        "researchAndDevelopmentExpenses": 77300000,
        "generalAndAdministrativeExpenses": 699900000,
        "sellingAndMarketingExpenses": -484300000,
        "sellingGeneralAndAdministrativeExpenses": 215600000,
        "otherExpenses": -20800000,
        "operatingExpenses": 226000000,
        "costAndExpenses": 1095600000,
        "interestIncome": 2900000,
        "interestExpense": 50600000,
        "depreciationAndAmortization": 43500000,
        "ebitda": 229600000,
        "ebitdaratio": 0.176764955,
        "operatingIncome": 205000000,
        "operatingIncomeRatio": 0.1578258526,
        "totalOtherIncomeExpensesNet": -69500000,
        "incomeBeforeTax": 135500000,
        "incomeBeforeTaxRatio": 0.1043190392,
        "incomeTaxExpense": 11100000,
        "netIncome": 104100000,
        "netIncomeRatio": 0.0801447379,
        "eps": 0.68,
        "epsdiluted": 0.67,
        "weightedAverageShsOut": 154000000,
        "weightedAverageShsOutDil": 155000000,
        "link": "https://www.sec.gov/Archives/edgar/data/1012100/000162828020002658/0001628280-20-002658-index.htm",
        "finalLink": "https://www.sec.gov/Archives/edgar/data/1012100/000162828020002658/q4201910-kdocument.htm"
    },
    {
        "date": "2019-09-30",
        "symbol": "SEE",
        "reportedCurrency": "USD",
        "cik": "0001012100",
        "fillingDate": "2019-11-08",
        "acceptedDate": "2019-11-08 09:44:58",
        "calendarYear": "2019",
        "period": "Q3",
        "revenue": 1218500000,
        "costOfRevenue": 826500000,
        "grossProfit": 392000000,
        "grossProfitRatio": 0.3217070168,
        "researchAndDevelopmentExpenses": 0,
        "generalAndAdministrativeExpenses": 221600000,
        "sellingAndMarketingExpenses": 0,
        "sellingGeneralAndAdministrativeExpenses": 221600000,
        "otherExpenses": -1900000,
        "operatingExpenses": 231100000,
        "costAndExpenses": 1057600000,
        "interestIncome": 2200000,
        "interestExpense": 50700000,
        "depreciationAndAmortization": 41300000,
        "ebitda": 194300000,
        "ebitdaratio": 0.1594583504,
        "operatingIncome": 154000000,
        "operatingIncomeRatio": 0.1263848995,
        "totalOtherIncomeExpensesNet": -51700000,
        "incomeBeforeTax": 102300000,
        "incomeBeforeTaxRatio": 0.0839556832,
        "incomeTaxExpense": 22800000,
        "netIncome": 68000000,
        "netIncomeRatio": 0.0558063192,
        "eps": 0.44,
        "epsdiluted": 0.44,
        "weightedAverageShsOut": 154000000,
        "weightedAverageShsOutDil": 154800000,
        "link": "https://www.sec.gov/Archives/edgar/data/1012100/000162828019013765/0001628280-19-013765-index.htm",
        "finalLink": "https://www.sec.gov/Archives/edgar/data/1012100/000162828019013765/q3201910-qdocument.htm"
    },
    {
        "date": "2019-06-30",
        "symbol": "SEE",
        "reportedCurrency": "USD",
        "cik": "0001012100",
        "fillingDate": "2019-08-02",
        "acceptedDate": "2019-08-02 07:10:34",
        "calendarYear": "2019",
        "period": "Q2",
        "revenue": 1161000000,
        "costOfRevenue": 782700000,
        "grossProfit": 378300000,
        "grossProfitRatio": 0.3258397933,
        "researchAndDevelopmentExpenses": 0,
        "generalAndAdministrativeExpenses": 266200000,
        "sellingAndMarketingExpenses": 0,
        "sellingGeneralAndAdministrativeExpenses": 266200000,
        "otherExpenses": 6700000,
        "operatingExpenses": 270600000,
        "costAndExpenses": 1053300000,
        "interestIncome": 4099999,
        "interestExpense": 49000000,
        "depreciationAndAmortization": 33300000,
        "ebitda": 118400000,
        "ebitdaratio": 0.1019810508,
        "operatingIncome": 78400000,
        "operatingIncomeRatio": 0.0675279931,
        "totalOtherIncomeExpensesNet": -40600000,
        "incomeBeforeTax": 37800000,
        "incomeBeforeTaxRatio": 0.0325581395,
        "incomeTaxExpense": 12300000,
        "netIncome": 33100000,
        "netIncomeRatio": 0.0285099053,
        "eps": 0.22,
        "epsdiluted": 0.21,
        "weightedAverageShsOut": 154500000,
        "weightedAverageShsOutDil": 155300000,
        "link": "https://www.sec.gov/Archives/edgar/data/1012100/000162828019009820/0001628280-19-009820-index.htm",
        "finalLink": "https://www.sec.gov/Archives/edgar/data/1012100/000162828019009820/q2201910-qdocument.htm"
    },
    {
        "date": "2019-03-31",
        "symbol": "SEE",
        "reportedCurrency": "USD",
        "cik": "0001012100",
        "fillingDate": "2019-05-01",
        "acceptedDate": "2019-05-01 16:38:30",
        "calendarYear": "2019",
        "period": "Q1",
        "revenue": 1112700000,
        "costOfRevenue": 747500000,
        "grossProfit": 365200000,
        "grossProfitRatio": 0.3282106588,
        "researchAndDevelopmentExpenses": 0,
        "generalAndAdministrativeExpenses": 212100000,
        "sellingAndMarketingExpenses": 0,
        "sellingGeneralAndAdministrativeExpenses": 212100000,
        "otherExpenses": 1600000,
        "operatingExpenses": 216700000,
        "costAndExpenses": 964200000,
        "interestIncome": 2700000,
        "interestExpense": 48900000,
        "depreciationAndAmortization": 32700000,
        "ebitda": 175000000,
        "ebitdaratio": 0.1572750966,
        "operatingIncome": 141100000,
        "operatingIncomeRatio": 0.1268086636,
        "totalOtherIncomeExpensesNet": -46400000,
        "incomeBeforeTax": 94700000,
        "incomeBeforeTaxRatio": 0.0851082951,
        "incomeTaxExpense": 30400000,
        "netIncome": 57400000,
        "netIncomeRatio": 0.0515862317,
        "eps": 0.37,
        "epsdiluted": 0.37,
        "weightedAverageShsOut": 154800000,
        "weightedAverageShsOutDil": 155400000,
        "link": "https://www.sec.gov/Archives/edgar/data/1012100/000162828019005496/0001628280-19-005496-index.htm",
        "finalLink": "https://www.sec.gov/Archives/edgar/data/1012100/000162828019005496/q1201910-qdocument.htm"
    },
    {
        "date": "2018-12-31",
        "symbol": "SEE",
        "reportedCurrency": "USD",
        "cik": "0001012100",
        "fillingDate": "2019-02-19",
        "acceptedDate": "2019-02-19 15:38:01",
        "calendarYear": "2018",
        "period": "Q4",
        "revenue": 1260300000,
        "costOfRevenue": 861200000,
        "grossProfit": 399100000,
        "grossProfitRatio": 0.316670634,
        "researchAndDevelopmentExpenses": 80800000,
        "generalAndAdministrativeExpenses": 203400000,
        "sellingAndMarketingExpenses": 0,
        "sellingGeneralAndAdministrativeExpenses": 203400000,
        "otherExpenses": 2600000,
        "operatingExpenses": 208200000,
        "costAndExpenses": 1069400000,
        "interestIncome": 2500000,
        "interestExpense": 49600000,
        "depreciationAndAmortization": 4800000,
        "ebitda": 242900000,
        "ebitdaratio": 0.1927318892,
        "operatingIncome": 165400000,
        "operatingIncomeRatio": 0.131238594,
        "totalOtherIncomeExpensesNet": -46900000,
        "incomeBeforeTax": 118500000,
        "incomeBeforeTaxRatio": 0.0940252321,
        "incomeTaxExpense": -80900000,
        "netIncome": 199800000,
        "netIncomeRatio": 0.1585336825,
        "eps": 1.29,
        "epsdiluted": 1.28,
        "weightedAverageShsOut": 155200000,
        "weightedAverageShsOutDil": 156100000,
        "link": "https://www.sec.gov/Archives/edgar/data/1012100/000162828019001538/0001628280-19-001538-index.htm",
        "finalLink": "https://www.sec.gov/Archives/edgar/data/1012100/000162828019001538/q4201810-kdocument.htm"
    },
    {
        "date": "2018-09-30",
        "symbol": "SEE",
        "reportedCurrency": "USD",
        "cik": "0001012100",
        "fillingDate": "2018-11-02",
        "acceptedDate": "2018-11-02 13:54:07",
        "calendarYear": "2018",
        "period": "Q3",
        "revenue": 1186200000,
        "costOfRevenue": 820700000,
        "grossProfit": 365500000,
        "grossProfitRatio": 0.3081267914,
        "researchAndDevelopmentExpenses": 0,
        "generalAndAdministrativeExpenses": 192100000,
        "sellingAndMarketingExpenses": 0,
        "sellingGeneralAndAdministrativeExpenses": 192100000,
        "otherExpenses": -9400000,
        "operatingExpenses": 195700000,
        "costAndExpenses": 1016400000,
        "interestIncome": 3000000,
        "interestExpense": 49500000,
        "depreciationAndAmortization": 3600000,
        "ebitda": 203000000,
        "ebitdaratio": 0.1711347159,
        "operatingIncome": 163200000,
        "operatingIncomeRatio": 0.1375821952,
        "totalOtherIncomeExpensesNet": -54200000,
        "incomeBeforeTax": 109000000,
        "incomeBeforeTaxRatio": 0.0918900691,
        "incomeTaxExpense": 33400000,
        "netIncome": 78600000,
        "netIncomeRatio": 0.0662620132,
        "eps": 0.5,
        "epsdiluted": 0.5,
        "weightedAverageShsOut": 157200000,
        "weightedAverageShsOutDil": 158000000,
        "link": "https://www.sec.gov/Archives/edgar/data/1012100/000162828018013405/0001628280-18-013405-index.htm",
        "finalLink": "https://www.sec.gov/Archives/edgar/data/1012100/000162828018013405/q3201810-qdocument.htm"
    },
    {
        "date": "2018-06-30",
        "symbol": "SEE",
        "reportedCurrency": "USD",
        "cik": "0001012100",
        "fillingDate": "2018-08-06",
        "acceptedDate": "2018-08-06 16:28:38",
        "calendarYear": "2018",
        "period": "Q2",
        "revenue": 1155200000,
        "costOfRevenue": 791700000,
        "grossProfit": 363500000,
        "grossProfitRatio": 0.3146641274,
        "researchAndDevelopmentExpenses": 0,
        "generalAndAdministrativeExpenses": 192800000,
        "sellingAndMarketingExpenses": 0,
        "sellingGeneralAndAdministrativeExpenses": 192800000,
        "otherExpenses": 1100000,
        "operatingExpenses": 196200000,
        "costAndExpenses": 987900000,
        "interestIncome": 3900000,
        "interestExpense": 50000000,
        "depreciationAndAmortization": 3400000,
        "ebitda": 202900000,
        "ebitdaratio": 0.1756405817,
        "operatingIncome": 160200000,
        "operatingIncomeRatio": 0.1386772853,
        "totalOtherIncomeExpensesNet": -43400000,
        "incomeBeforeTax": 116800000,
        "incomeBeforeTaxRatio": 0.1011080332,
        "incomeTaxExpense": 33500000,
        "netIncome": 113800000,
        "netIncomeRatio": 0.0985110803,
        "eps": 0.71,
        "epsdiluted": 0.71,
        "weightedAverageShsOut": 159700000,
        "weightedAverageShsOutDil": 160600000,
        "link": "https://www.sec.gov/Archives/edgar/data/1012100/000162828018010542/0001628280-18-010542-index.htm",
        "finalLink": "https://www.sec.gov/Archives/edgar/data/1012100/000162828018010542/q2201810-qdocument.htm"
    },
    {
        "date": "2018-03-31",
        "symbol": "SEE",
        "reportedCurrency": "USD",
        "cik": "0001012100",
        "fillingDate": "2018-05-07",
        "acceptedDate": "2018-05-07 14:59:09",
        "calendarYear": "2018",
        "period": "Q1",
        "revenue": 1131000000,
        "costOfRevenue": 757000000,
        "grossProfit": 374000000,
        "grossProfitRatio": 0.3306808134,
        "researchAndDevelopmentExpenses": 0,
        "generalAndAdministrativeExpenses": 194000000,
        "sellingAndMarketingExpenses": 0,
        "sellingGeneralAndAdministrativeExpenses": 194000000,
        "otherExpenses": -12000000,
        "operatingExpenses": 197900000,
        "costAndExpenses": 954900000,
        "interestIncome": 5700000,
        "interestExpense": 48800000,
        "depreciationAndAmortization": 3900000,
        "ebitda": 211400000,
        "ebitdaratio": 0.1869142352,
        "operatingIncome": 167500000,
        "operatingIncomeRatio": 0.1480990274,
        "totalOtherIncomeExpensesNet": -54000000,
        "incomeBeforeTax": 113500000,
        "incomeBeforeTaxRatio": 0.1003536693,
        "incomeTaxExpense": 321500000,
        "netIncome": -200600000,
        "netIncomeRatio": -0.1773651636,
        "eps": -1.21,
        "epsdiluted": -1.21,
        "weightedAverageShsOut": 165300000,
        "weightedAverageShsOutDil": 165300000,
        "link": "https://www.sec.gov/Archives/edgar/data/1012100/000162828018006036/0001628280-18-006036-index.htm",
        "finalLink": "https://www.sec.gov/Archives/edgar/data/1012100/000162828018006036/q1201810-qdocument.htm"
    },
    {
        "date": "2017-12-31",
        "symbol": "SEE",
        "reportedCurrency": "USD",
        "cik": "0001012100",
        "fillingDate": "2018-02-21",
        "acceptedDate": "2018-02-21 15:39:43",
        "calendarYear": "2017",
        "period": "Q4",
        "revenue": 1227800000,
        "costOfRevenue": 853400000,
        "grossProfit": 374400000,
        "grossProfitRatio": 0.3049356573,
        "researchAndDevelopmentExpenses": 91800000,
        "generalAndAdministrativeExpenses": 205800000,
        "sellingAndMarketingExpenses": 0,
        "sellingGeneralAndAdministrativeExpenses": 205800000,
        "otherExpenses": -2000000,
        "operatingExpenses": 209700000,
        "costAndExpenses": 1063100000,
        "interestIncome": 7300000,
        "interestExpense": 48100000,
        "depreciationAndAmortization": 3900000,
        "ebitda": 202400000,
        "ebitdaratio": 0.1648476951,
        "operatingIncome": 161800000,
        "operatingIncomeRatio": 0.1317804203,
        "totalOtherIncomeExpensesNet": -39300000,
        "incomeBeforeTax": 119000000,
        "incomeBeforeTaxRatio": 0.0969213227,
        "incomeTaxExpense": 94000000,
        "netIncome": -33500000,
        "netIncomeRatio": -0.027284574,
        "eps": -0.19,
        "epsdiluted": -0.19,
        "weightedAverageShsOut": 175300000,
        "weightedAverageShsOutDil": 175900000,
        "link": "https://www.sec.gov/Archives/edgar/data/1012100/000162828018001957/0001628280-18-001957-index.htm",
        "finalLink": "https://www.sec.gov/Archives/edgar/data/1012100/000162828018001957/q4201710-kdocument.htm"
    },
    {
        "date": "2017-09-30",
        "symbol": "SEE",
        "reportedCurrency": "USD",
        "cik": "0001012100",
        "fillingDate": "2017-11-09",
        "acceptedDate": "2017-11-09 12:53:40",
        "calendarYear": "2017",
        "period": "Q3",
        "revenue": 1131300000,
        "costOfRevenue": 769200000,
        "grossProfit": 362100000,
        "grossProfitRatio": 0.3200742509,
        "researchAndDevelopmentExpenses": 0,
        "generalAndAdministrativeExpenses": 192700000,
        "sellingAndMarketingExpenses": 0,
        "sellingGeneralAndAdministrativeExpenses": 192700000,
        "otherExpenses": -2300000,
        "operatingExpenses": 195800000,
        "costAndExpenses": 965000000,
        "interestIncome": 4900000,
        "interestExpense": 55600000,
        "depreciationAndAmortization": 3100000,
        "ebitda": 192100000,
        "ebitdaratio": 0.1698046495,
        "operatingIncome": 160100000,
        "operatingIncomeRatio": 0.1415186069,
        "totalOtherIncomeExpensesNet": -54000000,
        "incomeBeforeTax": 106100000,
        "incomeBeforeTaxRatio": 0.09378591,
        "incomeTaxExpense": 43700000,
        "netIncome": 782500000,
        "netIncomeRatio": 0.6916821356,
        "eps": 4.19,
        "epsdiluted": 4.15,
        "weightedAverageShsOut": 186900000,
        "weightedAverageShsOutDil": 188900000,
        "link": "https://www.sec.gov/Archives/edgar/data/1012100/000162828017011291/0001628280-17-011291-index.htm",
        "finalLink": "https://www.sec.gov/Archives/edgar/data/1012100/000162828017011291/q3201710-qdocument.htm"
    },
    {
        "date": "2017-06-30",
        "symbol": "SEE",
        "reportedCurrency": "USD",
        "cik": "0001012100",
        "fillingDate": "2017-08-09",
        "acceptedDate": "2017-08-09 12:13:17",
        "calendarYear": "2017",
        "period": "Q2",
        "revenue": 1070300000,
        "costOfRevenue": 726000000,
        "grossProfit": 344300000,
        "grossProfitRatio": 0.3216855087,
        "researchAndDevelopmentExpenses": 0,
        "generalAndAdministrativeExpenses": 201800000,
        "sellingAndMarketingExpenses": 0,
        "sellingGeneralAndAdministrativeExpenses": 201800000,
        "otherExpenses": 0,
        "operatingExpenses": 202900000,
        "costAndExpenses": 928900000,
        "interestIncome": 3200000,
        "interestExpense": 52400000,
        "depreciationAndAmortization": 1100000,
        "ebitda": 166000000,
        "ebitdaratio": 0.1550967019,
        "operatingIncome": 139400000,
        "operatingIncomeRatio": 0.1302438569,
        "totalOtherIncomeExpensesNet": -53800000,
        "incomeBeforeTax": 84600000,
        "incomeBeforeTaxRatio": 0.0790432589,
        "incomeTaxExpense": 56100000,
        "netIncome": 103500000,
        "netIncomeRatio": 0.0967018593,
        "eps": 0.53,
        "epsdiluted": 0.52,
        "weightedAverageShsOut": 192500000,
        "weightedAverageShsOutDil": 194800000,
        "link": "https://www.sec.gov/Archives/edgar/data/1012100/000162828017008418/0001628280-17-008418-index.htm",
        "finalLink": "https://www.sec.gov/Archives/edgar/data/1012100/000162828017008418/q2201710-qdocument.htm"
    },
    {
        "date": "2017-03-31",
        "symbol": "SEE",
        "reportedCurrency": "USD",
        "cik": "0001012100",
        "fillingDate": "2017-05-10",
        "acceptedDate": "2017-05-10 12:30:35",
        "calendarYear": "2017",
        "period": "Q1",
        "revenue": 1032200000,
        "costOfRevenue": 695800000,
        "grossProfit": 336400000,
        "grossProfitRatio": 0.3259058322,
        "researchAndDevelopmentExpenses": 0,
        "generalAndAdministrativeExpenses": 195800000,
        "sellingAndMarketingExpenses": 0,
        "sellingGeneralAndAdministrativeExpenses": 195800000,
        "otherExpenses": -2300000,
        "operatingExpenses": 200800000,
        "costAndExpenses": 896600000,
        "interestIncome": 2200000,
        "interestExpense": 50600000,
        "depreciationAndAmortization": 5000000,
        "ebitda": 138300000,
        "ebitdaratio": 0.1339856617,
        "operatingIncome": 133700000,
        "operatingIncomeRatio": 0.129529161,
        "totalOtherIncomeExpensesNet": -48500000,
        "incomeBeforeTax": 82600000,
        "incomeBeforeTaxRatio": 0.0800232513,
        "incomeTaxExpense": 136400000,
        "netIncome": -43200000,
        "netIncomeRatio": -0.0418523542,
        "eps": -0.22,
        "epsdiluted": -0.22,
        "weightedAverageShsOut": 193400000,
        "weightedAverageShsOutDil": 195700000,
        "link": "https://www.sec.gov/Archives/edgar/data/1012100/000156459017010132/0001564590-17-010132-index.htm",
        "finalLink": "https://www.sec.gov/Archives/edgar/data/1012100/000156459017010132/see-10q_20170331.htm"
    },
    {
        "date": "2016-12-31",
        "symbol": "SEE",
        "reportedCurrency": "USD",
        "cik": "0001012100",
        "fillingDate": "2017-02-15",
        "acceptedDate": "2017-02-15 16:58:25",
        "calendarYear": "2016",
        "period": "Q4",
        "revenue": 1744100000,
        "costOfRevenue": 1103200000,
        "grossProfit": 640900000,
        "grossProfitRatio": 0.3674674617,
        "researchAndDevelopmentExpenses": 88000000,
        "generalAndAdministrativeExpenses": 404700000,
        "sellingAndMarketingExpenses": 0,
        "sellingGeneralAndAdministrativeExpenses": 404700000,
        "otherExpenses": 5500000,
        "operatingExpenses": 427200000,
        "costAndExpenses": 1530400000,
        "interestIncome": 3400000,
        "interestExpense": 51300000,
        "depreciationAndAmortization": 22500000,
        "ebitda": 261900000,
        "ebitdaratio": 0.1501634081,
        "operatingIncome": 204000000,
        "operatingIncomeRatio": 0.1169657703,
        "totalOtherIncomeExpensesNet": -46200000,
        "incomeBeforeTax": 157800000,
        "incomeBeforeTaxRatio": 0.0904764635,
        "incomeTaxExpense": -13300000,
        "netIncome": 171100000,
        "netIncomeRatio": 0.098102173,
        "eps": 0.89,
        "epsdiluted": 0.87,
        "weightedAverageShsOut": 192400000,
        "weightedAverageShsOutDil": 196200000,
        "link": "https://www.sec.gov/Archives/edgar/data/1012100/000156459017001648/0001564590-17-001648-index.htm",
        "finalLink": "https://www.sec.gov/Archives/edgar/data/1012100/000156459017001648/see-10k_20161231.htm"
    },
    {
        "date": "2016-09-30",
        "symbol": "SEE",
        "reportedCurrency": "USD",
        "cik": "0001012100",
        "fillingDate": "2016-10-31",
        "acceptedDate": "2016-10-31 13:54:49",
        "calendarYear": "2016",
        "period": "Q3",
        "revenue": 1716600000,
        "costOfRevenue": 1076600000,
        "grossProfit": 640000000,
        "grossProfitRatio": 0.3728300128,
        "researchAndDevelopmentExpenses": 0,
        "generalAndAdministrativeExpenses": 390600000,
        "sellingAndMarketingExpenses": 0,
        "sellingGeneralAndAdministrativeExpenses": 390600000,
        "otherExpenses": 1200000,
        "operatingExpenses": 414100000,
        "costAndExpenses": 1490700000,
        "interestIncome": 2600000,
        "interestExpense": 52600000,
        "depreciationAndAmortization": 23500000,
        "ebitda": 279900000,
        "ebitdaratio": 0.1630548759,
        "operatingIncome": 224900000,
        "operatingIncomeRatio": 0.1310147967,
        "totalOtherIncomeExpensesNet": -52100000,
        "incomeBeforeTax": 172800000,
        "incomeBeforeTaxRatio": 0.1006641035,
        "incomeTaxExpense": 9500000,
        "netIncome": 162100000,
        "netIncomeRatio": 0.0944308517,
        "eps": 0.84,
        "epsdiluted": 0.83,
        "weightedAverageShsOut": 194100000,
        "weightedAverageShsOutDil": 196700000,
        "link": "https://www.sec.gov/Archives/edgar/data/1012100/000156459016026558/0001564590-16-026558-index.htm",
        "finalLink": "https://www.sec.gov/Archives/edgar/data/1012100/000156459016026558/see-10q_20160930.htm"
    },
    {
        "date": "2016-06-30",
        "symbol": "SEE",
        "reportedCurrency": "USD",
        "cik": "0001012100",
        "fillingDate": "2016-08-01",
        "acceptedDate": "2016-08-01 16:22:28",
        "calendarYear": "2016",
        "period": "Q2",
        "revenue": 1727000000,
        "costOfRevenue": 1065600000,
        "grossProfit": 661400000,
        "grossProfitRatio": 0.3829762594,
        "researchAndDevelopmentExpenses": 0,
        "generalAndAdministrativeExpenses": 413600000,
        "sellingAndMarketingExpenses": 0,
        "sellingGeneralAndAdministrativeExpenses": 413600000,
        "otherExpenses": -40200000,
        "operatingExpenses": 441100000,
        "costAndExpenses": 1506700000,
        "interestIncome": 3400000,
        "interestExpense": 54300000,
        "depreciationAndAmortization": 27500000,
        "ebitda": 207800000,
        "ebitdaratio": 0.1203242617,
        "operatingIncome": 218600000,
        "operatingIncomeRatio": 0.1265778807,
        "totalOtherIncomeExpensesNet": -24600000,
        "incomeBeforeTax": 123000000,
        "incomeBeforeTaxRatio": 0.0712217719,
        "incomeTaxExpense": 73400000,
        "netIncome": 49500000,
        "netIncomeRatio": 0.0286624204,
        "eps": 0.25,
        "epsdiluted": 0.25,
        "weightedAverageShsOut": 195600000,
        "weightedAverageShsOutDil": 198400000,
        "link": "https://www.sec.gov/Archives/edgar/data/1012100/000156459016021907/0001564590-16-021907-index.htm",
        "finalLink": "https://www.sec.gov/Archives/edgar/data/1012100/000156459016021907/see-10q_20160630.htm"
    },
    {
        "date": "2016-03-31",
        "symbol": "SEE",
        "reportedCurrency": "USD",
        "cik": "0001012100",
        "fillingDate": "2016-05-02",
        "acceptedDate": "2016-05-02 13:45:51",
        "calendarYear": "2016",
        "period": "Q1",
        "revenue": 1590600000,
        "costOfRevenue": 1001300000,
        "grossProfit": 589300000,
        "grossProfitRatio": 0.3704891236,
        "researchAndDevelopmentExpenses": 0,
        "generalAndAdministrativeExpenses": 396300000,
        "sellingAndMarketingExpenses": 0,
        "sellingGeneralAndAdministrativeExpenses": 396300000,
        "otherExpenses": -2900000,
        "operatingExpenses": 417700000,
        "costAndExpenses": 1419000000,
        "interestIncome": 3600000,
        "interestExpense": 54700000,
        "depreciationAndAmortization": 21400000,
        "ebitda": 192500000,
        "ebitdaratio": 0.1210235131,
        "operatingIncome": 171600000,
        "operatingIncomeRatio": 0.1078838174,
        "totalOtherIncomeExpensesNet": -35600000,
        "incomeBeforeTax": 112300000,
        "incomeBeforeTaxRatio": 0.0706022884,
        "incomeTaxExpense": 20400000,
        "netIncome": 101700000,
        "netIncomeRatio": 0.0639381366,
        "eps": 0.51,
        "epsdiluted": 0.51,
        "weightedAverageShsOut": 195200000,
        "weightedAverageShsOutDil": 197500000,
        "link": "https://www.sec.gov/Archives/edgar/data/1012100/000156459016017282/0001564590-16-017282-index.htm",
        "finalLink": "https://www.sec.gov/Archives/edgar/data/1012100/000156459016017282/see-10q_20160331.htm"
    },
    {
        "date": "2015-12-31",
        "symbol": "SEE",
        "reportedCurrency": "USD",
        "cik": "0001012100",
        "fillingDate": "2016-02-22",
        "acceptedDate": "2016-02-22 17:05:43",
        "calendarYear": "2015",
        "period": "Q4",
        "revenue": 1753900000,
        "costOfRevenue": 1117300000,
        "grossProfit": 636600000,
        "grossProfitRatio": 0.3629625406,
        "researchAndDevelopmentExpenses": 129300000,
        "generalAndAdministrativeExpenses": 408400000,
        "sellingAndMarketingExpenses": 0,
        "sellingGeneralAndAdministrativeExpenses": 408400000,
        "otherExpenses": 1500000,
        "operatingExpenses": 429700000,
        "costAndExpenses": 1547000000,
        "interestIncome": 4200000,
        "interestExpense": 55400000,
        "depreciationAndAmortization": 21300000,
        "ebitda": 254600000,
        "ebitdaratio": 0.1451622099,
        "operatingIncome": 196600000,
        "operatingIncomeRatio": 0.1120930498,
        "totalOtherIncomeExpensesNet": -70900000,
        "incomeBeforeTax": 125700000,
        "incomeBeforeTaxRatio": 0.0716688523,
        "incomeTaxExpense": 2200000,
        "netIncome": 122800000,
        "netIncomeRatio": 0.0700153943,
        "eps": 0.63,
        "epsdiluted": 0.62,
        "weightedAverageShsOut": 195500000,
        "weightedAverageShsOutDil": 198400000,
        "link": "https://www.sec.gov/Archives/edgar/data/1012100/000156459016013004/0001564590-16-013004-index.htm",
        "finalLink": "https://www.sec.gov/Archives/edgar/data/1012100/000156459016013004/see-10k_20151231.htm"
    },
    {
        "date": "2015-09-30",
        "symbol": "SEE",
        "reportedCurrency": "USD",
        "cik": "0001012100",
        "fillingDate": "2015-11-03",
        "acceptedDate": "2015-11-03 13:01:36",
        "calendarYear": "2015",
        "period": "Q3",
        "revenue": 1746200000,
        "costOfRevenue": 1109600000,
        "grossProfit": 636600000,
        "grossProfitRatio": 0.3645630512,
        "researchAndDevelopmentExpenses": 0,
        "generalAndAdministrativeExpenses": 400200000,
        "sellingAndMarketingExpenses": 0,
        "sellingGeneralAndAdministrativeExpenses": 400200000,
        "otherExpenses": 5500000,
        "operatingExpenses": 422000000,
        "costAndExpenses": 1531600000,
        "interestIncome": 2800000,
        "interestExpense": 54800000,
        "depreciationAndAmortization": 21800000,
        "ebitda": 267000000,
        "ebitdaratio": 0.1529034475,
        "operatingIncome": 176200000,
        "operatingIncomeRatio": 0.1009048219,
        "totalOtherIncomeExpensesNet": -50200000,
        "incomeBeforeTax": 126000000,
        "incomeBeforeTaxRatio": 0.0721566831,
        "incomeTaxExpense": 39400000,
        "netIncome": 86000000,
        "netIncomeRatio": 0.0492497996,
        "eps": 0.43,
        "epsdiluted": 0.42,
        "weightedAverageShsOut": 202900000,
        "weightedAverageShsOutDil": 205800000,
        "link": "https://www.sec.gov/Archives/edgar/data/1012100/000156459015009135/0001564590-15-009135-index.htm",
        "finalLink": "https://www.sec.gov/Archives/edgar/data/1012100/000156459015009135/see-10q_20150930.htm"
    },
    {
        "date": "2015-06-30",
        "symbol": "SEE",
        "reportedCurrency": "USD",
        "cik": "0001012100",
        "fillingDate": "2015-08-04",
        "acceptedDate": "2015-08-04 13:03:43",
        "calendarYear": "2015",
        "period": "Q2",
        "revenue": 1785000000,
        "costOfRevenue": 1121200000,
        "grossProfit": 663800000,
        "grossProfitRatio": 0.3718767507,
        "researchAndDevelopmentExpenses": 0,
        "generalAndAdministrativeExpenses": 416900000,
        "sellingAndMarketingExpenses": 0,
        "sellingGeneralAndAdministrativeExpenses": 416900000,
        "otherExpenses": 7000000,
        "operatingExpenses": 439900000,
        "costAndExpenses": 1561100000,
        "interestIncome": 3300000,
        "interestExpense": 59000000,
        "depreciationAndAmortization": 23000000,
        "ebitda": 278300000,
        "ebitdaratio": 0.1559103641,
        "operatingIncome": 207000000,
        "operatingIncomeRatio": 0.1159663866,
        "totalOtherIncomeExpensesNet": -164100000,
        "incomeBeforeTax": 42900000,
        "incomeBeforeTaxRatio": 0.0240336134,
        "incomeTaxExpense": 14800000,
        "netIncome": 27800000,
        "netIncomeRatio": 0.0155742297,
        "eps": 0.13,
        "epsdiluted": 0.13,
        "weightedAverageShsOut": 208500000,
        "weightedAverageShsOutDil": 211300000,
        "link": "https://www.sec.gov/Archives/edgar/data/1012100/000156459015006031/0001564590-15-006031-index.htm",
        "finalLink": "https://www.sec.gov/Archives/edgar/data/1012100/000156459015006031/see-10q_20150630.htm"
    },
    {
        "date": "2015-03-31",
        "symbol": "SEE",
        "reportedCurrency": "USD",
        "cik": "0001012100",
        "fillingDate": "2015-05-05",
        "acceptedDate": "2015-05-05 15:23:47",
        "calendarYear": "2015",
        "period": "Q1",
        "revenue": 1746400000,
        "costOfRevenue": 1096800000,
        "grossProfit": 649600000,
        "grossProfitRatio": 0.3719651855,
        "researchAndDevelopmentExpenses": 0,
        "generalAndAdministrativeExpenses": 430000000,
        "sellingAndMarketingExpenses": 0,
        "sellingGeneralAndAdministrativeExpenses": 430000000,
        "otherExpenses": 5400000,
        "operatingExpenses": 452600000,
        "costAndExpenses": 1549400000,
        "interestIncome": 3200000,
        "interestExpense": 58500000,
        "depreciationAndAmortization": 22600000,
        "ebitda": 251100000,
        "ebitdaratio": 0.1437814934,
        "operatingIncome": 183600000,
        "operatingIncomeRatio": 0.1051305543,
        "totalOtherIncomeExpensesNet": -52300000,
        "incomeBeforeTax": 131300000,
        "incomeBeforeTaxRatio": 0.0751832341,
        "incomeTaxExpense": 34100000,
        "netIncome": 96600000,
        "netIncomeRatio": 0.0553137884,
        "eps": 0.46,
        "epsdiluted": 0.46,
        "weightedAverageShsOut": 208900000,
        "weightedAverageShsOutDil": 211700000,
        "link": "https://www.sec.gov/Archives/edgar/data/1012100/000156459015003294/0001564590-15-003294-index.htm",
        "finalLink": "https://www.sec.gov/Archives/edgar/data/1012100/000156459015003294/see-10q_20150331.htm"
    },
    {
        "date": "2014-12-31",
        "symbol": "SEE",
        "reportedCurrency": "USD",
        "cik": "0001012100",
        "fillingDate": "2015-02-27",
        "acceptedDate": "2015-02-27 12:33:44",
        "calendarYear": "2014",
        "period": "Q4",
        "revenue": 1973700000,
        "costOfRevenue": 1301400000,
        "grossProfit": 672300000,
        "grossProfitRatio": 0.340629275,
        "researchAndDevelopmentExpenses": 135000000,
        "generalAndAdministrativeExpenses": 467600000,
        "sellingAndMarketingExpenses": 0,
        "sellingGeneralAndAdministrativeExpenses": 467600000,
        "otherExpenses": 2900000,
        "operatingExpenses": 493700000,
        "costAndExpenses": 1795100000,
        "interestIncome": 4700000,
        "interestExpense": 65600000,
        "depreciationAndAmortization": 26100000,
        "ebitda": 278300000,
        "ebitdaratio": 0.1410042053,
        "operatingIncome": 143700000,
        "operatingIncomeRatio": 0.0728074175,
        "totalOtherIncomeExpensesNet": -148200000,
        "incomeBeforeTax": -4500000,
        "incomeBeforeTaxRatio": -0.0022799818,
        "incomeTaxExpense": -70800000,
        "netIncome": 66300000,
        "netIncomeRatio": 0.0335917313,
        "eps": 0.31,
        "epsdiluted": 0.31,
        "weightedAverageShsOut": 209500000,
        "weightedAverageShsOutDil": 212100000,
        "link": "https://www.sec.gov/Archives/edgar/data/1012100/000156459015001072/0001564590-15-001072-index.htm",
        "finalLink": "https://www.sec.gov/Archives/edgar/data/1012100/000156459015001072/see-10k_20141231.htm"
    },
    {
        "date": "2014-09-30",
        "symbol": "SEE",
        "reportedCurrency": "USD",
        "cik": "0001012100",
        "fillingDate": "2014-11-05",
        "acceptedDate": "2014-11-05 13:11:48",
        "calendarYear": "2014",
        "period": "Q3",
        "revenue": 1975500000,
        "costOfRevenue": 1281900000,
        "grossProfit": 693600000,
        "grossProfitRatio": 0.3511009871,
        "researchAndDevelopmentExpenses": 0,
        "generalAndAdministrativeExpenses": 468400000,
        "sellingAndMarketingExpenses": 0,
        "sellingGeneralAndAdministrativeExpenses": 468400000,
        "otherExpenses": 4300000,
        "operatingExpenses": 498800000,
        "costAndExpenses": 1780700000,
        "interestIncome": 4300000,
        "interestExpense": 69700000,
        "depreciationAndAmortization": 30400000,
        "ebitda": 276800000,
        "ebitdaratio": 0.1401164262,
        "operatingIncome": 182000000,
        "operatingIncomeRatio": 0.092128575,
        "totalOtherIncomeExpensesNet": -87000000,
        "incomeBeforeTax": 95000000,
        "incomeBeforeTaxRatio": 0.0480890914,
        "incomeTaxExpense": 35700000,
        "netIncome": 60400000,
        "netIncomeRatio": 0.0305745381,
        "eps": 0.29,
        "epsdiluted": 0.28,
        "weightedAverageShsOut": 210400000,
        "weightedAverageShsOutDil": 213500000,
        "link": "https://www.sec.gov/Archives/edgar/data/1012100/000156459014004992/0001564590-14-004992-index.htm",
        "finalLink": "https://www.sec.gov/Archives/edgar/data/1012100/000156459014004992/see-10q_20140930.htm"
    },
    {
        "date": "2014-06-30",
        "symbol": "SEE",
        "reportedCurrency": "USD",
        "cik": "0001012100",
        "fillingDate": "2014-08-06",
        "acceptedDate": "2014-08-06 11:44:32",
        "calendarYear": "2014",
        "period": "Q2",
        "revenue": 1973600000,
        "costOfRevenue": 1293600000,
        "grossProfit": 680000000,
        "grossProfitRatio": 0.344548034,
        "researchAndDevelopmentExpenses": 0,
        "generalAndAdministrativeExpenses": 461500000,
        "sellingAndMarketingExpenses": 0,
        "sellingGeneralAndAdministrativeExpenses": 461500000,
        "otherExpenses": -4800000,
        "operatingExpenses": 492700000,
        "costAndExpenses": 1786300000,
        "interestIncome": 3000000,
        "interestExpense": 73900000,
        "depreciationAndAmortization": 31200000,
        "ebitda": 236700000,
        "ebitdaratio": 0.1199331171,
        "operatingIncome": 172300000,
        "operatingIncomeRatio": 0.0873023916,
        "totalOtherIncomeExpensesNet": -78900000,
        "incomeBeforeTax": 93400000,
        "incomeBeforeTaxRatio": 0.0473246859,
        "incomeTaxExpense": 33100000,
        "netIncome": 59800000,
        "netIncomeRatio": 0.0302999595,
        "eps": 0.28,
        "epsdiluted": 0.28,
        "weightedAverageShsOut": 213500000,
        "weightedAverageShsOutDil": 215500000,
        "link": "https://www.sec.gov/Archives/edgar/data/1012100/000119312514297522/0001193125-14-297522-index.htm",
        "finalLink": "https://www.sec.gov/Archives/edgar/data/1012100/000119312514297522/d745697d10q.htm"
    },
    {
        "date": "2014-03-31",
        "symbol": "SEE",
        "reportedCurrency": "USD",
        "cik": "0001012100",
        "fillingDate": "2014-05-07",
        "acceptedDate": "2014-05-07 12:06:52",
        "calendarYear": "2014",
        "period": "Q1",
        "revenue": 1827700000,
        "costOfRevenue": 1186700000,
        "grossProfit": 641000000,
        "grossProfitRatio": 0.3507140121,
        "researchAndDevelopmentExpenses": 0,
        "generalAndAdministrativeExpenses": 447900000,
        "sellingAndMarketingExpenses": 0,
        "sellingGeneralAndAdministrativeExpenses": 447900000,
        "otherExpenses": 400000,
        "operatingExpenses": 479100000,
        "costAndExpenses": 1665800000,
        "interestIncome": 3600000,
        "interestExpense": 78500000,
        "depreciationAndAmortization": 31200000,
        "ebitda": 233400000,
        "ebitdaratio": 0.1277014827,
        "operatingIncome": 154900000,
        "operatingIncomeRatio": 0.0847513268,
        "totalOtherIncomeExpensesNet": -72400000,
        "incomeBeforeTax": 82500000,
        "incomeBeforeTaxRatio": 0.0451386989,
        "incomeTaxExpense": 10700000,
        "netIncome": 70500000,
        "netIncomeRatio": 0.03857307,
        "eps": 0.34,
        "epsdiluted": 0.33,
        "weightedAverageShsOut": 206700000,
        "weightedAverageShsOutDil": 215100000,
        "link": "https://www.sec.gov/Archives/edgar/data/1012100/000119312514186789/0001193125-14-186789-index.htm",
        "finalLink": "https://www.sec.gov/Archives/edgar/data/1012100/000119312514186789/d695312d10q.htm"
    },
    {
        "date": "2013-12-31",
        "symbol": "SEE",
        "reportedCurrency": "USD",
        "cik": "0001012100",
        "fillingDate": "2014-02-28",
        "acceptedDate": "2014-02-28 13:14:54",
        "calendarYear": "2013",
        "period": "Q4",
        "revenue": 2012500000,
        "costOfRevenue": 1346200000,
        "grossProfit": 666300000,
        "grossProfitRatio": 0.3310807453,
        "researchAndDevelopmentExpenses": 133000000,
        "generalAndAdministrativeExpenses": 449900000,
        "sellingAndMarketingExpenses": 0,
        "sellingGeneralAndAdministrativeExpenses": 449900000,
        "otherExpenses": -9200000,
        "operatingExpenses": 480700000,
        "costAndExpenses": 1826900000,
        "interestIncome": 2900000,
        "interestExpense": 91600000,
        "depreciationAndAmortization": 30800000,
        "ebitda": 217000000,
        "ebitdaratio": 0.107826087,
        "operatingIncome": 172600000,
        "operatingIncomeRatio": 0.0857639752,
        "totalOtherIncomeExpensesNet": -104600000,
        "incomeBeforeTax": 67700000,
        "incomeBeforeTaxRatio": 0.0336397516,
        "incomeTaxExpense": 64100000,
        "netIncome": 27400000,
        "netIncomeRatio": 0.0136149068,
        "eps": 0.14,
        "epsdiluted": 0.13,
        "weightedAverageShsOut": 194900000,
        "weightedAverageShsOutDil": 213900000,
        "link": "https://www.sec.gov/Archives/edgar/data/1012100/000119312514076159/0001193125-14-076159-index.htm",
        "finalLink": "https://www.sec.gov/Archives/edgar/data/1012100/000119312514076159/d641543d10k.htm"
    },
    {
        "date": "2013-09-30",
        "symbol": "SEE",
        "reportedCurrency": "USD",
        "cik": "0001012100",
        "fillingDate": "2013-11-08",
        "acceptedDate": "2013-11-08 09:42:07",
        "calendarYear": "2013",
        "period": "Q3",
        "revenue": 1938600000,
        "costOfRevenue": 1279500000,
        "grossProfit": 659100000,
        "grossProfitRatio": 0.3399876199,
        "researchAndDevelopmentExpenses": 0,
        "generalAndAdministrativeExpenses": 439900000,
        "sellingAndMarketingExpenses": 0,
        "sellingGeneralAndAdministrativeExpenses": 439900000,
        "otherExpenses": 400000,
        "operatingExpenses": 469400000,
        "costAndExpenses": 1748900000,
        "interestIncome": 2600000,
        "interestExpense": 88900000,
        "depreciationAndAmortization": 29500000,
        "ebitda": 261600000,
        "ebitdaratio": 0.1349427422,
        "operatingIncome": 139900000,
        "operatingIncomeRatio": 0.0721654802,
        "totalOtherIncomeExpensesNet": -90000000,
        "incomeBeforeTax": 50000000,
        "incomeBeforeTaxRatio": 0.0257918085,
        "incomeTaxExpense": 12300000,
        "netIncome": 37400000,
        "netIncomeRatio": 0.0192922728,
        "eps": 0.19,
        "epsdiluted": 0.18,
        "weightedAverageShsOut": 194900000,
        "weightedAverageShsOutDil": 215300000,
        "link": "https://www.sec.gov/Archives/edgar/data/1012100/000119312513434248/0001193125-13-434248-index.htm",
        "finalLink": "https://www.sec.gov/Archives/edgar/data/1012100/000119312513434248/d623540d10q.htm"
    },
    {
        "date": "2013-06-30",
        "symbol": "SEE",
        "reportedCurrency": "USD",
        "cik": "0001012100",
        "fillingDate": "2013-08-07",
        "acceptedDate": "2013-08-07 13:59:49",
        "calendarYear": "2013",
        "period": "Q2",
        "revenue": 1961500000,
        "costOfRevenue": 1296400000,
        "grossProfit": 665100000,
        "grossProfitRatio": 0.3390772368,
        "researchAndDevelopmentExpenses": 0,
        "generalAndAdministrativeExpenses": 452500000,
        "sellingAndMarketingExpenses": 0,
        "sellingGeneralAndAdministrativeExpenses": 452500000,
        "otherExpenses": -3400000,
        "operatingExpenses": 484200000,
        "costAndExpenses": 1780600000,
        "interestIncome": 2300000,
        "interestExpense": 89700000,
        "depreciationAndAmortization": 31700000,
        "ebitda": 236400000,
        "ebitdaratio": 0.1205200102,
        "operatingIncome": 168900000,
        "operatingIncomeRatio": 0.0861075707,
        "totalOtherIncomeExpensesNet": -96700000,
        "incomeBeforeTax": 75200000,
        "incomeBeforeTaxRatio": 0.0383380066,
        "incomeTaxExpense": 18900000,
        "netIncome": 56100000,
        "netIncomeRatio": 0.0286005608,
        "eps": 0.29,
        "epsdiluted": 0.26,
        "weightedAverageShsOut": 194800000,
        "weightedAverageShsOutDil": 213600000,
        "link": "https://www.sec.gov/Archives/edgar/data/1012100/000119312513323795/0001193125-13-323795-index.htm",
        "finalLink": "https://www.sec.gov/Archives/edgar/data/1012100/000119312513323795/d554246d10q.htm"
    },
    {
        "date": "2013-03-31",
        "symbol": "SEE",
        "reportedCurrency": "USD",
        "cik": "0001012100",
        "fillingDate": "2013-05-08",
        "acceptedDate": "2013-05-08 15:50:34",
        "calendarYear": "2013",
        "period": "Q1",
        "revenue": 1852800000,
        "costOfRevenue": 1234800000,
        "grossProfit": 618000000,
        "grossProfitRatio": 0.3335492228,
        "researchAndDevelopmentExpenses": 0,
        "generalAndAdministrativeExpenses": 455400000,
        "sellingAndMarketingExpenses": 0,
        "sellingGeneralAndAdministrativeExpenses": 455400000,
        "otherExpenses": 200000,
        "operatingExpenses": 487600000,
        "costAndExpenses": 1722400000,
        "interestIncome": 3200000,
        "interestExpense": 90800000,
        "depreciationAndAmortization": 32200000,
        "ebitda": 154200000,
        "ebitdaratio": 0.0832253886,
        "operatingIncome": 130200000,
        "operatingIncomeRatio": 0.0702720207,
        "totalOtherIncomeExpensesNet": -138700000,
        "incomeBeforeTax": -5800000,
        "incomeBeforeTaxRatio": -0.0031303972,
        "incomeTaxExpense": -8500000,
        "netIncome": 2600000,
        "netIncomeRatio": 0.0014032815,
        "eps": 0.01,
        "epsdiluted": 0.01,
        "weightedAverageShsOut": 193800000,
        "weightedAverageShsOutDil": 212700000,
        "link": "https://www.sec.gov/Archives/edgar/data/1012100/000119312513207359/0001193125-13-207359-index.htm",
        "finalLink": "https://www.sec.gov/Archives/edgar/data/1012100/000119312513207359/d512784d10q.htm"
    },
    {
        "date": "2012-12-31",
        "symbol": "SEE",
        "reportedCurrency": "USD",
        "cik": "0001012100",
        "fillingDate": "2013-03-01",
        "acceptedDate": "2013-03-01 16:51:21",
        "calendarYear": "2012",
        "period": "Q4",
        "revenue": 1977800000,
        "costOfRevenue": 1326500000,
        "grossProfit": 651300000,
        "grossProfitRatio": 0.3293052887,
        "researchAndDevelopmentExpenses": 135000000,
        "generalAndAdministrativeExpenses": 441500000,
        "sellingAndMarketingExpenses": 0,
        "sellingGeneralAndAdministrativeExpenses": 441500000,
        "otherExpenses": -1300000,
        "operatingExpenses": 476000000,
        "costAndExpenses": 1802500000,
        "interestIncome": 10600000,
        "interestExpense": 93500000,
        "depreciationAndAmortization": 34500000,
        "ebitda": -45400000,
        "ebitdaratio": -0.0229547983,
        "operatingIncome": 118200000,
        "operatingIncomeRatio": 0.0597633734,
        "totalOtherIncomeExpensesNet": -147000000,
        "incomeBeforeTax": -13500000,
        "incomeBeforeTaxRatio": -0.006825766,
        "incomeTaxExpense": -2600000,
        "netIncome": 173600000,
        "netIncomeRatio": 0.0877742947,
        "eps": 0.9,
        "epsdiluted": 0.9,
        "weightedAverageShsOut": 193300000,
        "weightedAverageShsOutDil": 193300000,
        "link": "https://www.sec.gov/Archives/edgar/data/1012100/000119312513087879/0001193125-13-087879-index.htm",
        "finalLink": "https://www.sec.gov/Archives/edgar/data/1012100/000119312513087879/d452256d10k.htm"
    },
    {
        "date": "2012-09-30",
        "symbol": "SEE",
        "reportedCurrency": "USD",
        "cik": "0001012100",
        "fillingDate": "2012-11-09",
        "acceptedDate": "2012-11-09 16:42:49",
        "calendarYear": "2012",
        "period": "Q3",
        "revenue": 1900300000,
        "costOfRevenue": 1256700000,
        "grossProfit": 643600000,
        "grossProfitRatio": 0.3386833658,
        "researchAndDevelopmentExpenses": 0,
        "generalAndAdministrativeExpenses": 429200000,
        "sellingAndMarketingExpenses": 0,
        "sellingGeneralAndAdministrativeExpenses": 429200000,
        "otherExpenses": 33000000,
        "operatingExpenses": 462200000,
        "costAndExpenses": 1718900000,
        "interestIncome": 3500000,
        "interestExpense": 96500000,
        "depreciationAndAmortization": 70800000,
        "ebitda": -1191000000,
        "ebitdaratio": -0.6267431458,
        "operatingIncome": -1191000000,
        "operatingIncomeRatio": -0.6267431458,
        "totalOtherIncomeExpensesNet": -95300000,
        "incomeBeforeTax": -1286300000,
        "incomeBeforeTaxRatio": -0.6768931221,
        "incomeTaxExpense": -48000000,
        "netIncome": -1232400000,
        "netIncomeRatio": -0.6485291796,
        "eps": -6.38,
        "epsdiluted": -6.38,
        "weightedAverageShsOut": 193198127,
        "weightedAverageShsOutDil": 193200000,
        "link": "https://www.sec.gov/Archives/edgar/data/1012100/000119312512463476/0001193125-12-463476-index.htm",
        "finalLink": "https://www.sec.gov/Archives/edgar/data/1012100/000119312512463476/d405619d10q.htm"
    },
    {
        "date": "2012-06-30",
        "symbol": "SEE",
        "reportedCurrency": "USD",
        "cik": "0001012100",
        "fillingDate": "2012-08-09",
        "acceptedDate": "2012-08-09 14:53:43",
        "calendarYear": "2012",
        "period": "Q2",
        "revenue": 2004400000,
        "costOfRevenue": 1341800000,
        "grossProfit": 662600000,
        "grossProfitRatio": 0.33057274,
        "researchAndDevelopmentExpenses": 0,
        "generalAndAdministrativeExpenses": 458100000,
        "sellingAndMarketingExpenses": 21000000,
        "sellingGeneralAndAdministrativeExpenses": 479100000,
        "otherExpenses": 35300000,
        "operatingExpenses": 514400000,
        "costAndExpenses": 1856200000,
        "interestIncome": 3100000,
        "interestExpense": 97600000,
        "depreciationAndAmortization": 35300000,
        "ebitda": 183500000,
        "ebitdaratio": 0.0915485931,
        "operatingIncome": 120000000,
        "operatingIncomeRatio": 0.0598682898,
        "totalOtherIncomeExpensesNet": -126600000,
        "incomeBeforeTax": -6700000,
        "incomeBeforeTaxRatio": -0.0033426462,
        "incomeTaxExpense": 7000000,
        "netIncome": -13700000,
        "netIncomeRatio": -0.0068349631,
        "eps": -0.071,
        "epsdiluted": -0.071,
        "weightedAverageShsOut": 193000000,
        "weightedAverageShsOutDil": 193000000,
        "link": "https://www.sec.gov/Archives/edgar/data/1012100/000119312512347177/0001193125-12-347177-index.htm",
        "finalLink": "https://www.sec.gov/Archives/edgar/data/1012100/000119312512347177/d360979d10q.htm"
    },
    {
        "date": "2012-03-31",
        "symbol": "SEE",
        "reportedCurrency": "USD",
        "cik": "0001012100",
        "fillingDate": "2012-05-10",
        "acceptedDate": "2012-05-10 11:50:42",
        "calendarYear": "2012",
        "period": "Q1",
        "revenue": 1917500000,
        "costOfRevenue": 1267800000,
        "grossProfit": 649700000,
        "grossProfitRatio": 0.3388265971,
        "researchAndDevelopmentExpenses": 0,
        "generalAndAdministrativeExpenses": 456500000,
        "sellingAndMarketingExpenses": 23400000,
        "sellingGeneralAndAdministrativeExpenses": 479900000,
        "otherExpenses": 34200000,
        "operatingExpenses": 514100000,
        "costAndExpenses": 1781900000,
        "interestIncome": 3500000,
        "interestExpense": 97800000,
        "depreciationAndAmortization": 34200000,
        "ebitda": 159000000,
        "ebitdaratio": 0.0829204694,
        "operatingIncome": 87500000,
        "operatingIncomeRatio": 0.0456323338,
        "totalOtherIncomeExpensesNet": -101400000,
        "incomeBeforeTax": -14400000,
        "incomeBeforeTaxRatio": -0.0075097784,
        "incomeTaxExpense": -8400000,
        "netIncome": -6000000,
        "netIncomeRatio": -0.0031290743,
        "eps": -0.0313,
        "epsdiluted": -0.0313,
        "weightedAverageShsOut": 191900000,
        "weightedAverageShsOutDil": 191900000,
        "link": "https://www.sec.gov/Archives/edgar/data/1012100/000119312512224378/0001193125-12-224378-index.htm",
        "finalLink": "https://www.sec.gov/Archives/edgar/data/1012100/000119312512224378/d316254d10q.htm"
    },
    {
        "date": "2011-12-31",
        "symbol": "SEE",
        "reportedCurrency": "USD",
        "cik": "0001012100",
        "fillingDate": "2012-02-29",
        "acceptedDate": "2012-02-29 14:52:02",
        "calendarYear": "2011",
        "period": "Q4",
        "revenue": 2052700000,
        "costOfRevenue": 1380500000,
        "grossProfit": 672200000,
        "grossProfitRatio": 0.3274711356,
        "researchAndDevelopmentExpenses": 0,
        "generalAndAdministrativeExpenses": 0,
        "sellingAndMarketingExpenses": 0,
        "sellingGeneralAndAdministrativeExpenses": 512500000,
        "otherExpenses": 41300000,
        "operatingExpenses": 553800000,
        "costAndExpenses": 1934300000,
        "interestIncome": 0,
        "interestExpense": 106600000,
        "depreciationAndAmortization": 79900000,
        "ebitda": 130400000,
        "ebitdaratio": 0.0635260876,
        "operatingIncome": 65400000,
        "operatingIncomeRatio": 0.0318604764,
        "totalOtherIncomeExpensesNet": -121500000,
        "incomeBeforeTax": -56100000,
        "incomeBeforeTaxRatio": -0.0273298582,
        "incomeTaxExpense": -6800000,
        "netIncome": -49300000,
        "netIncomeRatio": -0.0240171481,
        "eps": -0.26,
        "epsdiluted": -0.26,
        "weightedAverageShsOut": 190700000,
        "weightedAverageShsOutDil": 191900000,
        "link": "https://www.sec.gov/Archives/edgar/data/1012100/000119312512088645/0001193125-12-088645-index.htm",
        "finalLink": "https://www.sec.gov/Archives/edgar/data/1012100/000119312512088645/d268456d10k.htm"
    },
    {
        "date": "2011-09-30",
        "symbol": "SEE",
        "reportedCurrency": "USD",
        "cik": "0001012100",
        "fillingDate": "2011-11-09",
        "acceptedDate": "2011-11-09 14:59:05",
        "calendarYear": "2011",
        "period": "Q3",
        "revenue": 1247100000,
        "costOfRevenue": 911400000,
        "grossProfit": 335700000,
        "grossProfitRatio": 0.2691845081,
        "researchAndDevelopmentExpenses": 0,
        "generalAndAdministrativeExpenses": 0,
        "sellingAndMarketingExpenses": 0,
        "sellingGeneralAndAdministrativeExpenses": 181900000,
        "otherExpenses": 0,
        "operatingExpenses": 181900000,
        "costAndExpenses": 1093300000,
        "interestIncome": 0,
        "interestExpense": 36600000,
        "depreciationAndAmortization": 36700000,
        "ebitda": 173400000,
        "ebitdaratio": 0.1390425788,
        "operatingIncome": 129900000,
        "operatingIncomeRatio": 0.104161655,
        "totalOtherIncomeExpensesNet": -29800000,
        "incomeBeforeTax": 100100000,
        "incomeBeforeTaxRatio": 0.0802662176,
        "incomeTaxExpense": 26400000,
        "netIncome": 73700000,
        "netIncomeRatio": 0.0590971053,
        "eps": 0.46,
        "epsdiluted": 0.41,
        "weightedAverageShsOut": 159300000,
        "weightedAverageShsOutDil": 177900000,
        "link": "https://www.sec.gov/Archives/edgar/data/1012100/000095012311096965/0000950123-11-096965-index.htm",
        "finalLink": "https://www.sec.gov/Archives/edgar/data/1012100/000095012311096965/y05132e10vq.htm"
    },
    {
        "date": "2011-06-30",
        "symbol": "SEE",
        "reportedCurrency": "USD",
        "cik": "0001012100",
        "fillingDate": "2011-08-05",
        "acceptedDate": "2011-08-05 13:39:34",
        "calendarYear": "2011",
        "period": "Q2",
        "revenue": 1212600000,
        "costOfRevenue": 888300000,
        "grossProfit": 324300000,
        "grossProfitRatio": 0.2674418605,
        "researchAndDevelopmentExpenses": 0,
        "generalAndAdministrativeExpenses": 0,
        "sellingAndMarketingExpenses": 0,
        "sellingGeneralAndAdministrativeExpenses": 188600000,
        "otherExpenses": 0,
        "operatingExpenses": 188600000,
        "costAndExpenses": 1076900000,
        "interestIncome": 0,
        "interestExpense": 36900000,
        "depreciationAndAmortization": 36900000,
        "ebitda": 164000000,
        "ebitdaratio": 0.1352465776,
        "operatingIncome": 129100000,
        "operatingIncomeRatio": 0.1064654461,
        "totalOtherIncomeExpensesNet": -38900000,
        "incomeBeforeTax": 90200000,
        "incomeBeforeTaxRatio": 0.0743856177,
        "incomeTaxExpense": 25200000,
        "netIncome": 65000000,
        "netIncomeRatio": 0.0536038265,
        "eps": 0.41,
        "epsdiluted": 0.37,
        "weightedAverageShsOut": 159200000,
        "weightedAverageShsOutDil": 177500000,
        "link": "https://www.sec.gov/Archives/edgar/data/1012100/000095012311073496/0000950123-11-073496-index.htm",
        "finalLink": "https://www.sec.gov/Archives/edgar/data/1012100/000095012311073496/y90290e10vq.htm"
    },
    {
        "date": "2011-03-31",
        "symbol": "SEE",
        "reportedCurrency": "USD",
        "cik": "0001012100",
        "fillingDate": "2011-05-06",
        "acceptedDate": "2011-05-06 12:03:07",
        "calendarYear": "2011",
        "period": "Q1",
        "revenue": 1128500000,
        "costOfRevenue": 819500000,
        "grossProfit": 309000000,
        "grossProfitRatio": 0.2738147984,
        "researchAndDevelopmentExpenses": 0,
        "generalAndAdministrativeExpenses": 0,
        "sellingAndMarketingExpenses": 0,
        "sellingGeneralAndAdministrativeExpenses": 186000000,
        "otherExpenses": 0,
        "operatingExpenses": 186000000,
        "costAndExpenses": 1005500000,
        "interestIncome": 0,
        "interestExpense": 37000000,
        "depreciationAndAmortization": 36000000,
        "ebitda": 154900000,
        "ebitdaratio": 0.137261852,
        "operatingIncome": 123000000,
        "operatingIncomeRatio": 0.1089942401,
        "totalOtherIncomeExpensesNet": -41100000,
        "incomeBeforeTax": 81900000,
        "incomeBeforeTaxRatio": 0.0725742136,
        "incomeTaxExpense": 22200000,
        "netIncome": 59700000,
        "netIncomeRatio": 0.0529020824,
        "eps": 0.37,
        "epsdiluted": 0.34,
        "weightedAverageShsOut": 158700000,
        "weightedAverageShsOutDil": 176900000,
        "link": "https://www.sec.gov/Archives/edgar/data/1012100/000095012311046337/0000950123-11-046337-index.htm",
        "finalLink": "https://www.sec.gov/Archives/edgar/data/1012100/000095012311046337/y90594e10vq.htm"
    },
    {
        "date": "2010-12-31",
        "symbol": "SEE",
        "reportedCurrency": "USD",
        "cik": "0001012100",
        "fillingDate": "2011-02-25",
        "acceptedDate": "2011-02-25 13:50:43",
        "calendarYear": "2010",
        "period": "Q4",
        "revenue": 1209200000,
        "costOfRevenue": 877400000,
        "grossProfit": 331800000,
        "grossProfitRatio": 0.2743962951,
        "researchAndDevelopmentExpenses": 0,
        "generalAndAdministrativeExpenses": 0,
        "sellingAndMarketingExpenses": 0,
        "sellingGeneralAndAdministrativeExpenses": 189800000,
        "otherExpenses": 15200000,
        "operatingExpenses": 205000000,
        "costAndExpenses": 1082400000,
        "interestIncome": -5800000,
        "interestExpense": 39200000,
        "depreciationAndAmortization": 40700000,
        "ebitda": 139100000,
        "ebitdaratio": 0.1150347337,
        "operatingIncome": 134800000,
        "operatingIncomeRatio": 0.1114786636,
        "totalOtherIncomeExpensesNet": -75600000,
        "incomeBeforeTax": 59200000,
        "incomeBeforeTaxRatio": 0.0489579888,
        "incomeTaxExpense": 7900000,
        "netIncome": 51300000,
        "netIncomeRatio": 0.0424247436,
        "eps": 0.32,
        "epsdiluted": 0.32,
        "weightedAverageShsOut": 158600000,
        "weightedAverageShsOutDil": 158700000,
        "link": "https://www.sec.gov/Archives/edgar/data/1012100/000095012311018492/0000950123-11-018492-index.htm",
        "finalLink": "https://www.sec.gov/Archives/edgar/data/1012100/000095012311018492/y88009e10vk.htm"
    },
    {
        "date": "2010-09-30",
        "symbol": "SEE",
        "reportedCurrency": "USD",
        "cik": "0001012100",
        "fillingDate": "2010-11-08",
        "acceptedDate": "2010-11-08 10:34:50",
        "calendarYear": "2010",
        "period": "Q3",
        "revenue": 1130000000,
        "costOfRevenue": 809500000,
        "grossProfit": 320500000,
        "grossProfitRatio": 0.2836283186,
        "researchAndDevelopmentExpenses": 0,
        "generalAndAdministrativeExpenses": 0,
        "sellingAndMarketingExpenses": 0,
        "sellingGeneralAndAdministrativeExpenses": 173300000,
        "otherExpenses": 0,
        "operatingExpenses": 173300000,
        "costAndExpenses": 982800000,
        "interestIncome": 1800000,
        "interestExpense": 40700000,
        "depreciationAndAmortization": 37400000,
        "ebitda": 183600000,
        "ebitdaratio": 0.1624778761,
        "operatingIncome": 147100000,
        "operatingIncomeRatio": 0.1301769912,
        "totalOtherIncomeExpensesNet": -41600000,
        "incomeBeforeTax": 105500000,
        "incomeBeforeTaxRatio": 0.0933628319,
        "incomeTaxExpense": 29000000,
        "netIncome": 76500000,
        "netIncomeRatio": 0.067699115,
        "eps": 0.48,
        "epsdiluted": 0.43,
        "weightedAverageShsOut": 158300000,
        "weightedAverageShsOutDil": 176700000,
        "link": "https://www.sec.gov/Archives/edgar/data/1012100/000104746910009380/0001047469-10-009380-index.htm",
        "finalLink": "https://www.sec.gov/Archives/edgar/data/1012100/000104746910009380/a2200757z10-q.htm"
    },
    {
        "date": "2010-06-30",
        "symbol": "SEE",
        "reportedCurrency": "USD",
        "cik": "0001012100",
        "fillingDate": "2010-08-06",
        "acceptedDate": "2010-08-06 14:36:59",
        "calendarYear": "2010",
        "period": "Q2",
        "revenue": 1089700000,
        "costOfRevenue": 789200000,
        "grossProfit": 300500000,
        "grossProfitRatio": 0.2757639717,
        "researchAndDevelopmentExpenses": 0,
        "generalAndAdministrativeExpenses": 0,
        "sellingAndMarketingExpenses": 0,
        "sellingGeneralAndAdministrativeExpenses": 171600000,
        "otherExpenses": 0,
        "operatingExpenses": 171600000,
        "costAndExpenses": 960800000,
        "interestIncome": 0,
        "interestExpense": 41000000,
        "depreciationAndAmortization": 37000000,
        "ebitda": 170800000,
        "ebitdaratio": 0.1567403873,
        "operatingIncome": 129200000,
        "operatingIncomeRatio": 0.1185647426,
        "totalOtherIncomeExpensesNet": -36400000,
        "incomeBeforeTax": 92800000,
        "incomeBeforeTaxRatio": 0.0851610535,
        "incomeTaxExpense": 25800000,
        "netIncome": 67000000,
        "netIncomeRatio": 0.0614848123,
        "eps": 0.42,
        "epsdiluted": 0.38,
        "weightedAverageShsOut": 158300000,
        "weightedAverageShsOutDil": 176500000,
        "link": "https://www.sec.gov/Archives/edgar/data/1012100/000104746910007135/0001047469-10-007135-index.htm",
        "finalLink": "https://www.sec.gov/Archives/edgar/data/1012100/000104746910007135/a2199683z10-q.htm"
    },
    {
        "date": "2010-03-31",
        "symbol": "SEE",
        "reportedCurrency": "USD",
        "cik": "0001012100",
        "fillingDate": "2010-05-07",
        "acceptedDate": "2010-05-07 11:55:17",
        "calendarYear": "2010",
        "period": "Q1",
        "revenue": 1061200000,
        "costOfRevenue": 761200000,
        "grossProfit": 300000000,
        "grossProfitRatio": 0.2826988315,
        "researchAndDevelopmentExpenses": 0,
        "generalAndAdministrativeExpenses": 0,
        "sellingAndMarketingExpenses": 0,
        "sellingGeneralAndAdministrativeExpenses": 175500000,
        "otherExpenses": 0,
        "operatingExpenses": 175500000,
        "costAndExpenses": 936700000,
        "interestIncome": 0,
        "interestExpense": 40700000,
        "depreciationAndAmortization": 39600000,
        "ebitda": 166300000,
        "ebitdaratio": 0.1567093856,
        "operatingIncome": 123900000,
        "operatingIncomeRatio": 0.1167546174,
        "totalOtherIncomeExpensesNet": -37900000,
        "incomeBeforeTax": 86000000,
        "incomeBeforeTaxRatio": 0.0810403317,
        "incomeTaxExpense": 24800000,
        "netIncome": 61200000,
        "netIncomeRatio": 0.0576705616,
        "eps": 0.38,
        "epsdiluted": 0.35,
        "weightedAverageShsOut": 157800000,
        "weightedAverageShsOutDil": 176100000,
        "link": "https://www.sec.gov/Archives/edgar/data/1012100/000104746910004939/0001047469-10-004939-index.htm",
        "finalLink": "https://www.sec.gov/Archives/edgar/data/1012100/000104746910004939/a2198627z10-q.htm"
    },
    {
        "date": "2009-12-31",
        "symbol": "SEE",
        "reportedCurrency": "USD",
        "cik": "0001012100",
        "fillingDate": "2010-03-01",
        "acceptedDate": "2010-03-01 13:25:11",
        "calendarYear": "2009",
        "period": "Q4",
        "revenue": 1146400000,
        "costOfRevenue": 812800000,
        "grossProfit": 333600000,
        "grossProfitRatio": 0.2909979065,
        "researchAndDevelopmentExpenses": 0,
        "generalAndAdministrativeExpenses": 0,
        "sellingAndMarketingExpenses": 0,
        "sellingGeneralAndAdministrativeExpenses": 203700000,
        "otherExpenses": 0,
        "operatingExpenses": 203700000,
        "costAndExpenses": 1016500000,
        "interestIncome": 0,
        "interestExpense": 40300000,
        "depreciationAndAmortization": 19300000,
        "ebitda": 146700000,
        "ebitdaratio": 0.127965806,
        "operatingIncome": 124100000,
        "operatingIncomeRatio": 0.1082519191,
        "totalOtherIncomeExpensesNet": -37000000,
        "incomeBeforeTax": 87100000,
        "incomeBeforeTaxRatio": 0.0759769714,
        "incomeTaxExpense": 22000000,
        "netIncome": 65100000,
        "netIncomeRatio": 0.056786462,
        "eps": 0.41,
        "epsdiluted": 0.41,
        "weightedAverageShsOut": 157500000,
        "weightedAverageShsOutDil": 157800000,
        "link": "https://www.sec.gov/Archives/edgar/data/1012100/000104746910001622/0001047469-10-001622-index.htm",
        "finalLink": "https://www.sec.gov/Archives/edgar/data/1012100/000104746910001622/a2196675z10-k.htm"
    },
    {
        "date": "2009-09-30",
        "symbol": "SEE",
        "reportedCurrency": "USD",
        "cik": "0001012100",
        "fillingDate": "2009-11-09",
        "acceptedDate": "2009-11-09 12:58:10",
        "calendarYear": "2009",
        "period": "Q3",
        "revenue": 1079900000,
        "costOfRevenue": 768800000,
        "grossProfit": 311100000,
        "grossProfitRatio": 0.2880822298,
        "researchAndDevelopmentExpenses": 0,
        "generalAndAdministrativeExpenses": 0,
        "sellingAndMarketingExpenses": 0,
        "sellingGeneralAndAdministrativeExpenses": 180000000,
        "otherExpenses": 0,
        "operatingExpenses": 180000000,
        "costAndExpenses": 948800000,
        "interestIncome": 2000000,
        "interestExpense": 41900000,
        "depreciationAndAmortization": 46900000,
        "ebitda": 160400000,
        "ebitdaratio": 0.1485322715,
        "operatingIncome": 130200000,
        "operatingIncomeRatio": 0.1205667191,
        "totalOtherIncomeExpensesNet": -50900000,
        "incomeBeforeTax": 79300000,
        "incomeBeforeTaxRatio": 0.0734327253,
        "incomeTaxExpense": 18700000,
        "netIncome": 60600000,
        "netIncomeRatio": 0.0561163071,
        "eps": 0.38,
        "epsdiluted": 0.34,
        "weightedAverageShsOut": 157400000,
        "weightedAverageShsOutDil": 178300000,
        "link": "https://www.sec.gov/Archives/edgar/data/1012100/000104746909009801/0001047469-09-009801-index.htm",
        "finalLink": "https://www.sec.gov/Archives/edgar/data/1012100/000104746909009801/a2195320z10-q.htm"
    },
    {
        "date": "2009-06-30",
        "symbol": "SEE",
        "reportedCurrency": "USD",
        "cik": "0001012100",
        "fillingDate": "2009-08-07",
        "acceptedDate": "2009-08-07 15:46:10",
        "calendarYear": "2009",
        "period": "Q2",
        "revenue": 1028000000,
        "costOfRevenue": 739900000,
        "grossProfit": 288100000,
        "grossProfitRatio": 0.2802529183,
        "researchAndDevelopmentExpenses": 0,
        "generalAndAdministrativeExpenses": 0,
        "sellingAndMarketingExpenses": 0,
        "sellingGeneralAndAdministrativeExpenses": 169300000,
        "otherExpenses": 0,
        "operatingExpenses": 169300000,
        "costAndExpenses": 909200000,
        "interestIncome": 0,
        "interestExpense": 37800000,
        "depreciationAndAmortization": 43800000,
        "ebitda": 156100000,
        "ebitdaratio": 0.151848249,
        "operatingIncome": 118100000,
        "operatingIncomeRatio": 0.1148832685,
        "totalOtherIncomeExpensesNet": -36200000,
        "incomeBeforeTax": 81900000,
        "incomeBeforeTaxRatio": 0.0796692607,
        "incomeTaxExpense": 21400000,
        "netIncome": 60500000,
        "netIncomeRatio": 0.0588521401,
        "eps": 0.38,
        "epsdiluted": 0.33,
        "weightedAverageShsOut": 157300000,
        "weightedAverageShsOutDil": 188600000,
        "link": "https://www.sec.gov/Archives/edgar/data/1012100/000104746909007388/0001047469-09-007388-index.htm",
        "finalLink": "https://www.sec.gov/Archives/edgar/data/1012100/000104746909007388/a2194054z10-q.htm"
    },
    {
        "date": "2009-03-31",
        "symbol": "SEE",
        "reportedCurrency": "USD",
        "cik": "0001012100",
        "fillingDate": "2009-05-08",
        "acceptedDate": "2009-05-08 15:07:51",
        "calendarYear": "2009",
        "period": "Q1",
        "revenue": 988500000,
        "costOfRevenue": 702800000,
        "grossProfit": 285700000,
        "grossProfitRatio": 0.2890237734,
        "researchAndDevelopmentExpenses": 0,
        "generalAndAdministrativeExpenses": 0,
        "sellingAndMarketingExpenses": 0,
        "sellingGeneralAndAdministrativeExpenses": 166200000,
        "otherExpenses": 0,
        "operatingExpenses": 166200000,
        "costAndExpenses": 869000000,
        "interestIncome": 0,
        "interestExpense": 34900000,
        "depreciationAndAmortization": 44500000,
        "ebitda": 154700000,
        "ebitdaratio": 0.1564997471,
        "operatingIncome": 119900000,
        "operatingIncomeRatio": 0.1212948912,
        "totalOtherIncomeExpensesNet": -38300000,
        "incomeBeforeTax": 81600000,
        "incomeBeforeTaxRatio": 0.0825493171,
        "incomeTaxExpense": 23500000,
        "netIncome": 58100000,
        "netIncomeRatio": 0.0587759231,
        "eps": 0.37,
        "epsdiluted": 0.32,
        "weightedAverageShsOut": 156700000,
        "weightedAverageShsOutDil": 187900000,
        "link": "https://www.sec.gov/Archives/edgar/data/1012100/000104746909005250/0001047469-09-005250-index.htm",
        "finalLink": "https://www.sec.gov/Archives/edgar/data/1012100/000104746909005250/a2192907z10-q.htm"
    },
    {
        "date": "2008-12-31",
        "symbol": "SEE",
        "reportedCurrency": "USD",
        "cik": "0001012100",
        "fillingDate": "2009-03-02",
        "acceptedDate": "2009-03-02 14:37:17",
        "calendarYear": "2008",
        "period": "Q4",
        "revenue": 1168300000,
        "costOfRevenue": 860700000,
        "grossProfit": 307600000,
        "grossProfitRatio": 0.2632885389,
        "researchAndDevelopmentExpenses": 0,
        "generalAndAdministrativeExpenses": 0,
        "sellingAndMarketingExpenses": 0,
        "sellingGeneralAndAdministrativeExpenses": 172100000,
        "otherExpenses": 0,
        "operatingExpenses": 172100000,
        "costAndExpenses": 1032800000,
        "interestIncome": 0,
        "interestExpense": 0,
        "depreciationAndAmortization": 39600000,
        "ebitda": 175100000,
        "ebitdaratio": 0.149875888,
        "operatingIncome": 114200000,
        "operatingIncomeRatio": 0.0977488659,
        "totalOtherIncomeExpensesNet": -60900000,
        "incomeBeforeTax": 53300000,
        "incomeBeforeTaxRatio": 0.0456218437,
        "incomeTaxExpense": 6000000,
        "netIncome": 47300000,
        "netIncomeRatio": 0.0404861765,
        "eps": 0.3,
        "epsdiluted": 0.3,
        "weightedAverageShsOut": 156400000,
        "weightedAverageShsOutDil": 156700000,
        "link": "https://www.sec.gov/Archives/edgar/data/1012100/000104746909002102/0001047469-09-002102-index.htm",
        "finalLink": "https://www.sec.gov/Archives/edgar/data/1012100/000104746909002102/a2191105z10-k.htm"
    },
    {
        "date": "2008-09-30",
        "symbol": "SEE",
        "reportedCurrency": "USD",
        "cik": "0001012100",
        "fillingDate": "2008-11-10",
        "acceptedDate": "2008-11-10 15:48:21",
        "calendarYear": "2008",
        "period": "Q3",
        "revenue": 1219000000,
        "costOfRevenue": 925300000,
        "grossProfit": 293700000,
        "grossProfitRatio": 0.2409351928,
        "researchAndDevelopmentExpenses": 0,
        "generalAndAdministrativeExpenses": 0,
        "sellingAndMarketingExpenses": 0,
        "sellingGeneralAndAdministrativeExpenses": 193200000,
        "otherExpenses": 0,
        "operatingExpenses": 193200000,
        "costAndExpenses": 1118500000,
        "interestIncome": 0,
        "interestExpense": 30700000,
        "depreciationAndAmortization": 43300000,
        "ebitda": 77100000,
        "ebitdaratio": 0.0632485644,
        "operatingIncome": 39200000,
        "operatingIncomeRatio": 0.0321575062,
        "totalOtherIncomeExpensesNet": -35700000,
        "incomeBeforeTax": 3500000,
        "incomeBeforeTaxRatio": 0.0028712059,
        "incomeTaxExpense": -5700000,
        "netIncome": 9200000,
        "netIncomeRatio": 0.0075471698,
        "eps": 0.06,
        "epsdiluted": 0.05,
        "weightedAverageShsOut": 156400000,
        "weightedAverageShsOutDil": 174600000,
        "link": "https://www.sec.gov/Archives/edgar/data/1012100/000104746908011905/0001047469-08-011905-index.htm",
        "finalLink": "https://www.sec.gov/Archives/edgar/data/1012100/000104746908011905/a2188941z10-q.htm"
    },
    {
        "date": "2008-06-30",
        "symbol": "SEE",
        "reportedCurrency": "USD",
        "cik": "0001012100",
        "fillingDate": "2008-08-08",
        "acceptedDate": "2008-08-08 12:46:06",
        "calendarYear": "2008",
        "period": "Q2",
        "revenue": 1278800000,
        "costOfRevenue": 948600000,
        "grossProfit": 330200000,
        "grossProfitRatio": 0.2582108226,
        "researchAndDevelopmentExpenses": 0,
        "generalAndAdministrativeExpenses": 0,
        "sellingAndMarketingExpenses": 0,
        "sellingGeneralAndAdministrativeExpenses": 203300000,
        "otherExpenses": 0,
        "operatingExpenses": 203300000,
        "costAndExpenses": 1151900000,
        "interestIncome": 0,
        "interestExpense": 30300000,
        "depreciationAndAmortization": 43500000,
        "ebitda": 157300000,
        "ebitdaratio": 0.1230059431,
        "operatingIncome": 126400000,
        "operatingIncomeRatio": 0.098842665,
        "totalOtherIncomeExpensesNet": -42400000,
        "incomeBeforeTax": 8400000,
        "incomeBeforeTaxRatio": 0.0065686581,
        "incomeTaxExpense": 21400000,
        "netIncome": 62600000,
        "netIncomeRatio": 0.0489521426,
        "eps": 0.39,
        "epsdiluted": 0.34,
        "weightedAverageShsOut": 158000000,
        "weightedAverageShsOutDil": 189000000,
        "link": "https://www.sec.gov/Archives/edgar/data/1012100/000104746908009007/0001047469-08-009007-index.htm",
        "finalLink": "https://www.sec.gov/Archives/edgar/data/1012100/000104746908009007/a2187293z10-q.htm"
    },
    {
        "date": "2008-03-31",
        "symbol": "SEE",
        "reportedCurrency": "USD",
        "cik": "0001012100",
        "fillingDate": "2008-05-09",
        "acceptedDate": "2008-05-09 13:03:13",
        "calendarYear": "2008",
        "period": "Q1",
        "revenue": 1177400000,
        "costOfRevenue": 872300000,
        "grossProfit": 305100000,
        "grossProfitRatio": 0.2591302871,
        "researchAndDevelopmentExpenses": 0,
        "generalAndAdministrativeExpenses": 0,
        "sellingAndMarketingExpenses": 0,
        "sellingGeneralAndAdministrativeExpenses": 186400000,
        "otherExpenses": 0,
        "operatingExpenses": 186400000,
        "costAndExpenses": 1058700000,
        "interestIncome": 0,
        "interestExpense": 35400000,
        "depreciationAndAmortization": 45100000,
        "ebitda": 161600000,
        "ebitdaratio": 0.1372515713,
        "operatingIncome": 116700000,
        "operatingIncomeRatio": 0.0991166978,
        "totalOtherIncomeExpensesNet": -35200000,
        "incomeBeforeTax": 81500000,
        "incomeBeforeTaxRatio": 0.069220316,
        "incomeTaxExpense": 20700000,
        "netIncome": 60800000,
        "netIncomeRatio": 0.051639205,
        "eps": 0.38,
        "epsdiluted": 0.33,
        "weightedAverageShsOut": 159700000,
        "weightedAverageShsOutDil": 190500000,
        "link": "https://www.sec.gov/Archives/edgar/data/1012100/000104746908006288/0001047469-08-006288-index.htm",
        "finalLink": "https://www.sec.gov/Archives/edgar/data/1012100/000104746908006288/a2185603z10-q.htm"
    },
    {
        "date": "2007-12-31",
        "symbol": "SEE",
        "reportedCurrency": "USD",
        "cik": "0001012100",
        "fillingDate": "2008-02-29",
        "acceptedDate": "2008-02-29 16:27:58",
        "calendarYear": "2007",
        "period": "Q4",
        "revenue": 1250200000,
        "costOfRevenue": 906700000,
        "grossProfit": 343500000,
        "grossProfitRatio": 0.274756039,
        "researchAndDevelopmentExpenses": 0,
        "generalAndAdministrativeExpenses": 0,
        "sellingAndMarketingExpenses": 0,
        "sellingGeneralAndAdministrativeExpenses": 197500000,
        "otherExpenses": -6800000,
        "operatingExpenses": 190700000,
        "costAndExpenses": 1097400000,
        "interestIncome": 0,
        "interestExpense": 0,
        "depreciationAndAmortization": 43500000,
        "ebitda": 196300000,
        "ebitdaratio": 0.1570148776,
        "operatingIncome": 145200000,
        "operatingIncomeRatio": 0.1161414174,
        "totalOtherIncomeExpensesNet": -42200000,
        "incomeBeforeTax": 103000000,
        "incomeBeforeTaxRatio": 0.0823868181,
        "incomeTaxExpense": 23300000,
        "netIncome": 79700000,
        "netIncomeRatio": 0.0637498,
        "eps": 0.5,
        "epsdiluted": 0.5,
        "weightedAverageShsOut": 159440343,
        "weightedAverageShsOutDil": 159700000,
        "link": "https://www.sec.gov/Archives/edgar/data/1012100/000104746908002080/0001047469-08-002080-index.htm",
        "finalLink": "https://www.sec.gov/Archives/edgar/data/1012100/000104746908002080/a2183002z10-k.htm"
    },
    {
        "date": "2007-09-30",
        "symbol": "SEE",
        "reportedCurrency": "USD",
        "cik": "0001012100",
        "fillingDate": "2007-11-05",
        "acceptedDate": "2007-11-05 17:15:32",
        "calendarYear": "2007",
        "period": "Q3",
        "revenue": 1160900000,
        "costOfRevenue": 840800000,
        "grossProfit": 320100000,
        "grossProfitRatio": 0.275734344,
        "researchAndDevelopmentExpenses": 0,
        "generalAndAdministrativeExpenses": 0,
        "sellingAndMarketingExpenses": 0,
        "sellingGeneralAndAdministrativeExpenses": 185800000,
        "otherExpenses": 0,
        "operatingExpenses": 185800000,
        "costAndExpenses": 1026600000,
        "interestIncome": 0,
        "interestExpense": 0,
        "depreciationAndAmortization": 42100000,
        "ebitda": 176400000,
        "ebitdaratio": 0.1519510724,
        "operatingIncome": 134100000,
        "operatingIncomeRatio": 0.1155138255,
        "totalOtherIncomeExpensesNet": -28700000,
        "incomeBeforeTax": 105400000,
        "incomeBeforeTaxRatio": 0.0907916272,
        "incomeTaxExpense": 33000000,
        "netIncome": 72400000,
        "netIncomeRatio": 0.0623654062,
        "eps": 0.45,
        "epsdiluted": 0.39,
        "weightedAverageShsOut": 160888889,
        "weightedAverageShsOutDil": 185641026,
        "link": "https://www.sec.gov/Archives/edgar/data/1012100/000104746907008433/0001047469-07-008433-index.htm",
        "finalLink": "https://www.sec.gov/Archives/edgar/data/1012100/000104746907008433/a2180632z10-q.htm"
    },
    {
        "date": "2007-06-30",
        "symbol": "SEE",
        "reportedCurrency": "USD",
        "cik": "0001012100",
        "fillingDate": "2007-08-07",
        "acceptedDate": "2007-08-07 17:27:58",
        "calendarYear": "2007",
        "period": "Q2",
        "revenue": 1145400000,
        "costOfRevenue": 822100000,
        "grossProfit": 323300000,
        "grossProfitRatio": 0.2822594727,
        "researchAndDevelopmentExpenses": 0,
        "generalAndAdministrativeExpenses": 0,
        "sellingAndMarketingExpenses": 0,
        "sellingGeneralAndAdministrativeExpenses": 189000000,
        "otherExpenses": 0,
        "operatingExpenses": 189000000,
        "costAndExpenses": 1011100000,
        "interestIncome": 0,
        "interestExpense": 0,
        "depreciationAndAmortization": 42000000,
        "ebitda": 176300000,
        "ebitdaratio": 0.1539200279,
        "operatingIncome": 134100000,
        "operatingIncomeRatio": 0.1170770037,
        "totalOtherIncomeExpensesNet": -26600000,
        "incomeBeforeTax": 107500000,
        "incomeBeforeTaxRatio": 0.0938536756,
        "incomeTaxExpense": 33600000,
        "netIncome": 73900000,
        "netIncomeRatio": 0.0645189453,
        "eps": 0.46,
        "epsdiluted": 0.4,
        "weightedAverageShsOut": 160652174,
        "weightedAverageShsOutDil": 184750000,
        "link": "https://www.sec.gov/Archives/edgar/data/1012100/000110465907059798/0001104659-07-059798-index.htm",
        "finalLink": "https://www.sec.gov/Archives/edgar/data/1012100/000110465907059798/a07-20707_110q.htm"
    },
    {
        "date": "2007-03-31",
        "symbol": "SEE",
        "reportedCurrency": "USD",
        "cik": "0001012100",
        "fillingDate": "2007-05-08",
        "acceptedDate": "2007-05-08 16:12:35",
        "calendarYear": "2007",
        "period": "Q1",
        "revenue": 1094700000,
        "costOfRevenue": 780500000,
        "grossProfit": 314200000,
        "grossProfitRatio": 0.2870192747,
        "researchAndDevelopmentExpenses": 0,
        "generalAndAdministrativeExpenses": 0,
        "sellingAndMarketingExpenses": 0,
        "sellingGeneralAndAdministrativeExpenses": 177900000,
        "otherExpenses": 0,
        "operatingExpenses": 177900000,
        "costAndExpenses": 958400000,
        "interestIncome": 0,
        "interestExpense": 0,
        "depreciationAndAmortization": 41200000,
        "ebitda": 177500000,
        "ebitdaratio": 0.1621448799,
        "operatingIncome": 135900000,
        "operatingIncomeRatio": 0.124143601,
        "totalOtherIncomeExpensesNet": 4200000,
        "incomeBeforeTax": 140100000,
        "incomeBeforeTaxRatio": 0.1279802686,
        "incomeTaxExpense": 13100000,
        "netIncome": 127000000,
        "netIncomeRatio": 0.1160135197,
        "eps": 0.79,
        "epsdiluted": 0.67,
        "weightedAverageShsOut": 160759494,
        "weightedAverageShsOutDil": 189552239,
        "link": "https://www.sec.gov/Archives/edgar/data/1012100/000110465907037004/0001104659-07-037004-index.htm",
        "finalLink": "https://www.sec.gov/Archives/edgar/data/1012100/000110465907037004/a07-10998_110q.htm"
    },
    {
        "date": "2006-12-31",
        "symbol": "SEE",
        "reportedCurrency": "USD",
        "cik": "0001012100",
        "fillingDate": "2007-03-01",
        "acceptedDate": "2007-02-28 21:39:05",
        "calendarYear": "2006",
        "period": "Q4",
        "revenue": 1145500000,
        "costOfRevenue": 806100000,
        "grossProfit": 339400000,
        "grossProfitRatio": 0.2962898298,
        "researchAndDevelopmentExpenses": 0,
        "generalAndAdministrativeExpenses": 0,
        "sellingAndMarketingExpenses": 0,
        "sellingGeneralAndAdministrativeExpenses": 187200000,
        "otherExpenses": 0,
        "operatingExpenses": 187200000,
        "costAndExpenses": 993300000,
        "interestIncome": 0,
        "interestExpense": 0,
        "depreciationAndAmortization": 43100000,
        "ebitda": 194500000,
        "ebitdaratio": 0.1697948494,
        "operatingIncome": 151400000,
        "operatingIncomeRatio": 0.1321693584,
        "totalOtherIncomeExpensesNet": -29600000,
        "incomeBeforeTax": 121800000,
        "incomeBeforeTaxRatio": 0.1063291139,
        "incomeTaxExpense": 38500000,
        "netIncome": 83300000,
        "netIncomeRatio": 0.0727193365,
        "eps": 0.52,
        "epsdiluted": 0.52,
        "weightedAverageShsOut": 157792240,
        "weightedAverageShsOutDil": 160759494,
        "link": "https://www.sec.gov/Archives/edgar/data/1012100/000110465907015123/0001104659-07-015123-index.htm",
        "finalLink": "https://www.sec.gov/Archives/edgar/data/1012100/000110465907015123/a07-4820_110k.htm"
    },
    {
        "date": "2006-09-30",
        "symbol": "SEE",
        "reportedCurrency": "USD",
        "cik": "0001012100",
        "fillingDate": "2006-11-02",
        "acceptedDate": "2006-11-02 17:04:38",
        "calendarYear": "2006",
        "period": "Q3",
        "revenue": 1081400000,
        "costOfRevenue": 771600000,
        "grossProfit": 309800000,
        "grossProfitRatio": 0.2864804883,
        "researchAndDevelopmentExpenses": 0,
        "generalAndAdministrativeExpenses": 0,
        "sellingAndMarketingExpenses": 0,
        "sellingGeneralAndAdministrativeExpenses": 170100000,
        "otherExpenses": 0,
        "operatingExpenses": 170100000,
        "costAndExpenses": 941700000,
        "interestIncome": 0,
        "interestExpense": 0,
        "depreciationAndAmortization": 41900000,
        "ebitda": 181600000,
        "ebitdaratio": 0.1679304605,
        "operatingIncome": 139800000,
        "operatingIncomeRatio": 0.1292768633,
        "totalOtherIncomeExpensesNet": -28500000,
        "incomeBeforeTax": 111300000,
        "incomeBeforeTaxRatio": 0.102922138,
        "incomeTaxExpense": 34100000,
        "netIncome": 77200000,
        "netIncomeRatio": 0.0713889403,
        "eps": 0.48,
        "epsdiluted": 0.41,
        "weightedAverageShsOut": 162526316,
        "weightedAverageShsOutDil": 188292683,
        "link": "https://www.sec.gov/Archives/edgar/data/1012100/000110465906070800/0001104659-06-070800-index.htm",
        "finalLink": "https://www.sec.gov/Archives/edgar/data/1012100/000110465906070800/a06-21879_110q.htm"
    },
    {
        "date": "2006-06-30",
        "symbol": "SEE",
        "reportedCurrency": "USD",
        "cik": "0001012100",
        "fillingDate": "2006-08-03",
        "acceptedDate": "2006-08-03 16:47:10",
        "calendarYear": "2006",
        "period": "Q2",
        "revenue": 1081900000,
        "costOfRevenue": 774600000,
        "grossProfit": 307300000,
        "grossProfitRatio": 0.2840373417,
        "researchAndDevelopmentExpenses": 0,
        "generalAndAdministrativeExpenses": 0,
        "sellingAndMarketingExpenses": 0,
        "sellingGeneralAndAdministrativeExpenses": 176400000,
        "otherExpenses": 0,
        "operatingExpenses": 176400000,
        "costAndExpenses": 951000000,
        "interestIncome": 0,
        "interestExpense": 0,
        "depreciationAndAmortization": 43700000,
        "ebitda": 174600000,
        "ebitdaratio": 0.1613827526,
        "operatingIncome": 118900000,
        "operatingIncomeRatio": 0.1098992513,
        "totalOtherIncomeExpensesNet": -33900000,
        "incomeBeforeTax": 85000000,
        "incomeBeforeTaxRatio": 0.0785654866,
        "incomeTaxExpense": 27200000,
        "netIncome": 57800000,
        "netIncomeRatio": 0.0534245309,
        "eps": 0.36,
        "epsdiluted": 0.31,
        "weightedAverageShsOut": 160555556,
        "weightedAverageShsOutDil": 186451613,
        "link": "https://www.sec.gov/Archives/edgar/data/1012100/000110465906051191/0001104659-06-051191-index.htm",
        "finalLink": "https://www.sec.gov/Archives/edgar/data/1012100/000110465906051191/a06-15565_110q.htm"
    },
    {
        "date": "2006-03-31",
        "symbol": "SEE",
        "reportedCurrency": "USD",
        "cik": "0001012100",
        "fillingDate": "2006-05-04",
        "acceptedDate": "2006-05-04 17:03:13",
        "calendarYear": "2006",
        "period": "Q1",
        "revenue": 1019100000,
        "costOfRevenue": 735500000,
        "grossProfit": 283600000,
        "grossProfitRatio": 0.2782847611,
        "researchAndDevelopmentExpenses": 0,
        "generalAndAdministrativeExpenses": 0,
        "sellingAndMarketingExpenses": 0,
        "sellingGeneralAndAdministrativeExpenses": 167500000,
        "otherExpenses": 0,
        "operatingExpenses": 167500000,
        "costAndExpenses": 903000000,
        "interestIncome": 0,
        "interestExpense": 0,
        "depreciationAndAmortization": 42100000,
        "ebitda": 158200000,
        "ebitdaratio": 0.1552350113,
        "operatingIncome": 115900000,
        "operatingIncomeRatio": 0.113727799,
        "totalOtherIncomeExpensesNet": -33900000,
        "incomeBeforeTax": 82000000,
        "incomeBeforeTaxRatio": 0.0804631538,
        "incomeTaxExpense": 26200000,
        "netIncome": 55800000,
        "netIncomeRatio": 0.0547541949,
        "eps": 0.34,
        "epsdiluted": 0.3,
        "weightedAverageShsOut": 164117647,
        "weightedAverageShsOutDil": 186000000,
        "link": "https://www.sec.gov/Archives/edgar/data/1012100/000110465906031233/0001104659-06-031233-index.htm",
        "finalLink": "https://www.sec.gov/Archives/edgar/data/1012100/000110465906031233/a06-9704_110q.htm"
    },
    {
        "date": "2005-12-31",
        "symbol": "SEE",
        "reportedCurrency": "USD",
        "cik": "0001012100",
        "fillingDate": "2006-03-15",
        "acceptedDate": "2006-03-15 17:12:35",
        "calendarYear": "2005",
        "period": "Q4",
        "revenue": 1075700000,
        "costOfRevenue": 778900000,
        "grossProfit": 296800000,
        "grossProfitRatio": 0.2759133587,
        "researchAndDevelopmentExpenses": 0,
        "generalAndAdministrativeExpenses": 0,
        "sellingAndMarketingExpenses": 0,
        "sellingGeneralAndAdministrativeExpenses": 160700000,
        "otherExpenses": 0,
        "operatingExpenses": 160700000,
        "costAndExpenses": 939600000,
        "interestIncome": 0,
        "interestExpense": 0,
        "depreciationAndAmortization": 45200000,
        "ebitda": 181300000,
        "ebitdaratio": 0.1685414149,
        "operatingIncome": 135700000,
        "operatingIncomeRatio": 0.1261504137,
        "totalOtherIncomeExpensesNet": -33000000,
        "incomeBeforeTax": 102700000,
        "incomeBeforeTaxRatio": 0.0954727154,
        "incomeTaxExpense": 29700000,
        "netIncome": 73000000,
        "netIncomeRatio": 0.067862787,
        "eps": 0.44,
        "epsdiluted": 0.44,
        "weightedAverageShsOut": 163719918,
        "weightedAverageShsOutDil": 164117647,
        "link": "https://www.sec.gov/Archives/edgar/data/1012100/000104746906003481/0001047469-06-003481-index.htm",
        "finalLink": "https://www.sec.gov/Archives/edgar/data/1012100/000104746906003481/a2167901z10-k.htm"
    },
    {
        "date": "2005-09-30",
        "symbol": "SEE",
        "reportedCurrency": "USD",
        "cik": "0001012100",
        "fillingDate": "2005-11-04",
        "acceptedDate": "2005-11-03 18:23:59",
        "calendarYear": "2005",
        "period": "Q3",
        "revenue": 1019700000,
        "costOfRevenue": 731900000,
        "grossProfit": 287800000,
        "grossProfitRatio": 0.2822398745,
        "researchAndDevelopmentExpenses": 0,
        "generalAndAdministrativeExpenses": 0,
        "sellingAndMarketingExpenses": 0,
        "sellingGeneralAndAdministrativeExpenses": 156400000,
        "otherExpenses": 0,
        "operatingExpenses": 156400000,
        "costAndExpenses": 888300000,
        "interestIncome": 0,
        "interestExpense": 0,
        "depreciationAndAmortization": 43000000,
        "ebitda": 174400000,
        "ebitdaratio": 0.1710306953,
        "operatingIncome": 131300000,
        "operatingIncomeRatio": 0.1287633618,
        "totalOtherIncomeExpensesNet": -35100000,
        "incomeBeforeTax": 96200000,
        "incomeBeforeTaxRatio": 0.094341473,
        "incomeTaxExpense": 32000000,
        "netIncome": 64200000,
        "netIncomeRatio": 0.062959694,
        "eps": 0.39,
        "epsdiluted": 0.34,
        "weightedAverageShsOut": 164615385,
        "weightedAverageShsOutDil": 188823529,
        "link": "https://www.sec.gov/Archives/edgar/data/1012100/000110465905052424/0001104659-05-052424-index.htm",
        "finalLink": "https://www.sec.gov/Archives/edgar/data/1012100/000110465905052424/a05-18486_110q.htm"
    },
    {
        "date": "2005-06-30",
        "symbol": "SEE",
        "reportedCurrency": "USD",
        "cik": "0001012100",
        "fillingDate": "2005-08-04",
        "acceptedDate": "2005-08-04 15:11:55",
        "calendarYear": "2005",
        "period": "Q2",
        "revenue": 1020000000,
        "costOfRevenue": 724100000,
        "grossProfit": 295900000,
        "grossProfitRatio": 0.2900980392,
        "researchAndDevelopmentExpenses": 0,
        "generalAndAdministrativeExpenses": 0,
        "sellingAndMarketingExpenses": 0,
        "sellingGeneralAndAdministrativeExpenses": 169500000,
        "otherExpenses": 0,
        "operatingExpenses": 169500000,
        "costAndExpenses": 893600000,
        "interestIncome": 0,
        "interestExpense": 0,
        "depreciationAndAmortization": 44600000,
        "ebitda": 171000000,
        "ebitdaratio": 0.1676470588,
        "operatingIncome": 126200000,
        "operatingIncomeRatio": 0.1237254902,
        "totalOtherIncomeExpensesNet": -32200000,
        "incomeBeforeTax": 94000000,
        "incomeBeforeTaxRatio": 0.0921568627,
        "incomeTaxExpense": 31300000,
        "netIncome": 62700000,
        "netIncomeRatio": 0.0614705882,
        "eps": 0.38,
        "epsdiluted": 0.33,
        "weightedAverageShsOut": 167200000,
        "weightedAverageShsOutDil": 190000000,
        "link": "https://www.sec.gov/Archives/edgar/data/1012100/000110465905036441/0001104659-05-036441-index.htm",
        "finalLink": "https://www.sec.gov/Archives/edgar/data/1012100/000110465905036441/a05-13937_110q.htm"
    },
    {
        "date": "2005-03-31",
        "symbol": "SEE",
        "reportedCurrency": "USD",
        "cik": "0001012100",
        "fillingDate": "2005-05-04",
        "acceptedDate": "2005-05-04 16:26:07",
        "calendarYear": "2005",
        "period": "Q1",
        "revenue": 969800000,
        "costOfRevenue": 692300000,
        "grossProfit": 277500000,
        "grossProfitRatio": 0.2861414725,
        "researchAndDevelopmentExpenses": 0,
        "generalAndAdministrativeExpenses": 0,
        "sellingAndMarketingExpenses": 0,
        "sellingGeneralAndAdministrativeExpenses": 159300000,
        "otherExpenses": 0,
        "operatingExpenses": 159300000,
        "costAndExpenses": 851600000,
        "interestIncome": 0,
        "interestExpense": 0,
        "depreciationAndAmortization": 45000000,
        "ebitda": 163200000,
        "ebitdaratio": 0.16828212,
        "operatingIncome": 117200000,
        "operatingIncomeRatio": 0.1208496597,
        "totalOtherIncomeExpensesNet": -33600000,
        "incomeBeforeTax": 83600000,
        "incomeBeforeTaxRatio": 0.0862033409,
        "incomeTaxExpense": 27800000,
        "netIncome": 55800000,
        "netIncomeRatio": 0.0575376366,
        "eps": 0.34,
        "epsdiluted": 0.29,
        "weightedAverageShsOut": 166567164,
        "weightedAverageShsOutDil": 192413793,
        "link": "https://www.sec.gov/Archives/edgar/data/1012100/000104746905013151/0001047469-05-013151-index.htm",
        "finalLink": "https://www.sec.gov/Archives/edgar/data/1012100/000104746905013151/a2157242z10-q.htm"
    },
    {
        "date": "2004-12-31",
        "symbol": "SEE",
        "reportedCurrency": "USD",
        "cik": "0001012100",
        "fillingDate": "2005-03-21",
        "acceptedDate": "2005-03-21 17:10:20",
        "calendarYear": "2004",
        "period": "Q4",
        "revenue": 1017100000,
        "costOfRevenue": 709300000,
        "grossProfit": 307800000,
        "grossProfitRatio": 0.3026251106,
        "researchAndDevelopmentExpenses": 0,
        "generalAndAdministrativeExpenses": 0,
        "sellingAndMarketingExpenses": 0,
        "sellingGeneralAndAdministrativeExpenses": 159500000,
        "otherExpenses": 0,
        "operatingExpenses": 159500000,
        "costAndExpenses": 868800000,
        "interestIncome": 0,
        "interestExpense": 0,
        "depreciationAndAmortization": 46900000,
        "ebitda": 195200000,
        "ebitdaratio": 0.1919181988,
        "operatingIncome": 115300000,
        "operatingIncomeRatio": 0.113361518,
        "totalOtherIncomeExpensesNet": -74200000,
        "incomeBeforeTax": 41100000,
        "incomeBeforeTaxRatio": 0.040409006,
        "incomeTaxExpense": 10800000,
        "netIncome": 30300000,
        "netIncomeRatio": 0.0297905811,
        "eps": 0.18,
        "epsdiluted": 0.18,
        "weightedAverageShsOut": 166567164,
        "weightedAverageShsOutDil": 166567164,
        "link": "https://www.sec.gov/Archives/edgar/data/1012100/000104746905007189/0001047469-05-007189-index.htm",
        "finalLink": "https://www.sec.gov/Archives/edgar/data/1012100/000104746905007189/a2153494z10-k.htm"
    },
    {
        "date": "2004-09-30",
        "symbol": "SEE",
        "reportedCurrency": "USD",
        "cik": "0001012100",
        "fillingDate": "2004-11-05",
        "acceptedDate": "2004-11-05 16:12:45",
        "calendarYear": "2004",
        "period": "Q3",
        "revenue": 944200000,
        "costOfRevenue": 658800000,
        "grossProfit": 285400000,
        "grossProfitRatio": 0.302266469,
        "researchAndDevelopmentExpenses": 0,
        "generalAndAdministrativeExpenses": 0,
        "sellingAndMarketingExpenses": 0,
        "sellingGeneralAndAdministrativeExpenses": 152700000,
        "otherExpenses": 0,
        "operatingExpenses": 152700000,
        "costAndExpenses": 811500000,
        "interestIncome": 0,
        "interestExpense": 0,
        "depreciationAndAmortization": 45300000,
        "ebitda": 178000000,
        "ebitdaratio": 0.1885193815,
        "operatingIncome": 132700000,
        "operatingIncomeRatio": 0.140542258,
        "totalOtherIncomeExpensesNet": -35700000,
        "incomeBeforeTax": 97000000,
        "incomeBeforeTaxRatio": 0.1027324719,
        "incomeTaxExpense": 33200000,
        "netIncome": 63800000,
        "netIncomeRatio": 0.06757043,
        "eps": 0.38,
        "epsdiluted": 0.33,
        "weightedAverageShsOut": 167600000,
        "weightedAverageShsOutDil": 198000000,
        "link": "https://www.sec.gov/Archives/edgar/data/1012100/000104746904033235/0001047469-04-033235-index.htm",
        "finalLink": "https://www.sec.gov/Archives/edgar/data/1012100/000104746904033235/a2146066z10-q.htm"
    },
    {
        "date": "2004-06-30",
        "symbol": "SEE",
        "reportedCurrency": "USD",
        "cik": "0001012100",
        "fillingDate": "2004-08-06",
        "acceptedDate": "2004-08-06 16:00:32",
        "calendarYear": "2004",
        "period": "Q2",
        "revenue": 923700000,
        "costOfRevenue": 640900000,
        "grossProfit": 282800000,
        "grossProfitRatio": 0.3061600087,
        "researchAndDevelopmentExpenses": 0,
        "generalAndAdministrativeExpenses": 0,
        "sellingAndMarketingExpenses": 0,
        "sellingGeneralAndAdministrativeExpenses": 155100000,
        "otherExpenses": 0,
        "operatingExpenses": 155100000,
        "costAndExpenses": 796000000,
        "interestIncome": 0,
        "interestExpense": 0,
        "depreciationAndAmortization": 45900000,
        "ebitda": 127700000,
        "ebitdaratio": 0.138248349,
        "operatingIncome": 127700000,
        "operatingIncomeRatio": 0.138248349,
        "totalOtherIncomeExpensesNet": -36900000,
        "incomeBeforeTax": 90800000,
        "incomeBeforeTaxRatio": 0.098300314,
        "incomeTaxExpense": 29400000,
        "netIncome": 61400000,
        "netIncomeRatio": 0.0664717982,
        "eps": 0.37,
        "epsdiluted": 0.32,
        "weightedAverageShsOut": 168219178,
        "weightedAverageShsOutDil": 191875000,
        "link": "https://www.sec.gov/Archives/edgar/data/1012100/000110465904023006/0001104659-04-023006-index.htm",
        "finalLink": "https://www.sec.gov/Archives/edgar/data/1012100/000110465904023006/a04-8941_110q.htm"
    },
    {
        "date": "2004-03-31",
        "symbol": "SEE",
        "reportedCurrency": "USD",
        "cik": "0001012100",
        "fillingDate": "2004-05-07",
        "acceptedDate": "2004-05-07 16:21:23",
        "calendarYear": "2004",
        "period": "Q1",
        "revenue": 913100000,
        "costOfRevenue": 627000000,
        "grossProfit": 286100000,
        "grossProfitRatio": 0.3133282225,
        "researchAndDevelopmentExpenses": 0,
        "generalAndAdministrativeExpenses": 0,
        "sellingAndMarketingExpenses": 0,
        "sellingGeneralAndAdministrativeExpenses": 159300000,
        "otherExpenses": 0,
        "operatingExpenses": 159300000,
        "costAndExpenses": 786300000,
        "interestIncome": 0,
        "interestExpense": 0,
        "depreciationAndAmortization": 44600000,
        "ebitda": 172900000,
        "ebitdaratio": 0.1893549447,
        "operatingIncome": 126800000,
        "operatingIncomeRatio": 0.1388675939,
        "totalOtherIncomeExpensesNet": -33400000,
        "incomeBeforeTax": 94000000,
        "incomeBeforeTaxRatio": 0.1029460081,
        "incomeTaxExpense": 33800000,
        "netIncome": 60200000,
        "netIncomeRatio": 0.065929252,
        "eps": 0.36,
        "epsdiluted": 0.31,
        "weightedAverageShsOut": 169577465,
        "weightedAverageShsOutDil": 194193548,
        "link": "https://www.sec.gov/Archives/edgar/data/1012100/000104746904016440/0001047469-04-016440-index.htm",
        "finalLink": "https://www.sec.gov/Archives/edgar/data/1012100/000104746904016440/a2135941z10-q.htm"
    },
    {
        "date": "2003-12-31",
        "symbol": "SEE",
        "reportedCurrency": "USD",
        "cik": "0001012100",
        "fillingDate": "2004-03-12",
        "acceptedDate": "2004-03-11 21:04:19",
        "calendarYear": "2003",
        "period": "Q4",
        "revenue": 934800000,
        "costOfRevenue": 639900000,
        "grossProfit": 294900000,
        "grossProfitRatio": 0.3154685494,
        "researchAndDevelopmentExpenses": 0,
        "generalAndAdministrativeExpenses": 0,
        "sellingAndMarketingExpenses": 0,
        "sellingGeneralAndAdministrativeExpenses": 147700000,
        "otherExpenses": 0,
        "operatingExpenses": 147700000,
        "costAndExpenses": 787600000,
        "interestIncome": 0,
        "interestExpense": 0,
        "depreciationAndAmortization": 43900000,
        "ebitda": 191100000,
        "ebitdaratio": 0.2044287548,
        "operatingIncome": 147700000,
        "operatingIncomeRatio": 0.1580017116,
        "totalOtherIncomeExpensesNet": -75600000,
        "incomeBeforeTax": 72100000,
        "incomeBeforeTaxRatio": 0.0771287976,
        "incomeTaxExpense": 25200000,
        "netIncome": 46900000,
        "netIncomeRatio": 0.0501711596,
        "eps": 0.28,
        "epsdiluted": 0.28,
        "weightedAverageShsOut": 170170884,
        "weightedAverageShsOutDil": 170200000,
        "link": "https://www.sec.gov/Archives/edgar/data/1012100/000104746904007565/0001047469-04-007565-index.htm",
        "finalLink": "https://www.sec.gov/Archives/edgar/data/1012100/000104746904007565/a2130248z10-k.htm"
    },
    {
        "date": "2003-09-30",
        "symbol": "SEE",
        "reportedCurrency": "USD",
        "cik": "0001012100",
        "fillingDate": "2003-11-12",
        "acceptedDate": "2003-11-12 14:08:29",
        "calendarYear": "2003",
        "period": "Q3",
        "revenue": 908700000,
        "costOfRevenue": 619800000,
        "grossProfit": 288900000,
        "grossProfitRatio": 0.3179267085,
        "researchAndDevelopmentExpenses": 0,
        "generalAndAdministrativeExpenses": 0,
        "sellingAndMarketingExpenses": 0,
        "sellingGeneralAndAdministrativeExpenses": 145600000,
        "otherExpenses": 0,
        "operatingExpenses": 145600000,
        "costAndExpenses": 765400000,
        "interestIncome": 0,
        "interestExpense": 0,
        "depreciationAndAmortization": 43000000,
        "ebitda": 143300000,
        "ebitdaratio": 0.1576978101,
        "operatingIncome": 143300000,
        "operatingIncomeRatio": 0.1576978101,
        "totalOtherIncomeExpensesNet": -39300000,
        "incomeBeforeTax": 104000000,
        "incomeBeforeTaxRatio": 0.1144492132,
        "incomeTaxExpense": 37900000,
        "netIncome": 66100000,
        "netIncomeRatio": 0.0727412787,
        "eps": 0.39,
        "epsdiluted": 0.35,
        "weightedAverageShsOut": 169740000,
        "weightedAverageShsOutDil": 187840000,
        "link": "https://www.sec.gov/Archives/edgar/data/1012100/000104746903036993/0001047469-03-036993-index.htm",
        "finalLink": "https://www.sec.gov/Archives/edgar/data/1012100/000104746903036993/a2122456z10-q.htm"
    },
    {
        "date": "2003-06-30",
        "symbol": "SEE",
        "reportedCurrency": "USD",
        "cik": "0001012100",
        "fillingDate": "2003-08-08",
        "acceptedDate": "2003-08-08 14:11:00",
        "calendarYear": "2003",
        "period": "Q2",
        "revenue": 865600000,
        "costOfRevenue": 596100000,
        "grossProfit": 269500000,
        "grossProfitRatio": 0.311344732,
        "researchAndDevelopmentExpenses": 0,
        "generalAndAdministrativeExpenses": 0,
        "sellingAndMarketingExpenses": 0,
        "sellingGeneralAndAdministrativeExpenses": 142100000,
        "otherExpenses": 300000000,
        "operatingExpenses": 442100000,
        "costAndExpenses": 1038200000,
        "interestIncome": 0,
        "interestExpense": 0,
        "depreciationAndAmortization": 44000000,
        "ebitda": 127400000,
        "ebitdaratio": 0.147181146,
        "operatingIncome": 127400000,
        "operatingIncomeRatio": 0.147181146,
        "totalOtherIncomeExpensesNet": -24600000,
        "incomeBeforeTax": 102800000,
        "incomeBeforeTaxRatio": 0.1187615527,
        "incomeTaxExpense": 37000000,
        "netIncome": 52900000,
        "netIncomeRatio": 0.0611136784,
        "eps": 0.32,
        "epsdiluted": 0.28,
        "weightedAverageShsOut": 169020000,
        "weightedAverageShsOutDil": 187840000,
        "link": "https://www.sec.gov/Archives/edgar/data/1012100/000110465903017207/0001104659-03-017207-index.htm",
        "finalLink": "https://www.sec.gov/Archives/edgar/data/1012100/000110465903017207/a03-1851_110q.htm"
    },
    {
        "date": "2003-03-31",
        "symbol": "SEE",
        "reportedCurrency": "USD",
        "cik": "0001012100",
        "fillingDate": "2003-05-09",
        "acceptedDate": "2003-05-09 14:26:48",
        "calendarYear": "2003",
        "period": "Q1",
        "revenue": 822900000,
        "costOfRevenue": 563400000,
        "grossProfit": 259500000,
        "grossProfitRatio": 0.315348159,
        "researchAndDevelopmentExpenses": 0,
        "generalAndAdministrativeExpenses": 0,
        "sellingAndMarketingExpenses": 0,
        "sellingGeneralAndAdministrativeExpenses": 138700000,
        "otherExpenses": 0,
        "operatingExpenses": 138700000,
        "costAndExpenses": 702100000,
        "interestIncome": 0,
        "interestExpense": 0,
        "depreciationAndAmortization": 42700000,
        "ebitda": 163500000,
        "ebitdaratio": 0.1986875684,
        "operatingIncome": 120800000,
        "operatingIncomeRatio": 0.1467979098,
        "totalOtherIncomeExpensesNet": -32900000,
        "incomeBeforeTax": 87900000,
        "incomeBeforeTaxRatio": 0.1068173533,
        "incomeTaxExpense": 36200000,
        "netIncome": 48400000,
        "netIncomeRatio": 0.0588163811,
        "eps": 0.28,
        "epsdiluted": 0.26,
        "weightedAverageShsOut": 168426000,
        "weightedAverageShsOutDil": 186426000,
        "link": "https://www.sec.gov/Archives/edgar/data/1012100/000104746903017712/0001047469-03-017712-index.htm",
        "finalLink": "https://www.sec.gov/Archives/edgar/data/1012100/000104746903017712/a2110682z10-q.htm"
    },
    {
        "date": "2002-12-31",
        "symbol": "SEE",
        "reportedCurrency": "USD",
        "cik": "0001012100",
        "fillingDate": "2003-03-28",
        "acceptedDate": "2003-03-28 17:21:53",
        "calendarYear": "2002",
        "period": "Q4",
        "revenue": 846071000,
        "costOfRevenue": 563140000,
        "grossProfit": 282931000,
        "grossProfitRatio": 0.3344057414,
        "researchAndDevelopmentExpenses": 0,
        "generalAndAdministrativeExpenses": 0,
        "sellingAndMarketingExpenses": 0,
        "sellingGeneralAndAdministrativeExpenses": 146772000,
        "otherExpenses": 0,
        "operatingExpenses": 146772000,
        "costAndExpenses": 709912000,
        "interestIncome": 0,
        "interestExpense": 0,
        "depreciationAndAmortization": 41376000,
        "ebitda": 177535000,
        "ebitdaratio": 0.2098346356,
        "operatingIncome": 136159000,
        "operatingIncomeRatio": 0.1609309384,
        "totalOtherIncomeExpensesNet": -852039000,
        "incomeBeforeTax": -715880000,
        "incomeBeforeTaxRatio": -0.8461228431,
        "incomeTaxExpense": -214063000,
        "netIncome": -501817000,
        "netIncomeRatio": -0.5931145258,
        "eps": -2.98,
        "epsdiluted": -2.98,
        "weightedAverageShsOut": 168426000,
        "weightedAverageShsOutDil": 168426000,
        "link": "https://www.sec.gov/Archives/edgar/data/1012100/000104746903010963/0001047469-03-010963-index.htm",
        "finalLink": "https://www.sec.gov/Archives/edgar/data/1012100/000104746903010963/a2106385z10-k.htm"
    },
    {
        "date": "2002-09-30",
        "symbol": "SEE",
        "reportedCurrency": "USD",
        "cik": "0001012100",
        "fillingDate": "2002-11-08",
        "acceptedDate": "2002-11-08 16:09:05",
        "calendarYear": "2002",
        "period": "Q3",
        "revenue": 825816000,
        "costOfRevenue": 561727000,
        "grossProfit": 264089000,
        "grossProfitRatio": 0.3197915758,
        "researchAndDevelopmentExpenses": 0,
        "generalAndAdministrativeExpenses": 0,
        "sellingAndMarketingExpenses": 0,
        "sellingGeneralAndAdministrativeExpenses": 136710000,
        "otherExpenses": 0,
        "operatingExpenses": 136710000,
        "costAndExpenses": 698437000,
        "interestIncome": 0,
        "interestExpense": 0,
        "depreciationAndAmortization": 41450000,
        "ebitda": 168829000,
        "ebitdaratio": 0.2044390034,
        "operatingIncome": 128727000,
        "operatingIncomeRatio": 0.1558785492,
        "totalOtherIncomeExpensesNet": -19273000,
        "incomeBeforeTax": 109454000,
        "incomeBeforeTaxRatio": 0.1325404206,
        "incomeTaxExpense": 43256000,
        "netIncome": 52892000,
        "netIncomeRatio": 0.0640481657,
        "eps": 0.35,
        "epsdiluted": 0.31,
        "weightedAverageShsOut": 167878000,
        "weightedAverageShsOutDil": 215110000,
        "link": "https://www.sec.gov/Archives/edgar/data/1012100/000091205702041568/0000912057-02-041568-index.htm",
        "finalLink": "https://www.sec.gov/Archives/edgar/data/1012100/000091205702041568/a2092973z10-q.htm"
    },
    {
        "date": "2002-06-30",
        "symbol": "SEE",
        "reportedCurrency": "USD",
        "cik": "0001012100",
        "fillingDate": "2002-08-13",
        "acceptedDate": "2002-08-13 12:46:23",
        "calendarYear": "2002",
        "period": "Q2",
        "revenue": 786282000,
        "costOfRevenue": 526331000,
        "grossProfit": 259951000,
        "grossProfitRatio": 0.3306078481,
        "researchAndDevelopmentExpenses": 0,
        "generalAndAdministrativeExpenses": 0,
        "sellingAndMarketingExpenses": 0,
        "sellingGeneralAndAdministrativeExpenses": 131303000,
        "otherExpenses": 0,
        "operatingExpenses": 131303000,
        "costAndExpenses": 657634000,
        "interestIncome": 0,
        "interestExpense": 0,
        "depreciationAndAmortization": 41971000,
        "ebitda": 128648000,
        "ebitdaratio": 0.1636155985,
        "operatingIncome": 128648000,
        "operatingIncomeRatio": 0.1636155985,
        "totalOtherIncomeExpensesNet": -17474000,
        "incomeBeforeTax": 111174000,
        "incomeBeforeTaxRatio": 0.1413920197,
        "incomeTaxExpense": 45169000,
        "netIncome": 52447000,
        "netIncomeRatio": 0.0667025317,
        "eps": 0.33,
        "epsdiluted": 0.31,
        "weightedAverageShsOut": 167846000,
        "weightedAverageShsOutDil": 216012000,
        "link": "https://www.sec.gov/Archives/edgar/data/1012100/000091205702031440/0000912057-02-031440-index.htm",
        "finalLink": "https://www.sec.gov/Archives/edgar/data/1012100/000091205702031440/a2086505z10-q.htm"
    },
    {
        "date": "2002-03-31",
        "symbol": "SEE",
        "reportedCurrency": "USD",
        "cik": "0001012100",
        "fillingDate": "2002-05-14",
        "acceptedDate": "2002-05-14 17:23:48",
        "calendarYear": "2002",
        "period": "Q1",
        "revenue": 746087000,
        "costOfRevenue": 495445000,
        "grossProfit": 250642000,
        "grossProfitRatio": 0.335942055,
        "researchAndDevelopmentExpenses": 0,
        "generalAndAdministrativeExpenses": 0,
        "sellingAndMarketingExpenses": 0,
        "sellingGeneralAndAdministrativeExpenses": 127790000,
        "otherExpenses": 0,
        "operatingExpenses": 127790000,
        "costAndExpenses": 623235000,
        "interestIncome": 0,
        "interestExpense": 0,
        "depreciationAndAmortization": 40902000,
        "ebitda": 163800000,
        "ebitdaratio": 0.2195454418,
        "operatingIncome": 122852000,
        "operatingIncomeRatio": 0.164661762,
        "totalOtherIncomeExpensesNet": -19600000,
        "incomeBeforeTax": 103319000,
        "incomeBeforeTaxRatio": 0.1384811691,
        "incomeTaxExpense": 42774000,
        "netIncome": 60500000,
        "netIncomeRatio": 0.0810897389,
        "eps": 0.28,
        "epsdiluted": 0.28,
        "weightedAverageShsOut": 167682000,
        "weightedAverageShsOutDil": 167814000,
        "link": "https://www.sec.gov/Archives/edgar/data/1012100/000091205702020314/0000912057-02-020314-index.htm",
        "finalLink": "https://www.sec.gov/Archives/edgar/data/1012100/000091205702020314/a2079150z10-q.htm"
    },
    {
        "date": "2001-12-31",
        "symbol": "SEE",
        "reportedCurrency": "USD",
        "cik": "0001012100",
        "fillingDate": "2002-03-27",
        "acceptedDate": "2002-03-27 00:00:00",
        "calendarYear": "2001",
        "period": "Q4",
        "revenue": 781390000,
        "costOfRevenue": 523106000,
        "grossProfit": 258284000,
        "grossProfitRatio": 0.3305442865,
        "researchAndDevelopmentExpenses": 0,
        "generalAndAdministrativeExpenses": 0,
        "sellingAndMarketingExpenses": 0,
        "sellingGeneralAndAdministrativeExpenses": 127901000,
        "otherExpenses": 14552000,
        "operatingExpenses": 142453000,
        "costAndExpenses": 665559000,
        "interestIncome": 0,
        "interestExpense": 0,
        "depreciationAndAmortization": 54088000,
        "ebitda": 169919000,
        "ebitdaratio": 0.2174573516,
        "operatingIncome": 93027000,
        "operatingIncomeRatio": 0.1190532257,
        "totalOtherIncomeExpensesNet": -17759000,
        "incomeBeforeTax": 75268000,
        "incomeBeforeTaxRatio": 0.0963257784,
        "incomeTaxExpense": 36805000,
        "netIncome": 38463000,
        "netIncomeRatio": 0.0492238191,
        "eps": 0.23,
        "epsdiluted": 0.23,
        "weightedAverageShsOut": 167682000,
        "weightedAverageShsOutDil": 167682000,
        "link": "https://www.sec.gov/Archives/edgar/data/1012100/000091205702011972/0000912057-02-011972-index.htm",
        "finalLink": "https://www.sec.gov/Archives/edgar/data/1012100/000091205702011972/a2074180z10-k405.htm"
    },
    {
        "date": "2001-09-30",
        "symbol": "SEE",
        "reportedCurrency": "USD",
        "cik": "0001012100",
        "fillingDate": "2001-11-13",
        "acceptedDate": "2001-11-13 00:00:00",
        "calendarYear": "2001",
        "period": "Q3",
        "revenue": 766221000,
        "costOfRevenue": 516617000,
        "grossProfit": 249604000,
        "grossProfitRatio": 0.3257598004,
        "researchAndDevelopmentExpenses": 0,
        "generalAndAdministrativeExpenses": 0,
        "sellingAndMarketingExpenses": 0,
        "sellingGeneralAndAdministrativeExpenses": 126341000,
        "otherExpenses": 14089000,
        "operatingExpenses": 140430000,
        "costAndExpenses": 657047000,
        "interestIncome": 0,
        "interestExpense": 0,
        "depreciationAndAmortization": 53544000,
        "ebitda": 162718000,
        "ebitdaratio": 0.2123643179,
        "operatingIncome": 105230000,
        "operatingIncomeRatio": 0.137336356,
        "totalOtherIncomeExpensesNet": -21725000,
        "incomeBeforeTax": 83505000,
        "incomeBeforeTaxRatio": 0.1089829175,
        "incomeTaxExpense": 39095000,
        "netIncome": 44410000,
        "netIncomeRatio": 0.0579597792,
        "eps": 0.27,
        "epsdiluted": 0.26,
        "weightedAverageShsOut": 167424000,
        "weightedAverageShsOutDil": 167810000,
        "link": "https://www.sec.gov/Archives/edgar/data/1012100/000110465901502679/0001104659-01-502679-index.htm",
        "finalLink": "https://www.sec.gov/Archives/edgar/data/1012100/000110465901502679/j2135_10q.htm"
    },
    {
        "date": "2001-06-30",
        "symbol": "SEE",
        "reportedCurrency": "USD",
        "cik": "0001012100",
        "fillingDate": "2001-08-10",
        "acceptedDate": "2001-08-10 00:00:00",
        "calendarYear": "2001",
        "period": "Q2",
        "revenue": 761599000,
        "costOfRevenue": 519445000,
        "grossProfit": 242154000,
        "grossProfitRatio": 0.3179547242,
        "researchAndDevelopmentExpenses": 0,
        "generalAndAdministrativeExpenses": 0,
        "sellingAndMarketingExpenses": 0,
        "sellingGeneralAndAdministrativeExpenses": 126682000,
        "otherExpenses": 14104000,
        "operatingExpenses": 140786000,
        "costAndExpenses": 660231000,
        "interestIncome": 0,
        "interestExpense": 0,
        "depreciationAndAmortization": 56295000,
        "ebitda": 157663000,
        "ebitdaratio": 0.2070157655,
        "operatingIncome": 95311000,
        "operatingIncomeRatio": 0.1251459101,
        "totalOtherIncomeExpensesNet": -20278000,
        "incomeBeforeTax": 75033000,
        "incomeBeforeTaxRatio": 0.0985203499,
        "incomeTaxExpense": 35769000,
        "netIncome": 39264000,
        "netIncomeRatio": 0.0515546895,
        "eps": 0.23,
        "epsdiluted": 0.23,
        "weightedAverageShsOut": 167320000,
        "weightedAverageShsOutDil": 167320000,
        "link": "https://www.sec.gov/Archives/edgar/data/1012100/000091205701527742/0000912057-01-527742-index.htm",
        "finalLink": "https://www.sec.gov/Archives/edgar/data/1012100/000091205701527742/a2056342z10-q.txt"
    },
    {
        "date": "2001-03-31",
        "symbol": "SEE",
        "reportedCurrency": "USD",
        "cik": "0001012100",
        "fillingDate": "2001-05-11",
        "acceptedDate": "2001-05-11 00:00:00",
        "calendarYear": "2001",
        "period": "Q1",
        "revenue": 758272000,
        "costOfRevenue": 518027000,
        "grossProfit": 240245000,
        "grossProfitRatio": 0.3168322185,
        "researchAndDevelopmentExpenses": 0,
        "generalAndAdministrativeExpenses": 0,
        "sellingAndMarketingExpenses": 0,
        "sellingGeneralAndAdministrativeExpenses": 132162000,
        "otherExpenses": 14260000,
        "operatingExpenses": 146422000,
        "costAndExpenses": 664449000,
        "interestIncome": 0,
        "interestExpense": 0,
        "depreciationAndAmortization": 57250000,
        "ebitda": 151073000,
        "ebitdaratio": 0.1992332567,
        "operatingIncome": 93823000,
        "operatingIncomeRatio": 0.1237326448,
        "totalOtherIncomeExpensesNet": -30177000,
        "incomeBeforeTax": 63646000,
        "incomeBeforeTaxRatio": 0.0839355798,
        "incomeTaxExpense": 29086000,
        "netIncome": 34560000,
        "netIncomeRatio": 0.0455773126,
        "eps": 0.21,
        "epsdiluted": 0.21,
        "weightedAverageShsOut": 167298000,
        "weightedAverageShsOutDil": 167464000,
        "link": "https://www.sec.gov/Archives/edgar/data/1012100/000091205701514797/0000912057-01-514797-index.htm",
        "finalLink": "https://www.sec.gov/Archives/edgar/data/1012100/000091205701514797/a2047657z10-q.txt"
    },
    {
        "date": "2000-12-31",
        "symbol": "SEE",
        "reportedCurrency": "USD",
        "cik": "0001012100",
        "fillingDate": "2001-03-23",
        "acceptedDate": "2001-03-23 00:00:00",
        "calendarYear": "2000",
        "period": "Q4",
        "revenue": 872724000,
        "costOfRevenue": 561320000,
        "grossProfit": 311404000,
        "grossProfitRatio": 0.3568184214,
        "researchAndDevelopmentExpenses": 0,
        "generalAndAdministrativeExpenses": 0,
        "sellingAndMarketingExpenses": 0,
        "sellingGeneralAndAdministrativeExpenses": 127538000,
        "otherExpenses": 55143000,
        "operatingExpenses": 182681000,
        "costAndExpenses": 744001000,
        "interestIncome": 0,
        "interestExpense": 0,
        "depreciationAndAmortization": 55143000,
        "ebitda": 183866000,
        "ebitdaratio": 0.2106805817,
        "operatingIncome": 128723000,
        "operatingIncomeRatio": 0.1474956573,
        "totalOtherIncomeExpensesNet": -15346000,
        "incomeBeforeTax": 113377000,
        "incomeBeforeTaxRatio": 0.129911633,
        "incomeTaxExpense": 51586000,
        "netIncome": 59340000,
        "netIncomeRatio": 0.067994005,
        "eps": 0.37,
        "epsdiluted": 0.37,
        "weightedAverageShsOut": 167292454,
        "weightedAverageShsOutDil": 167298000,
        "link": "https://www.sec.gov/Archives/edgar/data/1012100/000091205701008064/0000912057-01-008064-index.htm",
        "finalLink": "https://www.sec.gov/Archives/edgar/data/1012100/000091205701008064/a2040779z10-k405.txt"
    },
    {
        "date": "2000-09-30",
        "symbol": "SEE",
        "reportedCurrency": "USD",
        "cik": "0001012100",
        "fillingDate": "2000-11-13",
        "acceptedDate": "2000-11-13 00:00:00",
        "calendarYear": "2000",
        "period": "Q3",
        "revenue": 746860000,
        "costOfRevenue": 451498000,
        "grossProfit": 295362000,
        "grossProfitRatio": 0.3954717082,
        "researchAndDevelopmentExpenses": 0,
        "generalAndAdministrativeExpenses": 0,
        "sellingAndMarketingExpenses": 0,
        "sellingGeneralAndAdministrativeExpenses": 129790000,
        "otherExpenses": 55366000,
        "operatingExpenses": 185156000,
        "costAndExpenses": 636654000,
        "interestIncome": 0,
        "interestExpense": 0,
        "depreciationAndAmortization": 55366000,
        "ebitda": 165572000,
        "ebitdaratio": 0.2216908122,
        "operatingIncome": 110206000,
        "operatingIncomeRatio": 0.1475591142,
        "totalOtherIncomeExpensesNet": -9813000,
        "incomeBeforeTax": 100393000,
        "incomeBeforeTaxRatio": 0.1344201055,
        "incomeTaxExpense": 45679000,
        "netIncome": 54714000,
        "netIncomeRatio": 0.0732587098,
        "eps": 0.33,
        "epsdiluted": 0.32,
        "weightedAverageShsOut": 167446000,
        "weightedAverageShsOutDil": 170232000,
        "link": "https://www.sec.gov/Archives/edgar/data/1012100/000095010300001238/0000950103-00-001238-index.htm",
        "finalLink": "https://www.sec.gov/Archives/edgar/data/1012100/000095010300001238/0000950103-00-001238-0001.txt"
    },
    {
        "date": "2000-06-30",
        "symbol": "SEE",
        "reportedCurrency": "USD",
        "cik": "0001012100",
        "fillingDate": "2000-08-11",
        "acceptedDate": "2000-08-11 00:00:00",
        "calendarYear": "2000",
        "period": "Q2",
        "revenue": 731542000,
        "costOfRevenue": 435673000,
        "grossProfit": 295869000,
        "grossProfitRatio": 0.4044456778,
        "researchAndDevelopmentExpenses": 0,
        "generalAndAdministrativeExpenses": 0,
        "sellingAndMarketingExpenses": 0,
        "sellingGeneralAndAdministrativeExpenses": 129226000,
        "otherExpenses": 54277000,
        "operatingExpenses": 183503000,
        "costAndExpenses": 619176000,
        "interestIncome": 0,
        "interestExpense": 0,
        "depreciationAndAmortization": 54277000,
        "ebitda": 166643000,
        "ebitdaratio": 0.2277969002,
        "operatingIncome": 112366000,
        "operatingIncomeRatio": 0.1536015704,
        "totalOtherIncomeExpensesNet": -13594000,
        "incomeBeforeTax": 98772000,
        "incomeBeforeTaxRatio": 0.1350189053,
        "incomeTaxExpense": 44941000,
        "netIncome": 53831000,
        "netIncomeRatio": 0.0735856588,
        "eps": 0.32,
        "epsdiluted": 0.32,
        "weightedAverageShsOut": 167348000,
        "weightedAverageShsOutDil": 167662000,
        "link": "https://www.sec.gov/Archives/edgar/data/1012100/000095010300000945/0000950103-00-000945-index.htm",
        "finalLink": "https://www.sec.gov/Archives/edgar/data/1012100/000095010300000945/0000950103-00-000945-0001.txt"
    },
    {
        "date": "2000-03-31",
        "symbol": "SEE",
        "reportedCurrency": "USD",
        "cik": "0001012100",
        "fillingDate": "2000-05-12",
        "acceptedDate": "2000-05-12 00:00:00",
        "calendarYear": "2000",
        "period": "Q1",
        "revenue": 716588000,
        "costOfRevenue": 415736000,
        "grossProfit": 300852000,
        "grossProfitRatio": 0.4198395731,
        "researchAndDevelopmentExpenses": 0,
        "generalAndAdministrativeExpenses": 0,
        "sellingAndMarketingExpenses": 0,
        "sellingGeneralAndAdministrativeExpenses": 129758000,
        "otherExpenses": 55173000,
        "operatingExpenses": 184931000,
        "costAndExpenses": 600667000,
        "interestIncome": 0,
        "interestExpense": 0,
        "depreciationAndAmortization": 55173000,
        "ebitda": 238413000,
        "ebitdaratio": 0.3327058226,
        "operatingIncome": 115921000,
        "operatingIncomeRatio": 0.1617679894,
        "totalOtherIncomeExpensesNet": -15034000,
        "incomeBeforeTax": 100887000,
        "incomeBeforeTaxRatio": 0.1407880121,
        "incomeTaxExpense": 45904000,
        "netIncome": 54983000,
        "netIncomeRatio": 0.0767288874,
        "eps": 0.33,
        "epsdiluted": 0.33,
        "weightedAverageShsOut": 167258000,
        "weightedAverageShsOutDil": 168764000,
        "link": "https://www.sec.gov/Archives/edgar/data/1012100/000095010300000613/0000950103-00-000613-index.html",
        "finalLink": "https://www.sec.gov/Archives/edgar/data/1012100/000095010300000613/"
    },
    {
        "date": "1999-12-31",
        "symbol": "SEE",
        "reportedCurrency": "USD",
        "cik": "0001012100",
        "fillingDate": "2000-03-27",
        "acceptedDate": "2000-03-27 00:00:00",
        "calendarYear": "1999",
        "period": "Q4",
        "revenue": 750800000,
        "costOfRevenue": 435500000,
        "grossProfit": 315300000,
        "grossProfitRatio": 0.4199520511,
        "researchAndDevelopmentExpenses": 0,
        "generalAndAdministrativeExpenses": 0,
        "sellingAndMarketingExpenses": 0,
        "sellingGeneralAndAdministrativeExpenses": 135800000,
        "otherExpenses": 55600000,
        "operatingExpenses": 191400000,
        "costAndExpenses": 626900000,
        "interestIncome": 0,
        "interestExpense": 0,
        "depreciationAndAmortization": 55600000,
        "ebitda": 179500000,
        "ebitdaratio": 0.2390783165,
        "operatingIncome": 123900000,
        "operatingIncomeRatio": 0.1650239744,
        "totalOtherIncomeExpensesNet": -12200000,
        "incomeBeforeTax": 111700000,
        "incomeBeforeTaxRatio": 0.1487746404,
        "incomeTaxExpense": 51700000,
        "netIncome": 60000000,
        "netIncomeRatio": 0.0799147576,
        "eps": 0.37,
        "epsdiluted": 0.36,
        "weightedAverageShsOut": 161656805,
        "weightedAverageShsOutDil": 167258000,
        "link": "https://www.sec.gov/Archives/edgar/data/1012100/000091205700013759/0000912057-00-013759-index.html",
        "finalLink": "https://www.sec.gov/Archives/edgar/data/1012100/000091205700013759/"
    },
    {
        "date": "1999-09-30",
        "symbol": "SEE",
        "reportedCurrency": "USD",
        "cik": "0001012100",
        "fillingDate": "1999-11-12",
        "acceptedDate": "1999-11-12 00:00:00",
        "calendarYear": "1999",
        "period": "Q3",
        "revenue": 714800000,
        "costOfRevenue": 413700000,
        "grossProfit": 301100000,
        "grossProfitRatio": 0.4212367096,
        "researchAndDevelopmentExpenses": 0,
        "generalAndAdministrativeExpenses": 0,
        "sellingAndMarketingExpenses": 0,
        "sellingGeneralAndAdministrativeExpenses": 130700000,
        "otherExpenses": 56200000,
        "operatingExpenses": 186900000,
        "costAndExpenses": 600600000,
        "interestIncome": 0,
        "interestExpense": 0,
        "depreciationAndAmortization": 56000000,
        "ebitda": 170400000,
        "ebitdaratio": 0.2383883604,
        "operatingIncome": 114200000,
        "operatingIncomeRatio": 0.1597649692,
        "totalOtherIncomeExpensesNet": -13800000,
        "incomeBeforeTax": 100400000,
        "incomeBeforeTaxRatio": 0.1404588696,
        "incomeTaxExpense": 46700000,
        "netIncome": 53700000,
        "netIncomeRatio": 0.0751259093,
        "eps": 0.32,
        "epsdiluted": 0.32,
        "weightedAverageShsOut": 166511628,
        "weightedAverageShsOutDil": 166511628,
        "link": "https://www.sec.gov/Archives/edgar/data/1012100/000095010399000982/0000950103-99-000982-index.html",
        "finalLink": "https://www.sec.gov/Archives/edgar/data/1012100/000095010399000982/"
    },
    {
        "date": "1999-06-30",
        "symbol": "SEE",
        "reportedCurrency": "USD",
        "cik": "0001012100",
        "fillingDate": "1999-08-13",
        "acceptedDate": "1999-08-13 00:00:00",
        "calendarYear": "1999",
        "period": "Q2",
        "revenue": 695100000,
        "costOfRevenue": 397600000,
        "grossProfit": 297500000,
        "grossProfitRatio": 0.4279959718,
        "researchAndDevelopmentExpenses": 0,
        "generalAndAdministrativeExpenses": 0,
        "sellingAndMarketingExpenses": 0,
        "sellingGeneralAndAdministrativeExpenses": 132000000,
        "otherExpenses": 56200000,
        "operatingExpenses": 188200000,
        "costAndExpenses": 585800000,
        "interestIncome": 0,
        "interestExpense": 0,
        "depreciationAndAmortization": 56200000,
        "ebitda": 165521000,
        "ebitdaratio": 0.2381254496,
        "operatingIncome": 109300000,
        "operatingIncomeRatio": 0.1572435621,
        "totalOtherIncomeExpensesNet": -13621000,
        "incomeBeforeTax": 95700000,
        "incomeBeforeTaxRatio": 0.1376780319,
        "incomeTaxExpense": 44500000,
        "netIncome": 51200000,
        "netIncomeRatio": 0.0736584664,
        "eps": 0.31,
        "epsdiluted": 0.31,
        "weightedAverageShsOut": 166500000,
        "weightedAverageShsOutDil": 166500000,
        "link": "https://www.sec.gov/Archives/edgar/data/1012100/000095010399000745/0000950103-99-000745-index.html",
        "finalLink": "https://www.sec.gov/Archives/edgar/data/1012100/000095010399000745/"
    },
    {
        "date": "1999-03-31",
        "symbol": "SEE",
        "reportedCurrency": "USD",
        "cik": "0001012100",
        "fillingDate": "1999-05-14",
        "acceptedDate": "1999-05-14 00:00:00",
        "calendarYear": "1999",
        "period": "Q1",
        "revenue": 678900000,
        "costOfRevenue": 389700000,
        "grossProfit": 289200000,
        "grossProfitRatio": 0.4259832081,
        "researchAndDevelopmentExpenses": 0,
        "generalAndAdministrativeExpenses": 0,
        "sellingAndMarketingExpenses": 0,
        "sellingGeneralAndAdministrativeExpenses": 128600000,
        "otherExpenses": 55800000,
        "operatingExpenses": 184400000,
        "costAndExpenses": 574100000,
        "interestIncome": 0,
        "interestExpense": 0,
        "depreciationAndAmortization": 55800000,
        "ebitda": 160600000,
        "ebitdaratio": 0.2365591398,
        "operatingIncome": 104800000,
        "operatingIncomeRatio": 0.154367359,
        "totalOtherIncomeExpensesNet": -16900000,
        "incomeBeforeTax": 87900000,
        "incomeBeforeTaxRatio": 0.1294741494,
        "incomeTaxExpense": 41300000,
        "netIncome": 46600000,
        "netIncomeRatio": 0.0686404478,
        "eps": 0.28,
        "epsdiluted": 0.28,
        "weightedAverageShsOut": 168823529,
        "weightedAverageShsOutDil": 168823529,
        "link": "https://www.sec.gov/Archives/edgar/data/1012100/000095010399000410/0000950103-99-000410-index.html",
        "finalLink": "https://www.sec.gov/Archives/edgar/data/1012100/"
    },
    {
        "date": "1998-12-31",
        "symbol": "SEE",
        "reportedCurrency": "USD",
        "cik": "0001012100",
        "fillingDate": "1999-03-30",
        "acceptedDate": "1999-03-30 00:00:00",
        "calendarYear": "1998",
        "period": "Q4",
        "revenue": 721500000,
        "costOfRevenue": 416400000,
        "grossProfit": 305100000,
        "grossProfitRatio": 0.4228690229,
        "researchAndDevelopmentExpenses": 0,
        "generalAndAdministrativeExpenses": 0,
        "sellingAndMarketingExpenses": 0,
        "sellingGeneralAndAdministrativeExpenses": 136700000,
        "otherExpenses": 56700000,
        "operatingExpenses": 193400000,
        "costAndExpenses": 609800000,
        "interestIncome": 0,
        "interestExpense": 0,
        "depreciationAndAmortization": 56700000,
        "ebitda": 168400000,
        "ebitdaratio": 0.2334026334,
        "operatingIncome": 111700000,
        "operatingIncomeRatio": 0.1548163548,
        "totalOtherIncomeExpensesNet": 8400000,
        "incomeBeforeTax": 120100000,
        "incomeBeforeTaxRatio": 0.1664587665,
        "incomeTaxExpense": 55600000,
        "netIncome": 64500000,
        "netIncomeRatio": 0.0893970894,
        "eps": 0.39,
        "epsdiluted": 0.38,
        "weightedAverageShsOut": 166624000,
        "weightedAverageShsOutDil": 168823529,
        "link": "https://www.sec.gov/Archives/edgar/data/1012100/000093041399000449/0000930413-99-000449-index.html",
        "finalLink": "https://www.sec.gov/Archives/edgar/data/1012100/"
    },
    {
        "date": "1998-09-30",
        "symbol": "SEE",
        "reportedCurrency": "USD",
        "cik": "0001012100",
        "fillingDate": "1998-11-13",
        "acceptedDate": "1998-11-13 00:00:00",
        "calendarYear": "1998",
        "period": "Q3",
        "revenue": 684300000,
        "costOfRevenue": 401700000,
        "grossProfit": 282600000,
        "grossProfitRatio": 0.4129767646,
        "researchAndDevelopmentExpenses": 0,
        "generalAndAdministrativeExpenses": 0,
        "sellingAndMarketingExpenses": 0,
        "sellingGeneralAndAdministrativeExpenses": 131000000,
        "otherExpenses": 53300000,
        "operatingExpenses": 184300000,
        "costAndExpenses": 586000000,
        "interestIncome": 0,
        "interestExpense": 0,
        "depreciationAndAmortization": 53300000,
        "ebitda": 151600000,
        "ebitdaratio": 0.2215402601,
        "operatingIncome": 98300000,
        "operatingIncomeRatio": 0.1436504457,
        "totalOtherIncomeExpensesNet": -133400000,
        "incomeBeforeTax": -35100000,
        "incomeBeforeTaxRatio": -0.0512932924,
        "incomeTaxExpense": 19000000,
        "netIncome": -54100000,
        "netIncomeRatio": -0.0790588923,
        "eps": -0.32,
        "epsdiluted": -0.32,
        "weightedAverageShsOut": 169647059,
        "weightedAverageShsOutDil": 169647059,
        "link": "https://www.sec.gov/Archives/edgar/data/1012100/000095010398000962/0000950103-98-000962-index.html",
        "finalLink": "https://www.sec.gov/Archives/edgar/data/1012100/"
    },
    {
        "date": "1998-06-30",
        "symbol": "SEE",
        "reportedCurrency": "USD",
        "cik": "0001012100",
        "fillingDate": "1998-08-14",
        "acceptedDate": "1998-08-14 00:00:00",
        "calendarYear": "1998",
        "period": "Q2",
        "revenue": 670000000,
        "costOfRevenue": 398200000,
        "grossProfit": 271800000,
        "grossProfitRatio": 0.4056716418,
        "researchAndDevelopmentExpenses": 0,
        "generalAndAdministrativeExpenses": 0,
        "sellingAndMarketingExpenses": 0,
        "sellingGeneralAndAdministrativeExpenses": 124100000,
        "otherExpenses": 56700000,
        "operatingExpenses": 180800000,
        "costAndExpenses": 579000000,
        "interestIncome": 0,
        "interestExpense": 0,
        "depreciationAndAmortization": 56700000,
        "ebitda": 147700000,
        "ebitdaratio": 0.2204477612,
        "operatingIncome": 91000000,
        "operatingIncomeRatio": 0.1358208955,
        "totalOtherIncomeExpensesNet": -22200000,
        "incomeBeforeTax": 68800000,
        "incomeBeforeTaxRatio": 0.1026865672,
        "incomeTaxExpense": 33200000,
        "netIncome": 35600000,
        "netIncomeRatio": 0.0531343284,
        "eps": 0.11,
        "epsdiluted": 0.11,
        "weightedAverageShsOut": 166544000,
        "weightedAverageShsOutDil": 166544000,
        "link": "https://www.sec.gov/Archives/edgar/data/1012100/000101210098000009/0001012100-98-000009-index.html",
        "finalLink": "https://www.sec.gov/Archives/edgar/data/1012100/"
    },
    {
        "date": "1998-03-31",
        "symbol": "SEE",
        "reportedCurrency": "USD",
        "cik": "0001012100",
        "fillingDate": "1998-05-15",
        "acceptedDate": "1998-05-15 00:00:00",
        "calendarYear": "1998",
        "period": "Q1",
        "revenue": 431000000,
        "costOfRevenue": 261600000,
        "grossProfit": 169400000,
        "grossProfitRatio": 0.3930394432,
        "researchAndDevelopmentExpenses": 0,
        "generalAndAdministrativeExpenses": 0,
        "sellingAndMarketingExpenses": 0,
        "sellingGeneralAndAdministrativeExpenses": 94500000,
        "otherExpenses": 29300000,
        "operatingExpenses": 123800000,
        "costAndExpenses": 385400000,
        "interestIncome": 0,
        "interestExpense": 0,
        "depreciationAndAmortization": 29300000,
        "ebitda": 74900000,
        "ebitdaratio": 0.1737819026,
        "operatingIncome": 45600000,
        "operatingIncomeRatio": 0.105800464,
        "totalOtherIncomeExpensesNet": -500000,
        "incomeBeforeTax": 45100000,
        "incomeBeforeTaxRatio": 0.1046403712,
        "incomeTaxExpense": 18000000,
        "netIncome": 27100000,
        "netIncomeRatio": 0.0628770302,
        "eps": 0.11,
        "epsdiluted": 0.11,
        "weightedAverageShsOut": 166544000,
        "weightedAverageShsOutDil": 166544000,
        "link": "https://www.sec.gov/Archives/edgar/data/1012100/000101210098000002/0001012100-98-000002-index.html",
        "finalLink": "https://www.sec.gov/Archives/edgar/data/1012100/"
    },
    {
        "date": "1997-12-31",
        "symbol": "SEE",
        "reportedCurrency": "USD",
        "cik": "0001012100",
        "fillingDate": "1998-03-30",
        "acceptedDate": "1998-03-30 00:00:00",
        "calendarYear": "1997",
        "period": "Q4",
        "revenue": 222000000,
        "costOfRevenue": 0,
        "grossProfit": 222000000,
        "grossProfitRatio": 1,
        "researchAndDevelopmentExpenses": 0,
        "generalAndAdministrativeExpenses": 0,
        "sellingAndMarketingExpenses": 0,
        "sellingGeneralAndAdministrativeExpenses": 0,
        "otherExpenses": -696300000,
        "operatingExpenses": -696300000,
        "costAndExpenses": -696300000,
        "interestIncome": 0,
        "interestExpense": 0,
        "depreciationAndAmortization": 491700000,
        "ebitda": -474300000,
        "ebitdaratio": -2.1364864865,
        "operatingIncome": -474300000,
        "operatingIncomeRatio": -2.1364864865,
        "totalOtherIncomeExpensesNet": 491700000,
        "incomeBeforeTax": 17400000,
        "incomeBeforeTaxRatio": 0.0783783784,
        "incomeTaxExpense": 0,
        "netIncome": 17400000,
        "netIncomeRatio": 0.0783783784,
        "eps": 0.21,
        "epsdiluted": 0.21,
        "weightedAverageShsOut": 166544000,
        "weightedAverageShsOutDil": 166544000,
        "link": "https://www.sec.gov/Archives/edgar/data/1012100/000095014498003526/0000950144-98-003526-index.html",
        "finalLink": "https://www.sec.gov/Archives/edgar/data/1012100/"
    },
    {
        "date": "1997-09-30",
        "symbol": "SEE",
        "reportedCurrency": "USD",
        "cik": "0001012100",
        "fillingDate": "1997-11-14",
        "acceptedDate": "1997-11-14 00:00:00",
        "calendarYear": "1997",
        "period": "Q3",
        "revenue": 206300000,
        "costOfRevenue": 0,
        "grossProfit": 206300000,
        "grossProfitRatio": 1,
        "researchAndDevelopmentExpenses": 0,
        "generalAndAdministrativeExpenses": 0,
        "sellingAndMarketingExpenses": 0,
        "sellingGeneralAndAdministrativeExpenses": 0,
        "otherExpenses": 0,
        "operatingExpenses": 0,
        "costAndExpenses": 0,
        "interestIncome": 0,
        "interestExpense": 206300000,
        "depreciationAndAmortization": -184900000,
        "ebitda": 206300000,
        "ebitdaratio": 1,
        "operatingIncome": 206300000,
        "operatingIncomeRatio": 1,
        "totalOtherIncomeExpensesNet": -184900000,
        "incomeBeforeTax": 21400000,
        "incomeBeforeTaxRatio": 0.1037324285,
        "incomeTaxExpense": 0,
        "netIncome": 21400000,
        "netIncomeRatio": 0.1037324285,
        "eps": 0.14,
        "epsdiluted": 0.14,
        "weightedAverageShsOut": 157320314,
        "weightedAverageShsOutDil": 157320314,
        "link": "https://www.sec.gov/Archives/edgar/data/1012100/000095013697001604/0000950136-97-001604-index.html",
        "finalLink": "https://www.sec.gov/Archives/edgar/data/1012100/"
    },
    {
        "date": "1997-06-30",
        "symbol": "SEE",
        "reportedCurrency": "USD",
        "cik": "0001012100",
        "fillingDate": "1997-08-12",
        "acceptedDate": "1997-08-12 00:00:00",
        "calendarYear": "1997",
        "period": "Q2",
        "revenue": 211600000,
        "costOfRevenue": 0,
        "grossProfit": 211600000,
        "grossProfitRatio": 1,
        "researchAndDevelopmentExpenses": 0,
        "generalAndAdministrativeExpenses": 0,
        "sellingAndMarketingExpenses": 0,
        "sellingGeneralAndAdministrativeExpenses": 0,
        "otherExpenses": 0,
        "operatingExpenses": 0,
        "costAndExpenses": 0,
        "interestIncome": 0,
        "interestExpense": 211600000,
        "depreciationAndAmortization": -189900000,
        "ebitda": 211600000,
        "ebitdaratio": 1,
        "operatingIncome": 211600000,
        "operatingIncomeRatio": 1,
        "totalOtherIncomeExpensesNet": -189900000,
        "incomeBeforeTax": 21700000,
        "incomeBeforeTaxRatio": 0.1025519849,
        "incomeTaxExpense": 0,
        "netIncome": 21700000,
        "netIncomeRatio": 0.1025519849,
        "eps": 0.14,
        "epsdiluted": 0.14,
        "weightedAverageShsOut": 157320314,
        "weightedAverageShsOutDil": 157320314,
        "link": "https://www.sec.gov/Archives/edgar/data/1012100/000095013697001108/0000950136-97-001108-index.html",
        "finalLink": "https://www.sec.gov/Archives/edgar/data/1012100/"
    },
    {
        "date": "1997-03-31",
        "symbol": "SEE",
        "reportedCurrency": "USD",
        "cik": "0001012100",
        "fillingDate": "1997-05-13",
        "acceptedDate": "1997-05-13 00:00:00",
        "calendarYear": "1997",
        "period": "Q1",
        "revenue": 202900000,
        "costOfRevenue": 0,
        "grossProfit": 202900000,
        "grossProfitRatio": 1,
        "researchAndDevelopmentExpenses": 0,
        "generalAndAdministrativeExpenses": 0,
        "sellingAndMarketingExpenses": 0,
        "sellingGeneralAndAdministrativeExpenses": 0,
        "otherExpenses": 0,
        "operatingExpenses": 0,
        "costAndExpenses": 0,
        "interestIncome": 0,
        "interestExpense": 202900000,
        "depreciationAndAmortization": -183500000,
        "ebitda": 202900000,
        "ebitdaratio": 1,
        "operatingIncome": 202900000,
        "operatingIncomeRatio": 1,
        "totalOtherIncomeExpensesNet": -183500000,
        "incomeBeforeTax": 19400000,
        "incomeBeforeTaxRatio": 0.0956136028,
        "incomeTaxExpense": 0,
        "netIncome": 19400000,
        "netIncomeRatio": 0.0956136028,
        "eps": 0.23,
        "epsdiluted": 0.23,
        "weightedAverageShsOut": 148096628,
        "weightedAverageShsOutDil": 148096628,
        "link": "https://www.sec.gov/Archives/edgar/data/1012100/000095013697000610/0000950136-97-000610-index.html",
        "finalLink": "https://www.sec.gov/Archives/edgar/data/1012100/"
    },
    {
        "date": "1996-12-31",
        "symbol": "SEE",
        "reportedCurrency": "USD",
        "cik": "0001012100",
        "fillingDate": "1997-03-28",
        "acceptedDate": "1997-03-28 00:00:00",
        "calendarYear": "1996",
        "period": "Q4",
        "revenue": 470000000,
        "costOfRevenue": 310700000,
        "grossProfit": 159300000,
        "grossProfitRatio": 0.3389361702,
        "researchAndDevelopmentExpenses": 0,
        "generalAndAdministrativeExpenses": 86900000,
        "sellingAndMarketingExpenses": 38000000,
        "sellingGeneralAndAdministrativeExpenses": 124900000,
        "otherExpenses": 0,
        "operatingExpenses": 124900000,
        "costAndExpenses": 435600000,
        "interestIncome": 0,
        "interestExpense": 0,
        "depreciationAndAmortization": 24800000,
        "ebitda": 60500000,
        "ebitdaratio": 0.1287234043,
        "operatingIncome": 35700000,
        "operatingIncomeRatio": 0.0759574468,
        "totalOtherIncomeExpensesNet": 100000,
        "incomeBeforeTax": 35800000,
        "incomeBeforeTaxRatio": 0.0761702128,
        "incomeTaxExpense": 14700000,
        "netIncome": 21100000,
        "netIncomeRatio": 0.044893617,
        "eps": 0.13,
        "epsdiluted": 0.13,
        "weightedAverageShsOut": 167200000,
        "weightedAverageShsOutDil": 167200000,
        "link": "https://www.sec.gov/Archives/edgar/data/1012100/000095014497003137/0000950144-97-003137-index.html",
        "finalLink": "https://www.sec.gov/Archives/edgar/data/1012100/"
    }
]