[
    {
        "date": "2025-06-30",
        "symbol": "SEG",
        "reportedCurrency": "USD",
        "cik": "0002009684",
        "fillingDate": "2025-08-11",
        "acceptedDate": "2025-08-11 16:51:53",
        "calendarYear": "2025",
        "period": "Q2",
        "revenue": 39801000,
        "costOfRevenue": 33126000,
        "grossProfit": 6675000,
        "grossProfitRatio": 0.167709354,
        "researchAndDevelopmentExpenses": 0,
        "generalAndAdministrativeExpenses": 8291000,
        "sellingAndMarketingExpenses": 0,
        "sellingGeneralAndAdministrativeExpenses": 8291000,
        "otherExpenses": 14391000,
        "operatingExpenses": 22682000,
        "costAndExpenses": 55808000,
        "interestIncome": 0,
        "interestExpense": 0,
        "depreciationAndAmortization": 6581000,
        "ebitda": -9426000,
        "ebitdaratio": -0.2368282204,
        "operatingIncome": -16007000,
        "operatingIncomeRatio": -0.4021758247,
        "totalOtherIncomeExpensesNet": 1583000,
        "incomeBeforeTax": -14424000,
        "incomeBeforeTaxRatio": -0.3624029547,
        "incomeTaxExpense": 0,
        "netIncome": -14774000,
        "netIncomeRatio": -0.3711967036,
        "eps": -1.16,
        "epsdiluted": -1.16,
        "weightedAverageShsOut": 12695000,
        "weightedAverageShsOutDil": 12695000,
        "link": "https://www.sec.gov/Archives/edgar/data/2009684/000155837025011067/0001558370-25-011067-index.htm",
        "finalLink": "https://www.sec.gov/Archives/edgar/data/2009684/000155837025011067/seg-20250630x10q.htm"
    },
    {
        "date": "2025-03-31",
        "symbol": "SEG",
        "reportedCurrency": "USD",
        "cik": "0002009684",
        "fillingDate": "2025-05-12",
        "acceptedDate": "2025-05-12 16:38:09",
        "calendarYear": "2025",
        "period": "Q1",
        "revenue": 16069000,
        "costOfRevenue": 22819000,
        "grossProfit": -6750000,
        "grossProfitRatio": -0.4200634763,
        "researchAndDevelopmentExpenses": 0,
        "generalAndAdministrativeExpenses": 9782000,
        "sellingAndMarketingExpenses": 0,
        "sellingGeneralAndAdministrativeExpenses": 9782000,
        "otherExpenses": 16170000,
        "operatingExpenses": 25952000,
        "costAndExpenses": 48771000,
        "interestIncome": 994000,
        "interestExpense": 0,
        "depreciationAndAmortization": 8091000,
        "ebitda": -24611000,
        "ebitdaratio": -1.5315825503,
        "operatingIncome": -32702000,
        "operatingIncomeRatio": -2.0350986371,
        "totalOtherIncomeExpensesNet": 1164000,
        "incomeBeforeTax": -31538000,
        "incomeBeforeTaxRatio": -1.9626610243,
        "incomeTaxExpense": 0,
        "netIncome": -31888000,
        "netIncomeRatio": -1.9844420935,
        "eps": -2.51,
        "epsdiluted": -2.51,
        "weightedAverageShsOut": 12694000,
        "weightedAverageShsOutDil": 12694000,
        "link": "https://www.sec.gov/Archives/edgar/data/2009684/000155837025007409/0001558370-25-007409-index.htm",
        "finalLink": "https://www.sec.gov/Archives/edgar/data/2009684/000155837025007409/seg-20250331x10q.htm"
    },
    {
        "date": "2024-12-31",
        "symbol": "SEG",
        "reportedCurrency": "USD",
        "cik": "0002009684",
        "fillingDate": "2025-03-10",
        "acceptedDate": "2025-03-10 16:50:56",
        "calendarYear": "2024",
        "period": "Q4",
        "revenue": 22844000,
        "costOfRevenue": 16850000,
        "grossProfit": 5994000,
        "grossProfitRatio": 0.2623883733,
        "researchAndDevelopmentExpenses": 0,
        "generalAndAdministrativeExpenses": 9783000,
        "sellingAndMarketingExpenses": 0,
        "sellingGeneralAndAdministrativeExpenses": 9783000,
        "otherExpenses": 21464000,
        "operatingExpenses": 31247000,
        "costAndExpenses": 48097000,
        "interestIncome": 0,
        "interestExpense": 0,
        "depreciationAndAmortization": 13684000,
        "ebitda": -29730000,
        "ebitdaratio": -1.3014358256,
        "operatingIncome": -25253000,
        "operatingIncomeRatio": -1.1054543863,
        "totalOtherIncomeExpensesNet": -16023000,
        "incomeBeforeTax": -41276000,
        "incomeBeforeTaxRatio": -1.8068639468,
        "incomeTaxExpense": 0,
        "netIncome": -41626000,
        "netIncomeRatio": -1.8221852565,
        "eps": -3.63,
        "epsdiluted": -3.63,
        "weightedAverageShsOut": 11474000,
        "weightedAverageShsOutDil": 11474000,
        "link": "https://www.sec.gov/Archives/edgar/data/2009684/000155837025002600/0001558370-25-002600-index.htm",
        "finalLink": "https://www.sec.gov/Archives/edgar/data/2009684/000155837025002600/seg-20241231x10k.htm"
    },
    {
        "date": "2024-09-30",
        "symbol": "SEG",
        "reportedCurrency": "USD",
        "cik": "0002009684",
        "fillingDate": "2024-11-07",
        "acceptedDate": "2024-11-07 16:28:05",
        "calendarYear": "2024",
        "period": "Q3",
        "revenue": 39697000,
        "costOfRevenue": 26569000,
        "grossProfit": 13128000,
        "grossProfitRatio": 0.3307050911,
        "researchAndDevelopmentExpenses": 0,
        "generalAndAdministrativeExpenses": 18319000,
        "sellingAndMarketingExpenses": 0,
        "sellingGeneralAndAdministrativeExpenses": 18319000,
        "otherExpenses": 14809000,
        "operatingExpenses": 33128000,
        "costAndExpenses": 59697000,
        "interestIncome": 0,
        "interestExpense": 3133000,
        "depreciationAndAmortization": 7694000,
        "ebitda": -21447000,
        "ebitdaratio": -0.5402675265,
        "operatingIncome": -20000000,
        "operatingIncomeRatio": -0.5038164093,
        "totalOtherIncomeExpensesNet": -12274000,
        "incomeBeforeTax": -32274000,
        "incomeBeforeTaxRatio": -0.8130085397,
        "incomeTaxExpense": 0,
        "netIncome": -32511000,
        "netIncomeRatio": -0.8189787641,
        "eps": -5.89,
        "epsdiluted": -5.89,
        "weightedAverageShsOut": 5522000,
        "weightedAverageShsOutDil": 5522000,
        "link": "https://www.sec.gov/Archives/edgar/data/2009684/000155837024014880/0001558370-24-014880-index.htm",
        "finalLink": "https://www.sec.gov/Archives/edgar/data/2009684/000155837024014880/seg-20240930x10q.htm"
    },
    {
        "date": "2024-06-30",
        "symbol": "SEG",
        "reportedCurrency": "USD",
        "cik": "0002009684",
        "fillingDate": "2024-08-22",
        "acceptedDate": "2024-08-22 16:15:33",
        "calendarYear": "2024",
        "period": "Q2",
        "revenue": 33941000,
        "costOfRevenue": 20911000,
        "grossProfit": 13030000,
        "grossProfitRatio": 0.3839014761,
        "researchAndDevelopmentExpenses": 0,
        "generalAndAdministrativeExpenses": 18613000,
        "sellingAndMarketingExpenses": 0,
        "sellingGeneralAndAdministrativeExpenses": 18613000,
        "otherExpenses": 19652000,
        "operatingExpenses": 38265000,
        "costAndExpenses": 59176000,
        "interestIncome": 0,
        "interestExpense": 3210000,
        "depreciationAndAmortization": 5333000,
        "ebitda": -26454000,
        "ebitdaratio": -0.7794113314,
        "operatingIncome": -25235000,
        "operatingIncomeRatio": -0.7434960667,
        "totalOtherIncomeExpensesNet": -9762000,
        "incomeBeforeTax": -34997000,
        "incomeBeforeTaxRatio": -1.0311128134,
        "incomeTaxExpense": 0,
        "netIncome": -34997000,
        "netIncomeRatio": -1.0311128134,
        "eps": -6.27,
        "epsdiluted": -6.27,
        "weightedAverageShsOut": 5582637,
        "weightedAverageShsOutDil": 5582637,
        "link": "https://www.sec.gov/Archives/edgar/data/2009684/000155837024012429/0001558370-24-012429-index.htm",
        "finalLink": "https://www.sec.gov/Archives/edgar/data/2009684/000155837024012429/seg-20240630x10q.htm"
    },
    {
        "date": "2024-03-31",
        "symbol": "SEG",
        "reportedCurrency": "USD",
        "cik": "0002009684",
        "fillingDate": "2024-03-31",
        "acceptedDate": "2024-03-30 20:00:00",
        "calendarYear": "2024",
        "period": "Q1",
        "revenue": 14511000,
        "costOfRevenue": 12649000,
        "grossProfit": 1862000,
        "grossProfitRatio": 0.1283164496,
        "researchAndDevelopmentExpenses": 0,
        "generalAndAdministrativeExpenses": 16554000,
        "sellingAndMarketingExpenses": 0,
        "sellingGeneralAndAdministrativeExpenses": 16554000,
        "otherExpenses": 16629000,
        "operatingExpenses": 33183000,
        "costAndExpenses": 45832000,
        "interestIncome": 0,
        "interestExpense": 2546000,
        "depreciationAndAmortization": 8074000,
        "ebitda": -33458000,
        "ebitdaratio": -2.3056991248,
        "operatingIncome": -31321000,
        "operatingIncomeRatio": -2.1584315347,
        "totalOtherIncomeExpensesNet": -12757000,
        "incomeBeforeTax": -44078000,
        "incomeBeforeTaxRatio": -3.0375577148,
        "incomeTaxExpense": 0,
        "netIncome": -44078000,
        "netIncomeRatio": -3.0375577148,
        "eps": -3.45,
        "epsdiluted": -3.45,
        "weightedAverageShsOut": 12583000,
        "weightedAverageShsOutDil": 12583000,
        "link": null,
        "finalLink": null
    },
    {
        "date": "2023-12-31",
        "symbol": "SEG",
        "reportedCurrency": "USD",
        "cik": "0002009684",
        "fillingDate": "2023-12-31",
        "acceptedDate": "2023-12-31 00:00:00",
        "calendarYear": "2023",
        "period": "Q4",
        "revenue": 22903000,
        "costOfRevenue": 17927000,
        "grossProfit": 4976000,
        "grossProfitRatio": 0.2172641139,
        "researchAndDevelopmentExpenses": 0,
        "generalAndAdministrativeExpenses": 31424000,
        "sellingAndMarketingExpenses": 0,
        "sellingGeneralAndAdministrativeExpenses": 31424000,
        "otherExpenses": 18734000,
        "operatingExpenses": 50158000,
        "costAndExpenses": 68085000,
        "interestIncome": 0,
        "interestExpense": 805000,
        "depreciationAndAmortization": 8396000,
        "ebitda": -50500000,
        "ebitdaratio": -2.2049513164,
        "operatingIncome": -45182000,
        "operatingIncomeRatio": -1.972754661,
        "totalOtherIncomeExpensesNet": -14519000,
        "incomeBeforeTax": -59701000,
        "incomeBeforeTaxRatio": -2.60668908,
        "incomeTaxExpense": -2187000,
        "netIncome": -57514000,
        "netIncomeRatio": -2.5111994062,
        "eps": -3.936,
        "epsdiluted": -3.936,
        "weightedAverageShsOut": 14613675,
        "weightedAverageShsOutDil": 14613675,
        "link": null,
        "finalLink": null
    },
    {
        "date": "2023-09-30",
        "symbol": "SEG",
        "reportedCurrency": "USD",
        "cik": "0002009684",
        "fillingDate": "2023-09-30",
        "acceptedDate": "2023-09-30 00:00:00",
        "calendarYear": "2023",
        "period": "Q3",
        "revenue": 40486000,
        "costOfRevenue": 24661000,
        "grossProfit": 15825000,
        "grossProfitRatio": 0.3908758583,
        "researchAndDevelopmentExpenses": 0,
        "generalAndAdministrativeExpenses": 7220000,
        "sellingAndMarketingExpenses": 0,
        "sellingGeneralAndAdministrativeExpenses": 7220000,
        "otherExpenses": 697500000,
        "operatingExpenses": 704720000,
        "costAndExpenses": 729381000,
        "interestIncome": 0,
        "interestExpense": 592000,
        "depreciationAndAmortization": 13636000,
        "ebitda": -721926000,
        "ebitdaratio": -17.8314973077,
        "operatingIncome": -688895000,
        "operatingIncomeRatio": -17.0156350343,
        "totalOtherIncomeExpensesNet": -47259000,
        "incomeBeforeTax": -736154000,
        "incomeBeforeTaxRatio": -18.1829274317,
        "incomeTaxExpense": 0,
        "netIncome": -736154000,
        "netIncomeRatio": -18.1829274317,
        "eps": -50.37,
        "epsdiluted": -50.37,
        "weightedAverageShsOut": 14613675,
        "weightedAverageShsOutDil": 14613675,
        "link": null,
        "finalLink": null
    },
    {
        "date": "2023-06-30",
        "symbol": "SEG",
        "reportedCurrency": "USD",
        "cik": "0002009684",
        "fillingDate": "2023-06-30",
        "acceptedDate": "2023-06-29 20:00:00",
        "calendarYear": "2023",
        "period": "Q2",
        "revenue": 37541000,
        "costOfRevenue": 23441000,
        "grossProfit": 14100000,
        "grossProfitRatio": 0.3755893556,
        "researchAndDevelopmentExpenses": 0,
        "generalAndAdministrativeExpenses": 7037000,
        "sellingAndMarketingExpenses": 0,
        "sellingGeneralAndAdministrativeExpenses": 7037000,
        "otherExpenses": 0,
        "operatingExpenses": 30723000,
        "costAndExpenses": 54164000,
        "interestIncome": 0,
        "interestExpense": 627000,
        "depreciationAndAmortization": 13170000,
        "ebitda": -14349000,
        "ebitdaratio": -0.3822221038,
        "operatingIncome": -16623000,
        "operatingIncomeRatio": -0.4427958765,
        "totalOtherIncomeExpensesNet": -11523000,
        "incomeBeforeTax": -28146000,
        "incomeBeforeTaxRatio": -0.749740284,
        "incomeTaxExpense": 0,
        "netIncome": -28146000,
        "netIncomeRatio": -0.749740284,
        "eps": -2.24,
        "epsdiluted": -2.24,
        "weightedAverageShsOut": 12583000,
        "weightedAverageShsOutDil": 12583000,
        "link": null,
        "finalLink": null
    },
    {
        "date": "2023-03-31",
        "symbol": "SEG",
        "reportedCurrency": "USD",
        "cik": "0002009684",
        "fillingDate": "2023-03-31",
        "acceptedDate": "2023-03-30 20:00:00",
        "calendarYear": "2023",
        "period": "Q1",
        "revenue": 14748000,
        "costOfRevenue": 12869000,
        "grossProfit": 1879000,
        "grossProfitRatio": 0.127407106,
        "researchAndDevelopmentExpenses": 0,
        "generalAndAdministrativeExpenses": 5456000,
        "sellingAndMarketingExpenses": 0,
        "sellingGeneralAndAdministrativeExpenses": 5456000,
        "otherExpenses": 0,
        "operatingExpenses": 28186000,
        "costAndExpenses": 41055000,
        "interestIncome": 0,
        "interestExpense": 630000,
        "depreciationAndAmortization": 13230000,
        "ebitda": -23897000,
        "ebitdaratio": -1.6203553024,
        "operatingIncome": -26307000,
        "operatingIncomeRatio": -1.7837672905,
        "totalOtherIncomeExpensesNet": -11450000,
        "incomeBeforeTax": -37757000,
        "incomeBeforeTaxRatio": -2.5601437483,
        "incomeTaxExpense": 0,
        "netIncome": -37757000,
        "netIncomeRatio": -2.5601437483,
        "eps": -3,
        "epsdiluted": -3,
        "weightedAverageShsOut": 12583000,
        "weightedAverageShsOutDil": 12583000,
        "link": null,
        "finalLink": null
    }
]