[
    {
        "date": "2025-06-30",
        "symbol": "SGI",
        "reportedCurrency": "USD",
        "cik": "0001206264",
        "fillingDate": "2025-08-08",
        "acceptedDate": "2025-08-08 07:01:51",
        "calendarYear": "2025",
        "period": "Q2",
        "revenue": 1880800000,
        "costOfRevenue": 1053600000,
        "grossProfit": 827200000,
        "grossProfitRatio": 0.4398128456,
        "researchAndDevelopmentExpenses": 0,
        "generalAndAdministrativeExpenses": 175900000,
        "sellingAndMarketingExpenses": 460500000,
        "sellingGeneralAndAdministrativeExpenses": 636400000,
        "otherExpenses": 10900000,
        "operatingExpenses": 647300000,
        "costAndExpenses": 1700900000,
        "interestIncome": 0,
        "interestExpense": 72500000,
        "depreciationAndAmortization": 58500000,
        "ebitda": 233700000,
        "ebitdaratio": 0.1242556359,
        "operatingIncome": 179900000,
        "operatingIncomeRatio": 0.0956507869,
        "totalOtherIncomeExpensesNet": -77200000,
        "incomeBeforeTax": 102700000,
        "incomeBeforeTaxRatio": 0.0546044236,
        "incomeTaxExpense": 3200000,
        "netIncome": 99000000,
        "netIncomeRatio": 0.0526371757,
        "eps": 0.47,
        "epsdiluted": 0.47,
        "weightedAverageShsOut": 209200000,
        "weightedAverageShsOutDil": 212400000,
        "link": "https://www.sec.gov/Archives/edgar/data/1206264/000120626425000168/0001206264-25-000168-index.htm",
        "finalLink": "https://www.sec.gov/Archives/edgar/data/1206264/000120626425000168/sgi-20250630.htm"
    },
    {
        "date": "2025-03-31",
        "symbol": "SGI",
        "reportedCurrency": "USD",
        "cik": "0001206264",
        "fillingDate": "2025-05-12",
        "acceptedDate": "2025-05-12 06:01:38",
        "calendarYear": "2025",
        "period": "Q1",
        "revenue": 1604700000,
        "costOfRevenue": 1024200000,
        "grossProfit": 580500000,
        "grossProfitRatio": 0.3617498598,
        "researchAndDevelopmentExpenses": 0,
        "generalAndAdministrativeExpenses": 209500000,
        "sellingAndMarketingExpenses": 362600000,
        "sellingGeneralAndAdministrativeExpenses": 572100000,
        "otherExpenses": -4800000,
        "operatingExpenses": 567300000,
        "costAndExpenses": 1591500000,
        "interestIncome": 0,
        "interestExpense": 61300000,
        "depreciationAndAmortization": 57700000,
        "ebitda": 69700000,
        "ebitdaratio": 0.04343491,
        "operatingIncome": 13200000,
        "operatingIncomeRatio": 0.0082258366,
        "totalOtherIncomeExpensesNet": -62500000,
        "incomeBeforeTax": -49300000,
        "incomeBeforeTaxRatio": -0.0307222534,
        "incomeTaxExpense": -16500000,
        "netIncome": -33100000,
        "netIncomeRatio": -0.0206269085,
        "eps": -0.17,
        "epsdiluted": -0.17,
        "weightedAverageShsOut": 194900000,
        "weightedAverageShsOutDil": 198900000,
        "link": "https://www.sec.gov/Archives/edgar/data/1206264/000120626425000116/0001206264-25-000116-index.htm",
        "finalLink": "https://www.sec.gov/Archives/edgar/data/1206264/000120626425000116/sgi-20250331.htm"
    },
    {
        "date": "2024-12-31",
        "symbol": "SGI",
        "reportedCurrency": "USD",
        "cik": "0001206264",
        "fillingDate": "2024-12-31",
        "acceptedDate": "2024-12-31 00:00:00",
        "calendarYear": "2024",
        "period": "Q4",
        "revenue": 1207900000,
        "costOfRevenue": 684500000,
        "grossProfit": 523400000,
        "grossProfitRatio": 0.4333140161,
        "researchAndDevelopmentExpenses": 0,
        "generalAndAdministrativeExpenses": 125800000,
        "sellingAndMarketingExpenses": 278400000,
        "sellingGeneralAndAdministrativeExpenses": 404200000,
        "otherExpenses": -8400000,
        "operatingExpenses": 395800000,
        "costAndExpenses": 1080300000,
        "interestIncome": 0,
        "interestExpense": 36300000,
        "depreciationAndAmortization": 43200000,
        "ebitda": 175200000,
        "ebitdaratio": 0.1450451196,
        "operatingIncome": 127600000,
        "operatingIncomeRatio": 0.1056378839,
        "totalOtherIncomeExpensesNet": -31900000,
        "incomeBeforeTax": 95700000,
        "incomeBeforeTaxRatio": 0.0792284129,
        "incomeTaxExpense": 23100000,
        "netIncome": 71900000,
        "netIncomeRatio": 0.0595247951,
        "eps": 0.41,
        "epsdiluted": 0.4,
        "weightedAverageShsOut": 173700000,
        "weightedAverageShsOutDil": 178700000,
        "link": null,
        "finalLink": null
    },
    {
        "date": "2024-09-30",
        "symbol": "SGI",
        "reportedCurrency": "USD",
        "cik": "0001206264",
        "fillingDate": "2024-09-30",
        "acceptedDate": "2024-09-30 00:00:00",
        "calendarYear": "2024",
        "period": "Q3",
        "revenue": 1300000000,
        "costOfRevenue": 710100000,
        "grossProfit": 589900000,
        "grossProfitRatio": 0.4537692308,
        "researchAndDevelopmentExpenses": 0,
        "generalAndAdministrativeExpenses": 118600000,
        "sellingAndMarketingExpenses": 272000000,
        "sellingGeneralAndAdministrativeExpenses": 390600000,
        "otherExpenses": -2500000,
        "operatingExpenses": 388100000,
        "costAndExpenses": 1098200000,
        "interestIncome": 0,
        "interestExpense": 30800000,
        "depreciationAndAmortization": 42200000,
        "ebitda": 243600000,
        "ebitdaratio": 0.1873846154,
        "operatingIncome": 201800000,
        "operatingIncomeRatio": 0.1552307692,
        "totalOtherIncomeExpensesNet": -31200000,
        "incomeBeforeTax": 170600000,
        "incomeBeforeTaxRatio": 0.1312307692,
        "incomeTaxExpense": 40800000,
        "netIncome": 130000000,
        "netIncomeRatio": 0.1,
        "eps": 0.75,
        "epsdiluted": 0.73,
        "weightedAverageShsOut": 173700000,
        "weightedAverageShsOutDil": 178200000,
        "link": null,
        "finalLink": null
    },
    {
        "date": "2024-06-30",
        "symbol": "SGI",
        "reportedCurrency": "USD",
        "cik": "0001206264",
        "fillingDate": "2024-06-30",
        "acceptedDate": "2024-06-30 00:00:00",
        "calendarYear": "2024",
        "period": "Q2",
        "revenue": 1233600000,
        "costOfRevenue": 679400000,
        "grossProfit": 554200000,
        "grossProfitRatio": 0.4492542153,
        "researchAndDevelopmentExpenses": 0,
        "generalAndAdministrativeExpenses": 107800000,
        "sellingAndMarketingExpenses": 276200000,
        "sellingGeneralAndAdministrativeExpenses": 384000000,
        "otherExpenses": -3100000,
        "operatingExpenses": 380900000,
        "costAndExpenses": 1060300000,
        "interestIncome": 0,
        "interestExpense": 33400000,
        "depreciationAndAmortization": 40500000,
        "ebitda": 214400000,
        "ebitdaratio": 0.1738002594,
        "operatingIncome": 173300000,
        "operatingIncomeRatio": 0.1404831388,
        "totalOtherIncomeExpensesNet": -32800000,
        "incomeBeforeTax": 140500000,
        "incomeBeforeTaxRatio": 0.1138942931,
        "incomeTaxExpense": 34000000,
        "netIncome": 106100000,
        "netIncomeRatio": 0.0860084306,
        "eps": 0.61,
        "epsdiluted": 0.6,
        "weightedAverageShsOut": 173700000,
        "weightedAverageShsOutDil": 178000000,
        "link": null,
        "finalLink": null
    },
    {
        "date": "2024-03-31",
        "symbol": "SGI",
        "reportedCurrency": "USD",
        "cik": "0001206264",
        "fillingDate": "2024-03-31",
        "acceptedDate": "2024-03-31 00:00:00",
        "calendarYear": "2024",
        "period": "Q1",
        "revenue": 1189400000,
        "costOfRevenue": 676800000,
        "grossProfit": 512600000,
        "grossProfitRatio": 0.4309736001,
        "researchAndDevelopmentExpenses": 0,
        "generalAndAdministrativeExpenses": 121000000,
        "sellingAndMarketingExpenses": 265000000,
        "sellingGeneralAndAdministrativeExpenses": 386000000,
        "otherExpenses": -4900000,
        "operatingExpenses": 381100000,
        "costAndExpenses": 1057900000,
        "interestIncome": 0,
        "interestExpense": 34300000,
        "depreciationAndAmortization": 39200000,
        "ebitda": 171000000,
        "ebitdaratio": 0.1437699681,
        "operatingIncome": 131500000,
        "operatingIncomeRatio": 0.1105599462,
        "totalOtherIncomeExpensesNet": -34000000,
        "incomeBeforeTax": 97500000,
        "incomeBeforeTaxRatio": 0.0819741046,
        "incomeTaxExpense": 20700000,
        "netIncome": 76300000,
        "netIncomeRatio": 0.0641499916,
        "eps": 0.44,
        "epsdiluted": 0.43,
        "weightedAverageShsOut": 173600000,
        "weightedAverageShsOutDil": 178000000,
        "link": null,
        "finalLink": null
    },
    {
        "date": "2023-12-31",
        "symbol": "SGI",
        "reportedCurrency": "USD",
        "cik": "0001206264",
        "fillingDate": "2023-12-31",
        "acceptedDate": "2023-12-31 00:00:00",
        "calendarYear": "2023",
        "period": "Q4",
        "revenue": 1170500000,
        "costOfRevenue": 657700000,
        "grossProfit": 512800000,
        "grossProfitRatio": 0.4381033746,
        "researchAndDevelopmentExpenses": 0,
        "generalAndAdministrativeExpenses": 136900000,
        "sellingAndMarketingExpenses": 263600000,
        "sellingGeneralAndAdministrativeExpenses": 400500000,
        "otherExpenses": -9600000,
        "operatingExpenses": 390900000,
        "costAndExpenses": 1048600000,
        "interestIncome": 0,
        "interestExpense": 30900000,
        "depreciationAndAmortization": 35700000,
        "ebitda": 154200000,
        "ebitdaratio": 0.1317385733,
        "operatingIncome": 121900000,
        "operatingIncomeRatio": 0.1041435284,
        "totalOtherIncomeExpensesNet": -34300000,
        "incomeBeforeTax": 87600000,
        "incomeBeforeTaxRatio": 0.074839812,
        "incomeTaxExpense": 9900000,
        "netIncome": 77100000,
        "netIncomeRatio": 0.0658692866,
        "eps": 0.45,
        "epsdiluted": 0.43,
        "weightedAverageShsOut": 172300000,
        "weightedAverageShsOutDil": 178200000,
        "link": null,
        "finalLink": null
    },
    {
        "date": "2023-09-30",
        "symbol": "SGI",
        "reportedCurrency": "USD",
        "cik": "0001206264",
        "fillingDate": "2023-09-30",
        "acceptedDate": "2023-09-30 00:00:00",
        "calendarYear": "2023",
        "period": "Q3",
        "revenue": 1277100000,
        "costOfRevenue": 703400000,
        "grossProfit": 573700000,
        "grossProfitRatio": 0.4492208911,
        "researchAndDevelopmentExpenses": 0,
        "generalAndAdministrativeExpenses": 122200000,
        "sellingAndMarketingExpenses": 272900000,
        "sellingGeneralAndAdministrativeExpenses": 395100000,
        "otherExpenses": -4600000,
        "operatingExpenses": 390500000,
        "costAndExpenses": 1093900000,
        "interestIncome": 0,
        "interestExpense": 32600000,
        "depreciationAndAmortization": 33200000,
        "ebitda": 216500000,
        "ebitdaratio": 0.1695247044,
        "operatingIncome": 183200000,
        "operatingIncomeRatio": 0.1434500039,
        "totalOtherIncomeExpensesNet": -32500000,
        "incomeBeforeTax": 150700000,
        "incomeBeforeTaxRatio": 0.1180017227,
        "incomeTaxExpense": 36800000,
        "netIncome": 113300000,
        "netIncomeRatio": 0.0887166236,
        "eps": 0.66,
        "epsdiluted": 0.64,
        "weightedAverageShsOut": 172200000,
        "weightedAverageShsOutDil": 177600000,
        "link": null,
        "finalLink": null
    },
    {
        "date": "2016-06-24",
        "symbol": "SGI",
        "reportedCurrency": "USD",
        "cik": "0001206264",
        "fillingDate": "2016-09-02",
        "acceptedDate": "2016-09-02 16:56:05",
        "calendarYear": "2016",
        "period": "Q2",
        "revenue": 122714000,
        "costOfRevenue": 85226000,
        "grossProfit": 37488000,
        "grossProfitRatio": 0.305490816,
        "researchAndDevelopmentExpenses": 11786000,
        "generalAndAdministrativeExpenses": -1700000,
        "sellingAndMarketingExpenses": 12823000,
        "sellingGeneralAndAdministrativeExpenses": 11123000,
        "otherExpenses": 12823000,
        "operatingExpenses": 35732000,
        "costAndExpenses": 120958000,
        "interestIncome": 0,
        "interestExpense": 0,
        "depreciationAndAmortization": 2783000,
        "ebitda": 1266000,
        "ebitdaratio": 0.0103166713,
        "operatingIncome": 1756000,
        "operatingIncomeRatio": 0.0143096957,
        "totalOtherIncomeExpensesNet": -3273000,
        "incomeBeforeTax": -1517000,
        "incomeBeforeTaxRatio": -0.0123620777,
        "incomeTaxExpense": -1651000,
        "netIncome": 134000,
        "netIncomeRatio": 0.0010919699,
        "eps": 0.0037,
        "epsdiluted": 0.0037,
        "weightedAverageShsOut": 35745000,
        "weightedAverageShsOutDil": 35745000,
        "link": "https://www.sec.gov/Archives/edgar/data/1316625/000131662516000032/0001316625-16-000032-index.htm",
        "finalLink": "https://www.sec.gov/Archives/edgar/data/1316625/000131662516000032/sgi10k-2016.htm"
    },
    {
        "date": "2016-03-25",
        "symbol": "SGI",
        "reportedCurrency": "USD",
        "cik": "0001206264",
        "fillingDate": "2016-04-29",
        "acceptedDate": "2016-04-29 16:35:15",
        "calendarYear": "2016",
        "period": "Q1",
        "revenue": 132083000,
        "costOfRevenue": 94315000,
        "grossProfit": 37768000,
        "grossProfitRatio": 0.2859414156,
        "researchAndDevelopmentExpenses": 12744000,
        "generalAndAdministrativeExpenses": -82000,
        "sellingAndMarketingExpenses": 12308000,
        "sellingGeneralAndAdministrativeExpenses": 12226000,
        "otherExpenses": 12308000,
        "operatingExpenses": 37278000,
        "costAndExpenses": 131593000,
        "interestIncome": 0,
        "interestExpense": 0,
        "depreciationAndAmortization": 2838000,
        "ebitda": 3953000,
        "ebitdaratio": 0.0299281512,
        "operatingIncome": 4915000,
        "operatingIncomeRatio": 0.0372114504,
        "totalOtherIncomeExpensesNet": -3800000,
        "incomeBeforeTax": 1115000,
        "incomeBeforeTaxRatio": 0.0084416617,
        "incomeTaxExpense": 376000,
        "netIncome": 739000,
        "netIncomeRatio": 0.0055949668,
        "eps": 0.0208,
        "epsdiluted": 0.0208,
        "weightedAverageShsOut": 35553000,
        "weightedAverageShsOutDil": 35553000,
        "link": "https://www.sec.gov/Archives/edgar/data/1316625/000131662516000029/0001316625-16-000029-index.html",
        "finalLink": "https://www.sec.gov/Archives/edgar/data/1316625/000131662516000029/a10q2016q3.htm"
    },
    {
        "date": "2015-12-25",
        "symbol": "SGI",
        "reportedCurrency": "USD",
        "cik": "0001206264",
        "fillingDate": "2016-01-29",
        "acceptedDate": "2016-01-29 15:04:55",
        "calendarYear": "2015",
        "period": "Q4",
        "revenue": 151826000,
        "costOfRevenue": 111001000,
        "grossProfit": 40825000,
        "grossProfitRatio": 0.2688933384,
        "researchAndDevelopmentExpenses": 12987000,
        "generalAndAdministrativeExpenses": -1222000,
        "sellingAndMarketingExpenses": 13826000,
        "sellingGeneralAndAdministrativeExpenses": 12604000,
        "otherExpenses": 13826000,
        "operatingExpenses": 39417000,
        "costAndExpenses": 150418000,
        "interestIncome": 0,
        "interestExpense": 0,
        "depreciationAndAmortization": 2783000,
        "ebitda": 2704000,
        "ebitdaratio": 0.0178098613,
        "operatingIncome": 1408000,
        "operatingIncomeRatio": 0.0092737739,
        "totalOtherIncomeExpensesNet": -1487000,
        "incomeBeforeTax": -79000,
        "incomeBeforeTaxRatio": -0.0005203325,
        "incomeTaxExpense": 400000,
        "netIncome": -479000,
        "netIncomeRatio": -0.0031549274,
        "eps": -0.0135,
        "epsdiluted": -0.0135,
        "weightedAverageShsOut": 35553000,
        "weightedAverageShsOutDil": 35553000,
        "link": "https://www.sec.gov/Archives/edgar/data/1316625/000131662516000026/0001316625-16-000026-index.html",
        "finalLink": "https://www.sec.gov/Archives/edgar/data/1316625/000131662516000026/a10q2016q2.htm"
    },
    {
        "date": "2015-09-25",
        "symbol": "SGI",
        "reportedCurrency": "USD",
        "cik": "0001206264",
        "fillingDate": "2015-10-30",
        "acceptedDate": "2015-10-30 16:04:44",
        "calendarYear": "2015",
        "period": "Q3",
        "revenue": 126307000,
        "costOfRevenue": 97843000,
        "grossProfit": 28464000,
        "grossProfitRatio": 0.225355681,
        "researchAndDevelopmentExpenses": 13180000,
        "generalAndAdministrativeExpenses": -661000,
        "sellingAndMarketingExpenses": 12568000,
        "sellingGeneralAndAdministrativeExpenses": 11907000,
        "otherExpenses": 12568000,
        "operatingExpenses": 37655000,
        "costAndExpenses": 135498000,
        "interestIncome": 0,
        "interestExpense": 0,
        "depreciationAndAmortization": 2658000,
        "ebitda": -8665000,
        "ebitdaratio": -0.0686026903,
        "operatingIncome": -9191000,
        "operatingIncomeRatio": -0.0727671467,
        "totalOtherIncomeExpensesNet": -2132000,
        "incomeBeforeTax": -11323000,
        "incomeBeforeTaxRatio": -0.0896466546,
        "incomeTaxExpense": 249000,
        "netIncome": -11572000,
        "netIncomeRatio": -0.0916180418,
        "eps": -0.33,
        "epsdiluted": -0.33,
        "weightedAverageShsOut": 35553000,
        "weightedAverageShsOutDil": 35553000,
        "link": "https://www.sec.gov/Archives/edgar/data/1316625/000131662515000020/0001316625-15-000020-index.html",
        "finalLink": "https://www.sec.gov/Archives/edgar/data/1316625/000131662515000020/a10q2016q1.htm"
    },
    {
        "date": "2015-06-26",
        "symbol": "SGI",
        "reportedCurrency": "USD",
        "cik": "0001206264",
        "fillingDate": "2015-09-09",
        "acceptedDate": "2015-09-09 13:12:25",
        "calendarYear": "2015",
        "period": "Q2",
        "revenue": 152904000,
        "costOfRevenue": 121106000,
        "grossProfit": 31798000,
        "grossProfitRatio": 0.2079605504,
        "researchAndDevelopmentExpenses": 12211000,
        "generalAndAdministrativeExpenses": -2193000,
        "sellingAndMarketingExpenses": 14655000,
        "sellingGeneralAndAdministrativeExpenses": 12462000,
        "otherExpenses": 14655000,
        "operatingExpenses": 39328000,
        "costAndExpenses": 160434000,
        "interestIncome": 0,
        "interestExpense": 0,
        "depreciationAndAmortization": 2901000,
        "ebitda": -6852000,
        "ebitdaratio": -0.0448124313,
        "operatingIncome": -7530000,
        "operatingIncomeRatio": -0.0492465861,
        "totalOtherIncomeExpensesNet": -2223000,
        "incomeBeforeTax": -9753000,
        "incomeBeforeTaxRatio": -0.0637851201,
        "incomeTaxExpense": -141000,
        "netIncome": -9612000,
        "netIncomeRatio": -0.0628629728,
        "eps": -0.27,
        "epsdiluted": -0.27,
        "weightedAverageShsOut": 35553000,
        "weightedAverageShsOutDil": 35553000,
        "link": "https://www.sec.gov/Archives/edgar/data/1316625/000131662515000017/0001316625-15-000017-index.html",
        "finalLink": "https://www.sec.gov/Archives/edgar/data/1316625/000131662515000017/sgi10k-2015.htm"
    },
    {
        "date": "2015-03-27",
        "symbol": "SGI",
        "reportedCurrency": "USD",
        "cik": "0001206264",
        "fillingDate": "2015-05-01",
        "acceptedDate": "2015-05-01 16:31:42",
        "calendarYear": "2015",
        "period": "Q1",
        "revenue": 118504000,
        "costOfRevenue": 84845000,
        "grossProfit": 33659000,
        "grossProfitRatio": 0.2840326065,
        "researchAndDevelopmentExpenses": 13016000,
        "generalAndAdministrativeExpenses": -1408000,
        "sellingAndMarketingExpenses": 14248000,
        "sellingGeneralAndAdministrativeExpenses": 12840000,
        "otherExpenses": 14248000,
        "operatingExpenses": 40104000,
        "costAndExpenses": 124949000,
        "interestIncome": 0,
        "interestExpense": 0,
        "depreciationAndAmortization": 2919000,
        "ebitda": -5715000,
        "ebitdaratio": -0.0482262202,
        "operatingIncome": -6445000,
        "operatingIncomeRatio": -0.0543863498,
        "totalOtherIncomeExpensesNet": -2189000,
        "incomeBeforeTax": -8634000,
        "incomeBeforeTaxRatio": -0.0728583001,
        "incomeTaxExpense": 128000,
        "netIncome": -8762000,
        "netIncomeRatio": -0.0739384325,
        "eps": -0.25,
        "epsdiluted": -0.25,
        "weightedAverageShsOut": 35553000,
        "weightedAverageShsOutDil": 35553000,
        "link": "https://www.sec.gov/Archives/edgar/data/1316625/000131662515000012/0001316625-15-000012-index.html",
        "finalLink": "https://www.sec.gov/Archives/edgar/data/1316625/000131662515000012/a10q2015q3.htm"
    },
    {
        "date": "2014-12-26",
        "symbol": "SGI",
        "reportedCurrency": "USD",
        "cik": "0001206264",
        "fillingDate": "2015-01-30",
        "acceptedDate": "2015-01-30 16:07:37",
        "calendarYear": "2014",
        "period": "Q4",
        "revenue": 138150000,
        "costOfRevenue": 101341000,
        "grossProfit": 36809000,
        "grossProfitRatio": 0.2664422729,
        "researchAndDevelopmentExpenses": 14779000,
        "generalAndAdministrativeExpenses": -1526000,
        "sellingAndMarketingExpenses": 16780000,
        "sellingGeneralAndAdministrativeExpenses": 15254000,
        "otherExpenses": 16780000,
        "operatingExpenses": 46813000,
        "costAndExpenses": 148154000,
        "interestIncome": 0,
        "interestExpense": 0,
        "depreciationAndAmortization": 2715000,
        "ebitda": -7594000,
        "ebitdaratio": -0.0549692363,
        "operatingIncome": -10004000,
        "operatingIncomeRatio": -0.0724140427,
        "totalOtherIncomeExpensesNet": -305000,
        "incomeBeforeTax": -10309000,
        "incomeBeforeTaxRatio": -0.0746217879,
        "incomeTaxExpense": 129000,
        "netIncome": -10438000,
        "netIncomeRatio": -0.0755555556,
        "eps": -0.29,
        "epsdiluted": -0.29,
        "weightedAverageShsOut": 35553000,
        "weightedAverageShsOutDil": 35553000,
        "link": "https://www.sec.gov/Archives/edgar/data/1316625/000131662515000003/0001316625-15-000003-index.htm",
        "finalLink": "https://www.sec.gov/Archives/edgar/data/1316625/000131662515000003/a10q2015q2.htm"
    },
    {
        "date": "2014-09-26",
        "symbol": "SGI",
        "reportedCurrency": "USD",
        "cik": "0001206264",
        "fillingDate": "2014-10-31",
        "acceptedDate": "2014-10-31 15:17:10",
        "calendarYear": "2014",
        "period": "Q3",
        "revenue": 111701000,
        "costOfRevenue": 79329000,
        "grossProfit": 32372000,
        "grossProfitRatio": 0.2898094019,
        "researchAndDevelopmentExpenses": 13200000,
        "generalAndAdministrativeExpenses": -2556000,
        "sellingAndMarketingExpenses": 15861000,
        "sellingGeneralAndAdministrativeExpenses": 13305000,
        "otherExpenses": 15977000,
        "operatingExpenses": 42482000,
        "costAndExpenses": 121811000,
        "interestIncome": 0,
        "interestExpense": 0,
        "depreciationAndAmortization": 2656000,
        "ebitda": -7353000,
        "ebitdaratio": -0.0658275217,
        "operatingIncome": -10110000,
        "operatingIncomeRatio": -0.0905094851,
        "totalOtherIncomeExpensesNet": 101000,
        "incomeBeforeTax": -10009000,
        "incomeBeforeTaxRatio": -0.0896052855,
        "incomeTaxExpense": 324000,
        "netIncome": -10333000,
        "netIncomeRatio": -0.0925058862,
        "eps": -0.29,
        "epsdiluted": -0.29,
        "weightedAverageShsOut": 35553000,
        "weightedAverageShsOutDil": 35553000,
        "link": "https://www.sec.gov/Archives/edgar/data/1316625/000131662514000015/0001316625-14-000015-index.html",
        "finalLink": "https://www.sec.gov/Archives/edgar/data/1316625/000131662514000015/a10q2015q1.htm"
    },
    {
        "date": "2014-06-27",
        "symbol": "SGI",
        "reportedCurrency": "USD",
        "cik": "0001206264",
        "fillingDate": "2014-09-08",
        "acceptedDate": "2014-09-08 15:30:48",
        "calendarYear": "2014",
        "period": "Q2",
        "revenue": 142084000,
        "costOfRevenue": 106478000,
        "grossProfit": 35606000,
        "grossProfitRatio": 0.2505982377,
        "researchAndDevelopmentExpenses": 16463000,
        "generalAndAdministrativeExpenses": -4829000,
        "sellingAndMarketingExpenses": 17165000,
        "sellingGeneralAndAdministrativeExpenses": 12336000,
        "otherExpenses": 17770000,
        "operatingExpenses": 46569000,
        "costAndExpenses": 153047000,
        "interestIncome": 0,
        "interestExpense": 0,
        "depreciationAndAmortization": 3468000,
        "ebitda": -7877000,
        "ebitdaratio": -0.0554390361,
        "operatingIncome": -10963000,
        "operatingIncomeRatio": -0.0771585822,
        "totalOtherIncomeExpensesNet": -382000,
        "incomeBeforeTax": -11345000,
        "incomeBeforeTaxRatio": -0.0798471327,
        "incomeTaxExpense": -896000,
        "netIncome": -10449000,
        "netIncomeRatio": -0.0735410039,
        "eps": -0.29,
        "epsdiluted": -0.29,
        "weightedAverageShsOut": 35553000,
        "weightedAverageShsOutDil": 35553000,
        "link": "https://www.sec.gov/Archives/edgar/data/1316625/000131662514000012/0001316625-14-000012-index.html",
        "finalLink": "https://www.sec.gov/Archives/edgar/data/1316625/000131662514000012/sgi10k-2014.htm"
    },
    {
        "date": "2014-03-28",
        "symbol": "SGI",
        "reportedCurrency": "USD",
        "cik": "0001206264",
        "fillingDate": "2014-05-02",
        "acceptedDate": "2014-05-02 16:11:25",
        "calendarYear": "2014",
        "period": "Q1",
        "revenue": 124283000,
        "costOfRevenue": 93213000,
        "grossProfit": 31070000,
        "grossProfitRatio": 0.2499939654,
        "researchAndDevelopmentExpenses": 17327000,
        "generalAndAdministrativeExpenses": -2674000,
        "sellingAndMarketingExpenses": 19105000,
        "sellingGeneralAndAdministrativeExpenses": 16431000,
        "otherExpenses": 19114000,
        "operatingExpenses": 52872000,
        "costAndExpenses": 146085000,
        "interestIncome": 0,
        "interestExpense": 0,
        "depreciationAndAmortization": 3685000,
        "ebitda": -17625000,
        "ebitdaratio": -0.1418134419,
        "operatingIncome": -21802000,
        "operatingIncomeRatio": -0.1754222219,
        "totalOtherIncomeExpensesNet": 492000,
        "incomeBeforeTax": -21310000,
        "incomeBeforeTaxRatio": -0.1714635147,
        "incomeTaxExpense": 548000,
        "netIncome": -21858000,
        "netIncomeRatio": -0.1758728064,
        "eps": -0.61,
        "epsdiluted": -0.61,
        "weightedAverageShsOut": 35553000,
        "weightedAverageShsOutDil": 35553000,
        "link": "https://www.sec.gov/Archives/edgar/data/1316625/000131662514000007/0001316625-14-000007-index.html",
        "finalLink": "https://www.sec.gov/Archives/edgar/data/1316625/000131662514000007/a10q2014q3.htm"
    },
    {
        "date": "2013-12-27",
        "symbol": "SGI",
        "reportedCurrency": "USD",
        "cik": "0001206264",
        "fillingDate": "2014-02-03",
        "acceptedDate": "2014-01-31 19:29:00",
        "calendarYear": "2013",
        "period": "Q4",
        "revenue": 116060000,
        "costOfRevenue": 82577000,
        "grossProfit": 33483000,
        "grossProfitRatio": 0.288497329,
        "researchAndDevelopmentExpenses": 14902000,
        "generalAndAdministrativeExpenses": -4268000,
        "sellingAndMarketingExpenses": 18815000,
        "sellingGeneralAndAdministrativeExpenses": 14547000,
        "otherExpenses": 18926000,
        "operatingExpenses": 48375000,
        "costAndExpenses": 130952000,
        "interestIncome": 0,
        "interestExpense": 0,
        "depreciationAndAmortization": 3805000,
        "ebitda": -9590000,
        "ebitdaratio": -0.0826296743,
        "operatingIncome": -14892000,
        "operatingIncomeRatio": -0.1283129416,
        "totalOtherIncomeExpensesNet": 1639000,
        "incomeBeforeTax": -13253000,
        "incomeBeforeTaxRatio": -0.1141909357,
        "incomeTaxExpense": 289000,
        "netIncome": -13684000,
        "netIncomeRatio": -0.1179045321,
        "eps": -0.38,
        "epsdiluted": -0.38,
        "weightedAverageShsOut": 35553000,
        "weightedAverageShsOutDil": 35553000,
        "link": "https://www.sec.gov/Archives/edgar/data/1316625/000131662514000004/0001316625-14-000004-index.htm",
        "finalLink": "https://www.sec.gov/Archives/edgar/data/1316625/000131662514000004/a10q2014q2.htm"
    },
    {
        "date": "2013-09-27",
        "symbol": "SGI",
        "reportedCurrency": "USD",
        "cik": "0001206264",
        "fillingDate": "2013-11-04",
        "acceptedDate": "2013-11-01 18:37:31",
        "calendarYear": "2013",
        "period": "Q3",
        "revenue": 147519000,
        "costOfRevenue": 109271000,
        "grossProfit": 38248000,
        "grossProfitRatio": 0.2592750764,
        "researchAndDevelopmentExpenses": 14834000,
        "generalAndAdministrativeExpenses": -5114000,
        "sellingAndMarketingExpenses": 17596000,
        "sellingGeneralAndAdministrativeExpenses": 12482000,
        "otherExpenses": 18122000,
        "operatingExpenses": 45438000,
        "costAndExpenses": 154709000,
        "interestIncome": 0,
        "interestExpense": 0,
        "depreciationAndAmortization": 3591000,
        "ebitda": -3161000,
        "ebitdaratio": -0.0214277483,
        "operatingIncome": -7190000,
        "operatingIncomeRatio": -0.0487394844,
        "totalOtherIncomeExpensesNet": 296000,
        "incomeBeforeTax": -6894000,
        "incomeBeforeTaxRatio": -0.0467329632,
        "incomeTaxExpense": 71000,
        "netIncome": -6823000,
        "netIncomeRatio": -0.0462516693,
        "eps": -0.19,
        "epsdiluted": -0.19,
        "weightedAverageShsOut": 35553000,
        "weightedAverageShsOutDil": 35553000,
        "link": "https://www.sec.gov/Archives/edgar/data/1316625/000131662513000027/0001316625-13-000027-index.html",
        "finalLink": "https://www.sec.gov/Archives/edgar/data/1316625/000131662513000027/a10q2014q1.htm"
    },
    {
        "date": "2013-06-28",
        "symbol": "SGI",
        "reportedCurrency": "USD",
        "cik": "0001206264",
        "fillingDate": "2013-09-09",
        "acceptedDate": "2013-09-09 14:43:26",
        "calendarYear": "2013",
        "period": "Q2",
        "revenue": 170532000,
        "costOfRevenue": 123746000,
        "grossProfit": 46786000,
        "grossProfitRatio": 0.2743532006,
        "researchAndDevelopmentExpenses": 15594000,
        "generalAndAdministrativeExpenses": -6850000,
        "sellingAndMarketingExpenses": 19671000,
        "sellingGeneralAndAdministrativeExpenses": 12821000,
        "otherExpenses": 23638000,
        "operatingExpenses": 52053000,
        "costAndExpenses": 175799000,
        "interestIncome": 0,
        "interestExpense": 0,
        "depreciationAndAmortization": 3589000,
        "ebitda": -1936000,
        "ebitdaratio": -0.011352708,
        "operatingIncome": -5267000,
        "operatingIncomeRatio": -0.0308856989,
        "totalOtherIncomeExpensesNet": -258000,
        "incomeBeforeTax": -5525000,
        "incomeBeforeTaxRatio": -0.0323986114,
        "incomeTaxExpense": -1060000,
        "netIncome": -4465000,
        "netIncomeRatio": -0.0261827692,
        "eps": -0.13,
        "epsdiluted": -0.13,
        "weightedAverageShsOut": 35553000,
        "weightedAverageShsOutDil": 35553000,
        "link": "https://www.sec.gov/Archives/edgar/data/1316625/000131662513000024/0001316625-13-000024-index.html",
        "finalLink": "https://www.sec.gov/Archives/edgar/data/1316625/000131662513000024/sgi10k-2013.htm"
    },
    {
        "date": "2013-03-29",
        "symbol": "SGI",
        "reportedCurrency": "USD",
        "cik": "0001206264",
        "fillingDate": "2013-05-03",
        "acceptedDate": "2013-05-03 13:18:16",
        "calendarYear": "2013",
        "period": "Q1",
        "revenue": 232588000,
        "costOfRevenue": 180096000,
        "grossProfit": 52492000,
        "grossProfitRatio": 0.2256866218,
        "researchAndDevelopmentExpenses": 15518000,
        "generalAndAdministrativeExpenses": -4900000,
        "sellingAndMarketingExpenses": 19824000,
        "sellingGeneralAndAdministrativeExpenses": 14924000,
        "otherExpenses": 20564000,
        "operatingExpenses": 51006000,
        "costAndExpenses": 231102000,
        "interestIncome": 0,
        "interestExpense": 0,
        "depreciationAndAmortization": 3587000,
        "ebitda": 4703000,
        "ebitdaratio": 0.0202203037,
        "operatingIncome": 1486000,
        "operatingIncomeRatio": 0.0063889797,
        "totalOtherIncomeExpensesNet": -370000,
        "incomeBeforeTax": 1116000,
        "incomeBeforeTaxRatio": 0.0047981839,
        "incomeTaxExpense": -8108000,
        "netIncome": 9224000,
        "netIncomeRatio": 0.0396581079,
        "eps": 0.28,
        "epsdiluted": 0.28,
        "weightedAverageShsOut": 32593000,
        "weightedAverageShsOutDil": 33295000,
        "link": "https://www.sec.gov/Archives/edgar/data/1316625/000131662513000021/0001316625-13-000021-index.html",
        "finalLink": "https://www.sec.gov/Archives/edgar/data/1316625/000131662513000021/a10q2013q3.htm"
    },
    {
        "date": "2012-12-28",
        "symbol": "SGI",
        "reportedCurrency": "USD",
        "cik": "0001206264",
        "fillingDate": "2013-02-01",
        "acceptedDate": "2013-02-01 16:51:31",
        "calendarYear": "2012",
        "period": "Q4",
        "revenue": 171226000,
        "costOfRevenue": 123662000,
        "grossProfit": 47564000,
        "grossProfitRatio": 0.2777849158,
        "researchAndDevelopmentExpenses": 15530000,
        "generalAndAdministrativeExpenses": -7281000,
        "sellingAndMarketingExpenses": 19664000,
        "sellingGeneralAndAdministrativeExpenses": 12383000,
        "otherExpenses": 22531000,
        "operatingExpenses": 50444000,
        "costAndExpenses": 174106000,
        "interestIncome": 0,
        "interestExpense": 0,
        "depreciationAndAmortization": 3595000,
        "ebitda": 816000,
        "ebitdaratio": 0.0047656314,
        "operatingIncome": -2880000,
        "operatingIncomeRatio": -0.0168198755,
        "totalOtherIncomeExpensesNet": 101000,
        "incomeBeforeTax": -2779000,
        "incomeBeforeTaxRatio": -0.0162300118,
        "incomeTaxExpense": -3880000,
        "netIncome": 1101000,
        "netIncomeRatio": 0.0064300982,
        "eps": 0.0341,
        "epsdiluted": 0.0341,
        "weightedAverageShsOut": 32289000,
        "weightedAverageShsOutDil": 32289000,
        "link": "https://www.sec.gov/Archives/edgar/data/1316625/000131662513000013/0001316625-13-000013-index.html",
        "finalLink": "https://www.sec.gov/Archives/edgar/data/1316625/000131662513000013/a10q2013q2.htm"
    },
    {
        "date": "2012-09-28",
        "symbol": "SGI",
        "reportedCurrency": "USD",
        "cik": "0001206264",
        "fillingDate": "2012-11-07",
        "acceptedDate": "2012-11-07 15:28:40",
        "calendarYear": "2012",
        "period": "Q3",
        "revenue": 192881000,
        "costOfRevenue": 150671000,
        "grossProfit": 42210000,
        "grossProfitRatio": 0.2188395954,
        "researchAndDevelopmentExpenses": 13969000,
        "generalAndAdministrativeExpenses": -5382000,
        "sellingAndMarketingExpenses": 19571000,
        "sellingGeneralAndAdministrativeExpenses": 14189000,
        "otherExpenses": 21045000,
        "operatingExpenses": 49203000,
        "costAndExpenses": 199874000,
        "interestIncome": 0,
        "interestExpense": 0,
        "depreciationAndAmortization": 3498000,
        "ebitda": -4757000,
        "ebitdaratio": -0.024662875,
        "operatingIncome": -6993000,
        "operatingIncomeRatio": -0.0362555151,
        "totalOtherIncomeExpensesNet": -1262000,
        "incomeBeforeTax": -8255000,
        "incomeBeforeTaxRatio": -0.0427984094,
        "incomeTaxExpense": 425000,
        "netIncome": -8680000,
        "netIncomeRatio": -0.0450018405,
        "eps": -0.27,
        "epsdiluted": -0.27,
        "weightedAverageShsOut": 32289000,
        "weightedAverageShsOutDil": 32289000,
        "link": "https://www.sec.gov/Archives/edgar/data/1316625/000131662512000049/0001316625-12-000049-index.html",
        "finalLink": "https://www.sec.gov/Archives/edgar/data/1316625/000131662512000049/a10q2013q1.htm"
    },
    {
        "date": "2012-06-29",
        "symbol": "SGI",
        "reportedCurrency": "USD",
        "cik": "0001206264",
        "fillingDate": "2012-09-10",
        "acceptedDate": "2012-09-10 13:02:45",
        "calendarYear": "2012",
        "period": "Q2",
        "revenue": 605633000,
        "costOfRevenue": 142002000,
        "grossProfit": 463631000,
        "grossProfitRatio": 0.7655312706,
        "researchAndDevelopmentExpenses": 14929000,
        "generalAndAdministrativeExpenses": -7531000,
        "sellingAndMarketingExpenses": 21692000,
        "sellingGeneralAndAdministrativeExpenses": 14161000,
        "otherExpenses": 24032000,
        "operatingExpenses": 53122000,
        "costAndExpenses": 195124000,
        "interestIncome": 0,
        "interestExpense": 0,
        "depreciationAndAmortization": 3354000,
        "ebitda": -13919000,
        "ebitdaratio": -0.0229825653,
        "operatingIncome": -15636000,
        "operatingIncomeRatio": -0.0258176156,
        "totalOtherIncomeExpensesNet": -1637000,
        "incomeBeforeTax": -17273000,
        "incomeBeforeTaxRatio": -0.0285205727,
        "incomeTaxExpense": 1113000,
        "netIncome": -18386000,
        "netIncomeRatio": -0.0303583193,
        "eps": -0.57,
        "epsdiluted": -0.57,
        "weightedAverageShsOut": 32289000,
        "weightedAverageShsOutDil": 32289000,
        "link": "https://www.sec.gov/Archives/edgar/data/1316625/000131662512000041/0001316625-12-000041-index.html",
        "finalLink": "https://www.sec.gov/Archives/edgar/data/1316625/000131662512000041/sgi10k-2012.htm"
    },
    {
        "date": "2012-03-30",
        "symbol": "SGI",
        "reportedCurrency": "USD",
        "cik": "0001206264",
        "fillingDate": "2012-05-09",
        "acceptedDate": "2012-05-08 20:00:00",
        "calendarYear": "2012",
        "period": "Q1",
        "revenue": 47910000,
        "costOfRevenue": 147880000,
        "grossProfit": -99970000,
        "grossProfitRatio": -2.0866207472,
        "researchAndDevelopmentExpenses": 14982000,
        "generalAndAdministrativeExpenses": -5648000,
        "sellingAndMarketingExpenses": 21824000,
        "sellingGeneralAndAdministrativeExpenses": 16176000,
        "otherExpenses": 21843000,
        "operatingExpenses": 53001000,
        "costAndExpenses": 200881000,
        "interestIncome": 0,
        "interestExpense": 0,
        "depreciationAndAmortization": 3552000,
        "ebitda": 2848000,
        "ebitdaratio": 0.0594447923,
        "operatingIncome": -1491000,
        "operatingIncomeRatio": -0.0311208516,
        "totalOtherIncomeExpensesNet": 787000,
        "incomeBeforeTax": -704000,
        "incomeBeforeTaxRatio": -0.0146942183,
        "incomeTaxExpense": 458000,
        "netIncome": -1162000,
        "netIncomeRatio": -0.0242538092,
        "eps": -0.036,
        "epsdiluted": -0.036,
        "weightedAverageShsOut": 32289000,
        "weightedAverageShsOutDil": 32289000,
        "link": "https://www.sec.gov/Archives/edgar/data/1316625/000131662512000026/0001316625-12-000026-index.htm",
        "finalLink": "https://www.sec.gov/Archives/edgar/data/1316625/000131662512000026/a10q2012q3.htm"
    },
    {
        "date": "2011-12-30",
        "symbol": "SGI",
        "reportedCurrency": "USD",
        "cik": "0001206264",
        "fillingDate": "2012-02-08",
        "acceptedDate": "2012-02-07 19:00:00",
        "calendarYear": "2011",
        "period": "Q4",
        "revenue": 50829000,
        "costOfRevenue": 143031000,
        "grossProfit": -92202000,
        "grossProfitRatio": -1.8139644691,
        "researchAndDevelopmentExpenses": 16255000,
        "generalAndAdministrativeExpenses": -8301000,
        "sellingAndMarketingExpenses": 23100000,
        "sellingGeneralAndAdministrativeExpenses": 14799000,
        "otherExpenses": 23077000,
        "operatingExpenses": 54131000,
        "costAndExpenses": 197162000,
        "interestIncome": 0,
        "interestExpense": 0,
        "depreciationAndAmortization": 3644000,
        "ebitda": 1485000,
        "ebitdaratio": 0.0292156053,
        "operatingIncome": -1948000,
        "operatingIncomeRatio": -0.0383245785,
        "totalOtherIncomeExpensesNet": -211000,
        "incomeBeforeTax": -2159000,
        "incomeBeforeTaxRatio": -0.042475752,
        "incomeTaxExpense": 97000,
        "netIncome": -2256000,
        "netIncomeRatio": -0.0443841114,
        "eps": -0.0717,
        "epsdiluted": -0.0717,
        "weightedAverageShsOut": 31448000,
        "weightedAverageShsOutDil": 31448000,
        "link": "https://www.sec.gov/Archives/edgar/data/1316625/000131662512000009/0001316625-12-000009-index.htm",
        "finalLink": "https://www.sec.gov/Archives/edgar/data/1316625/000131662512000009/a10q2012q2.htm"
    },
    {
        "date": "2011-09-30",
        "symbol": "SGI",
        "reportedCurrency": "USD",
        "cik": "0001206264",
        "fillingDate": "2011-11-09",
        "acceptedDate": "2011-11-08 19:00:00",
        "calendarYear": "2011",
        "period": "Q3",
        "revenue": 48615000,
        "costOfRevenue": 126257000,
        "grossProfit": -77642000,
        "grossProfitRatio": -1.5970790908,
        "researchAndDevelopmentExpenses": 16190000,
        "generalAndAdministrativeExpenses": -4913000,
        "sellingAndMarketingExpenses": 21798000,
        "sellingGeneralAndAdministrativeExpenses": 16885000,
        "otherExpenses": 21931000,
        "operatingExpenses": 55006000,
        "costAndExpenses": 181263000,
        "interestIncome": 0,
        "interestExpense": 0,
        "depreciationAndAmortization": 4024000,
        "ebitda": 700000,
        "ebitdaratio": 0.0143988481,
        "operatingIncome": -2368000,
        "operatingIncomeRatio": -0.0487092461,
        "totalOtherIncomeExpensesNet": -956000,
        "incomeBeforeTax": -3324000,
        "incomeBeforeTaxRatio": -0.0683739587,
        "incomeTaxExpense": -667000,
        "netIncome": -2657000,
        "netIncomeRatio": -0.0546539134,
        "eps": -0.0845,
        "epsdiluted": -0.0845,
        "weightedAverageShsOut": 31448000,
        "weightedAverageShsOutDil": 31448000,
        "link": "https://www.sec.gov/Archives/edgar/data/1316625/000131662511000053/0001316625-11-000053-index.htm",
        "finalLink": "https://www.sec.gov/Archives/edgar/data/1316625/000131662511000053/a10q2012q1.htm"
    },
    {
        "date": "2011-06-24",
        "symbol": "SGI",
        "reportedCurrency": "USD",
        "cik": "0001206264",
        "fillingDate": "2011-08-29",
        "acceptedDate": "2011-08-29 16:41:09",
        "calendarYear": "2011",
        "period": "Q2",
        "revenue": 195486000,
        "costOfRevenue": 149502000,
        "grossProfit": 45984000,
        "grossProfitRatio": 0.2352291213,
        "researchAndDevelopmentExpenses": 13594000,
        "generalAndAdministrativeExpenses": -10621000,
        "sellingAndMarketingExpenses": 26247000,
        "sellingGeneralAndAdministrativeExpenses": 15626000,
        "otherExpenses": 29780000,
        "operatingExpenses": 59000000,
        "costAndExpenses": 208502000,
        "interestIncome": 0,
        "interestExpense": 0,
        "depreciationAndAmortization": 5545000,
        "ebitda": -7409000,
        "ebitdaratio": -0.0379004123,
        "operatingIncome": -13016000,
        "operatingIncomeRatio": -0.0665827732,
        "totalOtherIncomeExpensesNet": 62000,
        "incomeBeforeTax": -12954000,
        "incomeBeforeTaxRatio": -0.0662656149,
        "incomeTaxExpense": -856000,
        "netIncome": -12098000,
        "netIncomeRatio": -0.0618867847,
        "eps": -0.4,
        "epsdiluted": -0.4,
        "weightedAverageShsOut": 30608000,
        "weightedAverageShsOutDil": 30608000,
        "link": "https://www.sec.gov/Archives/edgar/data/1316625/000131662511000036/0001316625-11-000036-index.htm",
        "finalLink": "https://www.sec.gov/Archives/edgar/data/1316625/000131662511000036/sgi10k-2011.htm"
    },
    {
        "date": "2011-03-25",
        "symbol": "SGI",
        "reportedCurrency": "USD",
        "cik": "0001206264",
        "fillingDate": "2011-05-04",
        "acceptedDate": "2011-05-04 16:58:51",
        "calendarYear": "2011",
        "period": "Q1",
        "revenue": 143664000,
        "costOfRevenue": 103162000,
        "grossProfit": 40502000,
        "grossProfitRatio": 0.2819217062,
        "researchAndDevelopmentExpenses": 13305000,
        "generalAndAdministrativeExpenses": -4179000,
        "sellingAndMarketingExpenses": 16607000,
        "sellingGeneralAndAdministrativeExpenses": 12428000,
        "otherExpenses": 18616000,
        "operatingExpenses": 44349000,
        "costAndExpenses": 147511000,
        "interestIncome": 0,
        "interestExpense": 0,
        "depreciationAndAmortization": 3654000,
        "ebitda": 2697000,
        "ebitdaratio": 0.0187729703,
        "operatingIncome": -3847000,
        "operatingIncomeRatio": -0.0267777592,
        "totalOtherIncomeExpensesNet": 2890000,
        "incomeBeforeTax": -957000,
        "incomeBeforeTaxRatio": -0.0066613765,
        "incomeTaxExpense": 715000,
        "netIncome": -1672000,
        "netIncomeRatio": -0.0116382671,
        "eps": -0.0549,
        "epsdiluted": -0.0549,
        "weightedAverageShsOut": 30468000,
        "weightedAverageShsOutDil": 30468000,
        "link": "https://www.sec.gov/Archives/edgar/data/1316625/000131662511000024/0001316625-11-000024-index.htm",
        "finalLink": "https://www.sec.gov/Archives/edgar/data/1316625/000131662511000024/a10q2011q3.htm"
    },
    {
        "date": "2010-12-24",
        "symbol": "SGI",
        "reportedCurrency": "USD",
        "cik": "0001206264",
        "fillingDate": "2011-02-02",
        "acceptedDate": "2011-02-02 16:39:51",
        "calendarYear": "2010",
        "period": "Q4",
        "revenue": 177524000,
        "costOfRevenue": 125195000,
        "grossProfit": 52329000,
        "grossProfitRatio": 0.2947714112,
        "researchAndDevelopmentExpenses": 13415000,
        "generalAndAdministrativeExpenses": -6251000,
        "sellingAndMarketingExpenses": 18021000,
        "sellingGeneralAndAdministrativeExpenses": 11770000,
        "otherExpenses": 18187000,
        "operatingExpenses": 43372000,
        "costAndExpenses": 168567000,
        "interestIncome": 0,
        "interestExpense": 0,
        "depreciationAndAmortization": 4522000,
        "ebitda": 8980000,
        "ebitdaratio": 0.0505847097,
        "operatingIncome": 8957000,
        "operatingIncomeRatio": 0.0504551497,
        "totalOtherIncomeExpensesNet": -4499000,
        "incomeBeforeTax": 4458000,
        "incomeBeforeTaxRatio": 0.0251120975,
        "incomeTaxExpense": 734000,
        "netIncome": 3724000,
        "netIncomeRatio": 0.0209774453,
        "eps": 0.12,
        "epsdiluted": 0.12,
        "weightedAverageShsOut": 30429000,
        "weightedAverageShsOutDil": 30429000,
        "link": "https://www.sec.gov/Archives/edgar/data/1316625/000131662511000006/0001316625-11-000006-index.htm",
        "finalLink": "https://www.sec.gov/Archives/edgar/data/1316625/000131662511000006/a10q2011q2.htm"
    },
    {
        "date": "2010-09-24",
        "symbol": "SGI",
        "reportedCurrency": "USD",
        "cik": "0001206264",
        "fillingDate": "2010-11-03",
        "acceptedDate": "2010-11-03 16:50:09",
        "calendarYear": "2010",
        "period": "Q3",
        "revenue": 112894000,
        "costOfRevenue": 81897000,
        "grossProfit": 30997000,
        "grossProfitRatio": 0.2745672932,
        "researchAndDevelopmentExpenses": 13753000,
        "generalAndAdministrativeExpenses": -2184000,
        "sellingAndMarketingExpenses": 14938000,
        "sellingGeneralAndAdministrativeExpenses": 12754000,
        "otherExpenses": 15573000,
        "operatingExpenses": 42080000,
        "costAndExpenses": 123977000,
        "interestIncome": 0,
        "interestExpense": 0,
        "depreciationAndAmortization": 4078000,
        "ebitda": -6460000,
        "ebitdaratio": -0.0572218187,
        "operatingIncome": -11083000,
        "operatingIncomeRatio": -0.0981717363,
        "totalOtherIncomeExpensesNet": 545000,
        "incomeBeforeTax": -10538000,
        "incomeBeforeTaxRatio": -0.093344199,
        "incomeTaxExpense": 649000,
        "netIncome": -11187000,
        "netIncomeRatio": -0.0990929545,
        "eps": -0.37,
        "epsdiluted": -0.37,
        "weightedAverageShsOut": 30536000,
        "weightedAverageShsOutDil": 30536000,
        "link": "https://www.sec.gov/Archives/edgar/data/1316625/000131662510000008/0001316625-10-000008-index.htm",
        "finalLink": "https://www.sec.gov/Archives/edgar/data/1316625/000131662510000008/a10q2011q1.htm"
    },
    {
        "date": "2008-12-31",
        "symbol": "SGI",
        "reportedCurrency": "USD",
        "cik": "0001206264",
        "fillingDate": "2009-03-19",
        "acceptedDate": "2009-03-18 20:46:22",
        "calendarYear": "2008",
        "period": "Q4",
        "revenue": 38213000,
        "costOfRevenue": -172196000,
        "grossProfit": 210409000,
        "grossProfitRatio": 5.5062151624,
        "researchAndDevelopmentExpenses": -17877000,
        "generalAndAdministrativeExpenses": 1759000,
        "sellingAndMarketingExpenses": -16811000,
        "sellingGeneralAndAdministrativeExpenses": -15052000,
        "otherExpenses": -35015000,
        "operatingExpenses": -67944000,
        "costAndExpenses": 32187000,
        "interestIncome": 0,
        "interestExpense": 0,
        "depreciationAndAmortization": 723000,
        "ebitda": -16610000,
        "ebitdaratio": -0.43466883,
        "operatingIncome": 6026000,
        "operatingIncomeRatio": 0.1576950253,
        "totalOtherIncomeExpensesNet": -23359000,
        "incomeBeforeTax": -17333000,
        "incomeBeforeTaxRatio": -0.4535890927,
        "incomeTaxExpense": -1457000,
        "netIncome": -15876000,
        "netIncomeRatio": -0.4154607071,
        "eps": -0.0005,
        "epsdiluted": -0.0005,
        "weightedAverageShsOut": 29583000,
        "weightedAverageShsOutDil": 29583000,
        "link": "https://www.sec.gov/Archives/edgar/data/1316625/000119312509057906/0001193125-09-057906-index.htm",
        "finalLink": "https://www.sec.gov/Archives/edgar/data/1316625/000119312509057906/d10k.htm"
    },
    {
        "date": "2008-09-27",
        "symbol": "SGI",
        "reportedCurrency": "USD",
        "cik": "0001206264",
        "fillingDate": "2008-11-05",
        "acceptedDate": "2008-11-04 20:44:26",
        "calendarYear": "2008",
        "period": "Q3",
        "revenue": 65286000,
        "costOfRevenue": 54096000,
        "grossProfit": 11190000,
        "grossProfitRatio": 0.1713996875,
        "researchAndDevelopmentExpenses": 5714000,
        "generalAndAdministrativeExpenses": -345000,
        "sellingAndMarketingExpenses": 6124000,
        "sellingGeneralAndAdministrativeExpenses": 5779000,
        "otherExpenses": 6787000,
        "operatingExpenses": 18280000,
        "costAndExpenses": 72376000,
        "interestIncome": 0,
        "interestExpense": 0,
        "depreciationAndAmortization": 1394000,
        "ebitda": -7843000,
        "ebitdaratio": -0.1201329535,
        "operatingIncome": -7090000,
        "operatingIncomeRatio": -0.1085990871,
        "totalOtherIncomeExpensesNet": 681000,
        "incomeBeforeTax": -6409000,
        "incomeBeforeTaxRatio": -0.0981680605,
        "incomeTaxExpense": 419000,
        "netIncome": -9656000,
        "netIncomeRatio": -0.1479030726,
        "eps": -0.3,
        "epsdiluted": -0.3,
        "weightedAverageShsOut": 32501694,
        "weightedAverageShsOutDil": 32501694,
        "link": "https://www.sec.gov/Archives/edgar/data/1316625/000119312508224618/0001193125-08-224618-index.htm",
        "finalLink": "https://www.sec.gov/Archives/edgar/data/1316625/000119312508224618/d10q.htm"
    },
    {
        "date": "2008-06-28",
        "symbol": "SGI",
        "reportedCurrency": "USD",
        "cik": "0001206264",
        "fillingDate": "2008-08-07",
        "acceptedDate": "2008-08-07 17:26:30",
        "calendarYear": "2008",
        "period": "Q2",
        "revenue": 75965000,
        "costOfRevenue": 67244000,
        "grossProfit": 8721000,
        "grossProfitRatio": 0.1148028697,
        "researchAndDevelopmentExpenses": 6878000,
        "generalAndAdministrativeExpenses": 991000,
        "sellingAndMarketingExpenses": 5780000,
        "sellingGeneralAndAdministrativeExpenses": 6771000,
        "otherExpenses": 23321000,
        "operatingExpenses": 36970000,
        "costAndExpenses": 104214000,
        "interestIncome": 0,
        "interestExpense": 0,
        "depreciationAndAmortization": 1807000,
        "ebitda": -22397000,
        "ebitdaratio": -0.2948331468,
        "operatingIncome": -28249000,
        "operatingIncomeRatio": -0.3718686237,
        "totalOtherIncomeExpensesNet": 845000,
        "incomeBeforeTax": -27404000,
        "incomeBeforeTaxRatio": -0.36074508,
        "incomeTaxExpense": 1600000,
        "netIncome": -25804000,
        "netIncomeRatio": -0.3396827486,
        "eps": -0.88,
        "epsdiluted": -0.88,
        "weightedAverageShsOut": 29281632,
        "weightedAverageShsOutDil": 29281632,
        "link": "https://www.sec.gov/Archives/edgar/data/1316625/000119312508170313/0001193125-08-170313-index.htm",
        "finalLink": "https://www.sec.gov/Archives/edgar/data/1316625/000119312508170313/d10q.htm"
    },
    {
        "date": "2008-03-29",
        "symbol": "SGI",
        "reportedCurrency": "USD",
        "cik": "0001206264",
        "fillingDate": "2008-05-08",
        "acceptedDate": "2008-05-07 21:06:38",
        "calendarYear": "2008",
        "period": "Q1",
        "revenue": 67966000,
        "costOfRevenue": 51976000,
        "grossProfit": 15990000,
        "grossProfitRatio": 0.2352646912,
        "researchAndDevelopmentExpenses": 7096000,
        "generalAndAdministrativeExpenses": 680000,
        "sellingAndMarketingExpenses": 6475000,
        "sellingGeneralAndAdministrativeExpenses": 7155000,
        "otherExpenses": 6475000,
        "operatingExpenses": 20726000,
        "costAndExpenses": 72702000,
        "interestIncome": 0,
        "interestExpense": 0,
        "depreciationAndAmortization": 1723000,
        "ebitda": -1355000,
        "ebitdaratio": -0.0199364388,
        "operatingIncome": -4736000,
        "operatingIncomeRatio": -0.0696818998,
        "totalOtherIncomeExpensesNet": 2030000,
        "incomeBeforeTax": -2706000,
        "incomeBeforeTaxRatio": -0.0398140247,
        "incomeTaxExpense": -186000,
        "netIncome": -2892000,
        "netIncomeRatio": -0.0425506871,
        "eps": -0.1,
        "epsdiluted": -0.1,
        "weightedAverageShsOut": 28920000,
        "weightedAverageShsOutDil": 28920000,
        "link": "https://www.sec.gov/Archives/edgar/data/1316625/000119312508106347/0001193125-08-106347-index.htm",
        "finalLink": "https://www.sec.gov/Archives/edgar/data/1316625/000119312508106347/d10q.htm"
    },
    {
        "date": "2007-12-31",
        "symbol": "SGI",
        "reportedCurrency": "USD",
        "cik": "0001206264",
        "fillingDate": "2008-03-13",
        "acceptedDate": "2008-03-13 06:08:14",
        "calendarYear": "2007",
        "period": "Q4",
        "revenue": 111650000,
        "costOfRevenue": 83620000,
        "grossProfit": 28030000,
        "grossProfitRatio": 0.2510523959,
        "researchAndDevelopmentExpenses": 7327000,
        "generalAndAdministrativeExpenses": -1482000,
        "sellingAndMarketingExpenses": 9143000,
        "sellingGeneralAndAdministrativeExpenses": 7661000,
        "otherExpenses": 33015000,
        "operatingExpenses": 48003000,
        "costAndExpenses": 131623000,
        "interestIncome": 0,
        "interestExpense": 8000,
        "depreciationAndAmortization": 2466000,
        "ebitda": -17853000,
        "ebitdaratio": -0.1599014778,
        "operatingIncome": -19973000,
        "operatingIncomeRatio": -0.1788893865,
        "totalOtherIncomeExpensesNet": 2386000,
        "incomeBeforeTax": -17587000,
        "incomeBeforeTaxRatio": -0.1575190327,
        "incomeTaxExpense": -1370000,
        "netIncome": -18957000,
        "netIncomeRatio": -0.1697895208,
        "eps": -0.66,
        "epsdiluted": -0.66,
        "weightedAverageShsOut": 28742561,
        "weightedAverageShsOutDil": 28742561,
        "link": "https://www.sec.gov/Archives/edgar/data/1316625/000119312508054689/0001193125-08-054689-index.htm",
        "finalLink": "https://www.sec.gov/Archives/edgar/data/1316625/000119312508054689/d10k.htm"
    },
    {
        "date": "2007-09-29",
        "symbol": "SGI",
        "reportedCurrency": "USD",
        "cik": "0001206264",
        "fillingDate": "2007-11-08",
        "acceptedDate": "2007-11-07 17:42:01",
        "calendarYear": "2007",
        "period": "Q3",
        "revenue": 87243000,
        "costOfRevenue": 68392000,
        "grossProfit": 18851000,
        "grossProfitRatio": 0.2160746421,
        "researchAndDevelopmentExpenses": 5972000,
        "generalAndAdministrativeExpenses": -388000,
        "sellingAndMarketingExpenses": 7978000,
        "sellingGeneralAndAdministrativeExpenses": 7590000,
        "otherExpenses": 7978000,
        "operatingExpenses": 21540000,
        "costAndExpenses": 89932000,
        "interestIncome": 0,
        "interestExpense": 0,
        "depreciationAndAmortization": 1844000,
        "ebitda": 2181000,
        "ebitdaratio": 0.0249991403,
        "operatingIncome": -2689000,
        "operatingIncomeRatio": -0.0308219571,
        "totalOtherIncomeExpensesNet": 2362000,
        "incomeBeforeTax": -327000,
        "incomeBeforeTaxRatio": -0.0037481517,
        "incomeTaxExpense": 332000,
        "netIncome": 5000,
        "netIncomeRatio": 5.73112e-05,
        "eps": 0.0002,
        "epsdiluted": 0.0002,
        "weightedAverageShsOut": 28587570,
        "weightedAverageShsOutDil": 28587570,
        "link": "https://www.sec.gov/Archives/edgar/data/1316625/000119312507238691/0001193125-07-238691-index.htm",
        "finalLink": "https://www.sec.gov/Archives/edgar/data/1316625/000119312507238691/d10q.htm"
    },
    {
        "date": "2007-06-30",
        "symbol": "SGI",
        "reportedCurrency": "USD",
        "cik": "0001206264",
        "fillingDate": "2007-08-09",
        "acceptedDate": "2007-08-08 21:27:01",
        "calendarYear": "2007",
        "period": "Q2",
        "revenue": 82239000,
        "costOfRevenue": 89172000,
        "grossProfit": -6933000,
        "grossProfitRatio": -0.0843030679,
        "researchAndDevelopmentExpenses": 6146000,
        "generalAndAdministrativeExpenses": 1159000,
        "sellingAndMarketingExpenses": 8402000,
        "sellingGeneralAndAdministrativeExpenses": 9561000,
        "otherExpenses": 8402000,
        "operatingExpenses": 24109000,
        "costAndExpenses": 113281000,
        "interestIncome": 0,
        "interestExpense": -3000,
        "depreciationAndAmortization": 1865000,
        "ebitda": -50029000,
        "ebitdaratio": -0.6083366772,
        "operatingIncome": -31042000,
        "operatingIncomeRatio": -0.3774608154,
        "totalOtherIncomeExpensesNet": 2037000,
        "incomeBeforeTax": -29005000,
        "incomeBeforeTaxRatio": -0.3526915454,
        "incomeTaxExpense": -11443000,
        "netIncome": -40448000,
        "netIncomeRatio": -0.4918347743,
        "eps": -1.42,
        "epsdiluted": -1.42,
        "weightedAverageShsOut": 28429775,
        "weightedAverageShsOutDil": 28429775,
        "link": "https://www.sec.gov/Archives/edgar/data/1316625/000119312507176110/0001193125-07-176110-index.htm",
        "finalLink": "https://www.sec.gov/Archives/edgar/data/1316625/000119312507176110/d10q.htm"
    },
    {
        "date": "2007-03-31",
        "symbol": "SGI",
        "reportedCurrency": "USD",
        "cik": "0001206264",
        "fillingDate": "2007-05-10",
        "acceptedDate": "2007-05-10 15:24:22",
        "calendarYear": "2007",
        "period": "Q1",
        "revenue": 72023000,
        "costOfRevenue": 62999000,
        "grossProfit": 9024000,
        "grossProfitRatio": 0.1252933091,
        "researchAndDevelopmentExpenses": 6836000,
        "generalAndAdministrativeExpenses": 2618000,
        "sellingAndMarketingExpenses": 8722000,
        "sellingGeneralAndAdministrativeExpenses": 11340000,
        "otherExpenses": 8722000,
        "operatingExpenses": 26898000,
        "costAndExpenses": 89897000,
        "interestIncome": 0,
        "interestExpense": 3000,
        "depreciationAndAmortization": 1298000,
        "ebitda": -2942000,
        "ebitdaratio": -0.0408480624,
        "operatingIncome": -17874000,
        "operatingIncomeRatio": -0.2481707232,
        "totalOtherIncomeExpensesNet": 1803000,
        "incomeBeforeTax": -16071000,
        "incomeBeforeTaxRatio": -0.2231370534,
        "incomeTaxExpense": 5914000,
        "netIncome": -10157000,
        "netIncomeRatio": -0.141024395,
        "eps": -0.36,
        "epsdiluted": -0.36,
        "weightedAverageShsOut": 28213888,
        "weightedAverageShsOutDil": 28213888,
        "link": "https://www.sec.gov/Archives/edgar/data/1316625/000119312507110073/0001193125-07-110073-index.htm",
        "finalLink": "https://www.sec.gov/Archives/edgar/data/1316625/000119312507110073/d10q.htm"
    },
    {
        "date": "2006-12-31",
        "symbol": "SGI",
        "reportedCurrency": "USD",
        "cik": "0001206264",
        "fillingDate": "2007-02-28",
        "acceptedDate": "2007-02-28 16:35:04",
        "calendarYear": "2006",
        "period": "Q4",
        "revenue": 106876000,
        "costOfRevenue": 87798000,
        "grossProfit": 19078000,
        "grossProfitRatio": 0.1785059321,
        "researchAndDevelopmentExpenses": 5518000,
        "generalAndAdministrativeExpenses": -1449000,
        "sellingAndMarketingExpenses": 8742000,
        "sellingGeneralAndAdministrativeExpenses": 7293000,
        "otherExpenses": 8742000,
        "operatingExpenses": 21553000,
        "costAndExpenses": 109351000,
        "interestIncome": 0,
        "interestExpense": 13000,
        "depreciationAndAmortization": 1363000,
        "ebitda": 1870000,
        "ebitdaratio": 0.0174969123,
        "operatingIncome": -1433000,
        "operatingIncomeRatio": -0.0134080617,
        "totalOtherIncomeExpensesNet": 2065000,
        "incomeBeforeTax": 632000,
        "incomeBeforeTaxRatio": 0.005913395,
        "incomeTaxExpense": -69000,
        "netIncome": 563000,
        "netIncomeRatio": 0.005267787,
        "eps": 0.0211,
        "epsdiluted": 0.0196,
        "weightedAverageShsOut": 26679069,
        "weightedAverageShsOutDil": 28680000,
        "link": "https://www.sec.gov/Archives/edgar/data/1316625/000119312507042677/0001193125-07-042677-index.htm",
        "finalLink": "https://www.sec.gov/Archives/edgar/data/1316625/000119312507042677/d10k.htm"
    },
    {
        "date": "2006-09-30",
        "symbol": "SGI",
        "reportedCurrency": "USD",
        "cik": "0001206264",
        "fillingDate": "2006-11-14",
        "acceptedDate": "2006-11-14 17:15:19",
        "calendarYear": "2006",
        "period": "Q3",
        "revenue": 80460000,
        "costOfRevenue": 64297000,
        "grossProfit": 16163000,
        "grossProfitRatio": 0.2008824261,
        "researchAndDevelopmentExpenses": 3787000,
        "generalAndAdministrativeExpenses": -527000,
        "sellingAndMarketingExpenses": 7014000,
        "sellingGeneralAndAdministrativeExpenses": 6487000,
        "otherExpenses": 9854000,
        "operatingExpenses": 20128000,
        "costAndExpenses": 84425000,
        "interestIncome": 0,
        "interestExpense": 0,
        "depreciationAndAmortization": 877000,
        "ebitda": 356000,
        "ebitdaratio": 0.0044245588,
        "operatingIncome": -2949000,
        "operatingIncomeRatio": -0.0366517524,
        "totalOtherIncomeExpensesNet": 2692000,
        "incomeBeforeTax": -257000,
        "incomeBeforeTaxRatio": -0.0031941337,
        "incomeTaxExpense": -132000,
        "netIncome": -389000,
        "netIncomeRatio": -0.0048347005,
        "eps": -0.0146,
        "epsdiluted": -0.0139,
        "weightedAverageShsOut": 26607317,
        "weightedAverageShsOutDil": 27971794,
        "link": "https://www.sec.gov/Archives/edgar/data/1316625/000119312506235089/0001193125-06-235089-index.htm",
        "finalLink": "https://www.sec.gov/Archives/edgar/data/1316625/000119312506235089/d10q.htm"
    },
    {
        "date": "2006-07-01",
        "symbol": "SGI",
        "reportedCurrency": "USD",
        "cik": "0001206264",
        "fillingDate": "2006-08-15",
        "acceptedDate": "2006-08-15 15:35:41",
        "calendarYear": "2006",
        "period": "Q2",
        "revenue": 88648000,
        "costOfRevenue": 69284000,
        "grossProfit": 19364000,
        "grossProfitRatio": 0.2184369642,
        "researchAndDevelopmentExpenses": 2542000,
        "generalAndAdministrativeExpenses": -1864000,
        "sellingAndMarketingExpenses": 6447000,
        "sellingGeneralAndAdministrativeExpenses": 4583000,
        "otherExpenses": 6447000,
        "operatingExpenses": 13572000,
        "costAndExpenses": 82856000,
        "interestIncome": 0,
        "interestExpense": 0,
        "depreciationAndAmortization": 719000,
        "ebitda": 2128000,
        "ebitdaratio": 0.0240050537,
        "operatingIncome": 6611000,
        "operatingIncomeRatio": 0.0745758506,
        "totalOtherIncomeExpensesNet": 2632000,
        "incomeBeforeTax": 9243000,
        "incomeBeforeTaxRatio": 0.1042663117,
        "incomeTaxExpense": -3917000,
        "netIncome": 5326000,
        "netIncomeRatio": 0.0600803177,
        "eps": 0.2,
        "epsdiluted": 0.19,
        "weightedAverageShsOut": 26274418,
        "weightedAverageShsOutDil": 27556097,
        "link": "https://www.sec.gov/Archives/edgar/data/1316625/000119312506173821/0001193125-06-173821-index.htm",
        "finalLink": "https://www.sec.gov/Archives/edgar/data/1316625/000119312506173821/d10q.htm"
    },
    {
        "date": "2006-04-01",
        "symbol": "SGI",
        "reportedCurrency": "USD",
        "cik": "0001206264",
        "fillingDate": "2006-05-15",
        "acceptedDate": "2006-05-15 15:17:22",
        "calendarYear": "2006",
        "period": "Q1",
        "revenue": 84392000,
        "costOfRevenue": 65604000,
        "grossProfit": 18788000,
        "grossProfitRatio": 0.2226277372,
        "researchAndDevelopmentExpenses": 1798000,
        "generalAndAdministrativeExpenses": -1318000,
        "sellingAndMarketingExpenses": 4848000,
        "sellingGeneralAndAdministrativeExpenses": 3530000,
        "otherExpenses": 4848000,
        "operatingExpenses": 10176000,
        "costAndExpenses": 75780000,
        "interestIncome": 0,
        "interestExpense": 0,
        "depreciationAndAmortization": 607000,
        "ebitda": 2325000,
        "ebitdaratio": 0.0275500047,
        "operatingIncome": 9318000,
        "operatingIncomeRatio": 0.1104133093,
        "totalOtherIncomeExpensesNet": 908000,
        "incomeBeforeTax": 10226000,
        "incomeBeforeTaxRatio": 0.121172623,
        "incomeTaxExpense": -4254000,
        "netIncome": 5972000,
        "netIncomeRatio": 0.0707650014,
        "eps": 0.25,
        "epsdiluted": 0.23,
        "weightedAverageShsOut": 23888000,
        "weightedAverageShsOutDil": 25965217,
        "link": "https://www.sec.gov/Archives/edgar/data/1316625/000119312506112522/0001193125-06-112522-index.htm",
        "finalLink": "https://www.sec.gov/Archives/edgar/data/1316625/000119312506112522/d10q.htm"
    },
    {
        "date": "2005-12-31",
        "symbol": "SGI",
        "reportedCurrency": "USD",
        "cik": "0001206264",
        "fillingDate": "2006-02-22",
        "acceptedDate": "2006-02-21 20:24:28",
        "calendarYear": "2005",
        "period": "Q4",
        "revenue": 83117000,
        "costOfRevenue": 62369000,
        "grossProfit": 20748000,
        "grossProfitRatio": 0.249624024,
        "researchAndDevelopmentExpenses": 853000,
        "generalAndAdministrativeExpenses": -1910000,
        "sellingAndMarketingExpenses": 4778000,
        "sellingGeneralAndAdministrativeExpenses": 2868000,
        "otherExpenses": 4778000,
        "operatingExpenses": 8499000,
        "costAndExpenses": 70868000,
        "interestIncome": 0,
        "interestExpense": 0,
        "depreciationAndAmortization": 1434000,
        "ebitda": 3624000,
        "ebitdaratio": 0.0436011887,
        "operatingIncome": 12179000,
        "operatingIncomeRatio": 0.1465283877,
        "totalOtherIncomeExpensesNet": 259000,
        "incomeBeforeTax": 12438000,
        "incomeBeforeTaxRatio": 0.1496444771,
        "incomeTaxExpense": -5124000,
        "netIncome": 7314000,
        "netIncomeRatio": 0.0879964388,
        "eps": 0.74,
        "epsdiluted": 0.41,
        "weightedAverageShsOut": 9947000,
        "weightedAverageShsOutDil": 18040000,
        "link": "https://www.sec.gov/Archives/edgar/data/1316625/000119312506036021/0001193125-06-036021-index.htm",
        "finalLink": "https://www.sec.gov/Archives/edgar/data/1316625/000119312506036021/d10k.htm"
    },
    {
        "date": "2005-10-01",
        "symbol": "SGI",
        "reportedCurrency": "USD",
        "cik": "0001206264",
        "fillingDate": "2005-11-09",
        "acceptedDate": "2005-11-08 21:34:46",
        "calendarYear": "2005",
        "period": "Q3",
        "revenue": 57419000,
        "costOfRevenue": 43579000,
        "grossProfit": 13840000,
        "grossProfitRatio": 0.2410351974,
        "researchAndDevelopmentExpenses": 549000,
        "generalAndAdministrativeExpenses": -1953000,
        "sellingAndMarketingExpenses": 3945000,
        "sellingGeneralAndAdministrativeExpenses": 1992000,
        "otherExpenses": 3945000,
        "operatingExpenses": 6486000,
        "costAndExpenses": 50065000,
        "interestIncome": 0,
        "interestExpense": 9000,
        "depreciationAndAmortization": 746000,
        "ebitda": 1874000,
        "ebitdaratio": 0.0326372803,
        "operatingIncome": 7376000,
        "operatingIncomeRatio": 0.1284592208,
        "totalOtherIncomeExpensesNet": 245000,
        "incomeBeforeTax": 7621000,
        "incomeBeforeTaxRatio": 0.1327261011,
        "incomeTaxExpense": -3251000,
        "netIncome": 4370000,
        "netIncomeRatio": 0.0761072119,
        "eps": 0.55,
        "epsdiluted": 0.26,
        "weightedAverageShsOut": 7986666,
        "weightedAverageShsOutDil": 17114285,
        "link": "https://www.sec.gov/Archives/edgar/data/1316625/000119312505220224/0001193125-05-220224-index.htm",
        "finalLink": "https://www.sec.gov/Archives/edgar/data/1316625/000119312505220224/d10q.htm"
    }
]