[
    {
        "date": "2025-06-30",
        "symbol": "SII",
        "reportedCurrency": "USD",
        "cik": "0001512920",
        "fillingDate": "2025-08-06",
        "acceptedDate": "2025-08-06 07:00:23",
        "calendarYear": "2025",
        "period": "Q2",
        "revenue": 67313000,
        "costOfRevenue": 5248000,
        "grossProfit": 62065000,
        "grossProfitRatio": 0.9220358623,
        "researchAndDevelopmentExpenses": 0,
        "generalAndAdministrativeExpenses": 4825000,
        "sellingAndMarketingExpenses": 0,
        "sellingGeneralAndAdministrativeExpenses": 4825000,
        "otherExpenses": 637000,
        "operatingExpenses": 5462000,
        "costAndExpenses": 42765000,
        "interestIncome": 0,
        "interestExpense": 286000,
        "depreciationAndAmortization": 647496,
        "ebitda": 23426000,
        "ebitdaratio": 0.348015985,
        "operatingIncome": 19426000,
        "operatingIncomeRatio": 0.2885920996,
        "totalOtherIncomeExpensesNet": -3607478,
        "incomeBeforeTax": 19171000,
        "incomeBeforeTaxRatio": 0.2848038269,
        "incomeTaxExpense": 5447000,
        "netIncome": 13723000,
        "netIncomeRatio": 0.2038684949,
        "eps": 0.53,
        "epsdiluted": 0.53,
        "weightedAverageShsOut": 18952000,
        "weightedAverageShsOutDil": 18965000,
        "link": "https://www.sec.gov/Archives/edgar/data/1512920/000162828025038080/0001628280-25-038080-index.htm",
        "finalLink": "https://www.sec.gov/Archives/edgar/data/1512920/000162828025038080/sprott2025q2-mdaandfs.htm"
    },
    {
        "date": "2025-03-31",
        "symbol": "SII",
        "reportedCurrency": "USD",
        "cik": "0001512920",
        "fillingDate": "2025-05-07",
        "acceptedDate": "2025-05-07 07:00:22",
        "calendarYear": "2025",
        "period": "Q1",
        "revenue": 41677000,
        "costOfRevenue": 22108000,
        "grossProfit": 19569000,
        "grossProfitRatio": 0.4695395542,
        "researchAndDevelopmentExpenses": 0,
        "generalAndAdministrativeExpenses": 0,
        "sellingAndMarketingExpenses": 0,
        "sellingGeneralAndAdministrativeExpenses": 4127000,
        "otherExpenses": 541000,
        "operatingExpenses": 4668000,
        "costAndExpenses": 26776000,
        "interestIncome": 0,
        "interestExpense": 280000,
        "depreciationAndAmortization": 541000,
        "ebitda": 16573000,
        "ebitdaratio": 0.397653382,
        "operatingIncome": 14901000,
        "operatingIncomeRatio": 0.3575353312,
        "totalOtherIncomeExpensesNet": 851000,
        "incomeBeforeTax": 15752000,
        "incomeBeforeTaxRatio": 0.3779542673,
        "incomeTaxExpense": 3795000,
        "netIncome": 11957000,
        "netIncomeRatio": 0.2868968496,
        "eps": 0.46,
        "epsdiluted": 0.46,
        "weightedAverageShsOut": 25811000,
        "weightedAverageShsOutDil": 25829000,
        "link": "https://www.sec.gov/Archives/edgar/data/1512920/000162828025022861/0001628280-25-022861-index.htm",
        "finalLink": "https://www.sec.gov/Archives/edgar/data/1512920/000162828025022861/sprott2025q1-mdaandfs.htm"
    },
    {
        "date": "2024-12-31",
        "symbol": "SII",
        "reportedCurrency": "USD",
        "cik": "0001512920",
        "fillingDate": "2025-02-26",
        "acceptedDate": "2025-02-26 07:17:51",
        "calendarYear": "2024",
        "period": "Q4",
        "revenue": 37303000,
        "costOfRevenue": 22670000,
        "grossProfit": 14633000,
        "grossProfitRatio": 0.3922740798,
        "researchAndDevelopmentExpenses": 0,
        "generalAndAdministrativeExpenses": 0,
        "sellingAndMarketingExpenses": 0,
        "sellingGeneralAndAdministrativeExpenses": 4949000,
        "otherExpenses": 600000,
        "operatingExpenses": 5549000,
        "costAndExpenses": 28219000,
        "interestIncome": 0,
        "interestExpense": 613000,
        "depreciationAndAmortization": 600000,
        "ebitda": 17706000,
        "ebitdaratio": 0.4746535131,
        "operatingIncome": 9084000,
        "operatingIncomeRatio": 0.243519288,
        "totalOtherIncomeExpensesNet": 7409000,
        "incomeBeforeTax": 16493000,
        "incomeBeforeTaxRatio": 0.4421360212,
        "incomeTaxExpense": 4813000,
        "netIncome": 11680000,
        "netIncomeRatio": 0.313111546,
        "eps": 0.46,
        "epsdiluted": 0.45,
        "weightedAverageShsOut": 17938745,
        "weightedAverageShsOutDil": 18036515,
        "link": "https://www.sec.gov/Archives/edgar/data/1512920/000162828025007955/0001628280-25-007955-index.htm",
        "finalLink": "https://www.sec.gov/Archives/edgar/data/1512920/000162828025007955/sii-20241231_d2.htm"
    },
    {
        "date": "2024-09-30",
        "symbol": "SII",
        "reportedCurrency": "USD",
        "cik": "0001512920",
        "fillingDate": "2024-11-06",
        "acceptedDate": "2024-11-06 07:00:22",
        "calendarYear": "2024",
        "period": "Q3",
        "revenue": 45150000,
        "costOfRevenue": 21035000,
        "grossProfit": 24115000,
        "grossProfitRatio": 0.5341085271,
        "researchAndDevelopmentExpenses": 0,
        "generalAndAdministrativeExpenses": 4612000,
        "sellingAndMarketingExpenses": 0,
        "sellingGeneralAndAdministrativeExpenses": 4612000,
        "otherExpenses": 502000,
        "operatingExpenses": 5114000,
        "costAndExpenses": 26149000,
        "interestIncome": 0,
        "interestExpense": 933000,
        "depreciationAndAmortization": 506038,
        "ebitda": 21025782,
        "ebitdaratio": 0.465687309,
        "operatingIncome": 20519744,
        "operatingIncomeRatio": 0.4544793798,
        "totalOtherIncomeExpensesNet": -2124744,
        "incomeBeforeTax": 18395000,
        "incomeBeforeTaxRatio": 0.4074197121,
        "incomeTaxExpense": 5698000,
        "netIncome": 12799135,
        "netIncomeRatio": 0.2834802879,
        "eps": 0.5,
        "epsdiluted": 0.49,
        "weightedAverageShsOut": 25405000,
        "weightedAverageShsOutDil": 26040000,
        "link": "https://www.sec.gov/Archives/edgar/data/1512920/000162828024045448/0001628280-24-045448-index.htm",
        "finalLink": "https://www.sec.gov/Archives/edgar/data/1512920/000162828024045448/sprott2024q3-mdaandfs.htm"
    },
    {
        "date": "2024-06-30",
        "symbol": "SII",
        "reportedCurrency": "USD",
        "cik": "0001512920",
        "fillingDate": "2024-08-07",
        "acceptedDate": "2024-08-07 07:00:23",
        "calendarYear": "2024",
        "period": "Q2",
        "revenue": 48183060,
        "costOfRevenue": 4871995,
        "grossProfit": 43311065,
        "grossProfitRatio": 0.8988857287,
        "researchAndDevelopmentExpenses": 0,
        "generalAndAdministrativeExpenses": 5040000,
        "sellingAndMarketingExpenses": 0,
        "sellingGeneralAndAdministrativeExpenses": 5040000,
        "otherExpenses": -24145021,
        "operatingExpenses": 5608000,
        "costAndExpenses": 28552110,
        "interestIncome": 0,
        "interestExpense": 715000,
        "depreciationAndAmortization": 567882,
        "ebitda": 20081000,
        "ebitdaratio": 0.4167647302,
        "operatingIncome": 19630949,
        "operatingIncomeRatio": 0.4074242898,
        "totalOtherIncomeExpensesNet": -836826,
        "incomeBeforeTax": 18794123,
        "incomeBeforeTaxRatio": 0.3900566506,
        "incomeTaxExpense": 5436878,
        "netIncome": 13360000,
        "netIncomeRatio": 0.2772758725,
        "eps": 0.53,
        "epsdiluted": 0.51,
        "weightedAverageShsOut": 18556857,
        "weightedAverageShsOutDil": 19026697,
        "link": "https://www.sec.gov/Archives/edgar/data/1512920/000162828024035367/0001628280-24-035367-index.htm",
        "finalLink": "https://www.sec.gov/Archives/edgar/data/1512920/000162828024035367/sprott2024q2-mdaandfs.htm"
    },
    {
        "date": "2024-03-31",
        "symbol": "SII",
        "reportedCurrency": "USD",
        "cik": "0001512920",
        "fillingDate": "2024-05-08",
        "acceptedDate": "2024-05-08 07:00:24",
        "calendarYear": "2024",
        "period": "Q1",
        "revenue": 39734000,
        "costOfRevenue": 20501000,
        "grossProfit": 19233000,
        "grossProfitRatio": 0.4840438919,
        "researchAndDevelopmentExpenses": 0,
        "generalAndAdministrativeExpenses": 0,
        "sellingAndMarketingExpenses": 0,
        "sellingGeneralAndAdministrativeExpenses": 4173000,
        "otherExpenses": -22029156,
        "operatingExpenses": 4724000,
        "costAndExpenses": 25225000,
        "interestIncome": 0,
        "interestExpense": 830000,
        "depreciationAndAmortization": 551000,
        "ebitda": 16701000,
        "ebitdaratio": 0.4203201289,
        "operatingIncome": 14509000,
        "operatingIncomeRatio": 0.3651532692,
        "totalOtherIncomeExpensesNet": 1085000,
        "incomeBeforeTax": 15320000,
        "incomeBeforeTaxRatio": 0.3855640006,
        "incomeTaxExpense": 3763000,
        "netIncome": 11557000,
        "netIncomeRatio": 0.2908592138,
        "eps": 0.45,
        "epsdiluted": 0.44,
        "weightedAverageShsOut": 25408000,
        "weightedAverageShsOutDil": 26039000,
        "link": "https://www.sec.gov/Archives/edgar/data/1512920/000162828024021360/0001628280-24-021360-index.htm",
        "finalLink": "https://www.sec.gov/Archives/edgar/data/1512920/000162828024021360/sprott2024q1-mdaandfs.htm"
    },
    {
        "date": "2023-12-31",
        "symbol": "SII",
        "reportedCurrency": "USD",
        "cik": "0001512920",
        "fillingDate": "2024-02-21",
        "acceptedDate": "2024-02-21 07:00:57",
        "calendarYear": "2023",
        "period": "Q4",
        "revenue": 36319000,
        "costOfRevenue": 19084000,
        "grossProfit": 17235000,
        "grossProfitRatio": 0.474545004,
        "researchAndDevelopmentExpenses": 0,
        "generalAndAdministrativeExpenses": 0,
        "sellingAndMarketingExpenses": 0,
        "sellingGeneralAndAdministrativeExpenses": 4195000,
        "otherExpenses": -1438000,
        "operatingExpenses": 4853000,
        "costAndExpenses": 23937000,
        "interestIncome": 1214000,
        "interestExpense": 844000,
        "depreciationAndAmortization": 658000,
        "ebitda": 12325000,
        "ebitdaratio": 0.3393540571,
        "operatingIncome": 12216000,
        "operatingIncomeRatio": 0.3363528732,
        "totalOtherIncomeExpensesNet": -2773000,
        "incomeBeforeTax": 10823000,
        "incomeBeforeTaxRatio": 0.2979982929,
        "incomeTaxExpense": 1159000,
        "netIncome": 9664000,
        "netIncomeRatio": 0.2660866213,
        "eps": 0.39,
        "epsdiluted": 0.38,
        "weightedAverageShsOut": 25410151,
        "weightedAverageShsOutDil": 26118918,
        "link": "https://www.sec.gov/Archives/edgar/data/1512920/000162828024005773/0001628280-24-005773-index.htm",
        "finalLink": "https://www.sec.gov/Archives/edgar/data/1512920/000162828024005773/sii-20231231_d2.htm"
    },
    {
        "date": "2023-09-30",
        "symbol": "SII",
        "reportedCurrency": "USD",
        "cik": "0001512920",
        "fillingDate": "2023-11-01",
        "acceptedDate": "2023-11-01 07:00:23",
        "calendarYear": "2023",
        "period": "Q3",
        "revenue": 33655000,
        "costOfRevenue": 18474000,
        "grossProfit": 15181000,
        "grossProfitRatio": 0.4510771059,
        "researchAndDevelopmentExpenses": 0,
        "generalAndAdministrativeExpenses": 0,
        "sellingAndMarketingExpenses": 0,
        "sellingGeneralAndAdministrativeExpenses": 4000000,
        "otherExpenses": -159000,
        "operatingExpenses": 4731000,
        "costAndExpenses": 23205000,
        "interestIncome": 1181000,
        "interestExpense": 882000,
        "depreciationAndAmortization": 731000,
        "ebitda": 11054000,
        "ebitdaratio": 0.3284504531,
        "operatingIncome": 10323000,
        "operatingIncomeRatio": 0.306730055,
        "totalOtherIncomeExpensesNet": -5513000,
        "incomeBeforeTax": 5424000,
        "incomeBeforeTaxRatio": 0.1611647601,
        "incomeTaxExpense": -1349000,
        "netIncome": 6773000,
        "netIncomeRatio": 0.2012479572,
        "eps": 0.27,
        "epsdiluted": 0.26,
        "weightedAverageShsOut": 25187000,
        "weightedAverageShsOutDil": 26179000,
        "link": "https://www.sec.gov/Archives/edgar/data/1512920/000162828023035785/0001628280-23-035785-index.htm",
        "finalLink": "https://www.sec.gov/Archives/edgar/data/1512920/000162828023035785/sprott2023q3-mdaandfs.htm"
    },
    {
        "date": "2023-06-30",
        "symbol": "SII",
        "reportedCurrency": "USD",
        "cik": "0001512920",
        "fillingDate": "2023-08-09",
        "acceptedDate": "2023-08-09 07:00:22",
        "calendarYear": "2023",
        "period": "Q2",
        "revenue": 35257000,
        "costOfRevenue": 23272000,
        "grossProfit": 11985000,
        "grossProfitRatio": 0.3399324957,
        "researchAndDevelopmentExpenses": 0,
        "generalAndAdministrativeExpenses": 4988000,
        "sellingAndMarketingExpenses": 0,
        "sellingGeneralAndAdministrativeExpenses": 4988000,
        "otherExpenses": 17303000,
        "operatingExpenses": 5736000,
        "costAndExpenses": 29008000,
        "interestIncome": 1277000,
        "interestExpense": 1087000,
        "depreciationAndAmortization": 748000,
        "ebitda": 25616000,
        "ebitdaratio": 0.7265507559,
        "operatingIncome": 24304000,
        "operatingIncomeRatio": 0.6893382874,
        "totalOtherIncomeExpensesNet": 16320000,
        "incomeBeforeTax": 23781000,
        "incomeBeforeTaxRatio": 0.6745043537,
        "incomeTaxExpense": 6057000,
        "netIncome": 17724000,
        "netIncomeRatio": 0.502708682,
        "eps": 0.71,
        "epsdiluted": 0.68,
        "weightedAverageShsOut": 25270000,
        "weightedAverageShsOutDil": 26232000,
        "link": "https://www.sec.gov/Archives/edgar/data/1512920/000162828023028396/0001628280-23-028396-index.htm",
        "finalLink": "https://www.sec.gov/Archives/edgar/data/1512920/000162828023028396/sprott2023q2-mdaandfs.htm"
    },
    {
        "date": "2023-03-31",
        "symbol": "SII",
        "reportedCurrency": "USD",
        "cik": "0001512920",
        "fillingDate": "2023-03-31",
        "acceptedDate": "2023-03-31 00:00:00",
        "calendarYear": "2023",
        "period": "Q1",
        "revenue": 37398000,
        "costOfRevenue": 20350000,
        "grossProfit": 17048000,
        "grossProfitRatio": 0.4558532542,
        "researchAndDevelopmentExpenses": 0,
        "generalAndAdministrativeExpenses": 4267000,
        "sellingAndMarketingExpenses": 0,
        "sellingGeneralAndAdministrativeExpenses": 4267000,
        "otherExpenses": 2902000,
        "operatingExpenses": 7169000,
        "costAndExpenses": 27519000,
        "interestIncome": 1180000,
        "interestExpense": 1247000,
        "depreciationAndAmortization": 706000,
        "ebitda": 12216000,
        "ebitdaratio": 0.3266484839,
        "operatingIncome": 7793000,
        "operatingIncomeRatio": 0.2083801273,
        "totalOtherIncomeExpensesNet": -885000,
        "incomeBeforeTax": 10263000,
        "incomeBeforeTaxRatio": 0.2744264399,
        "incomeTaxExpense": 2625000,
        "netIncome": 7638000,
        "netIncomeRatio": 0.2042355206,
        "eps": 0.3,
        "epsdiluted": 0.29,
        "weightedAverageShsOut": 25297000,
        "weightedAverageShsOutDil": 26262000,
        "link": null,
        "finalLink": null
    },
    {
        "date": "2022-12-31",
        "symbol": "SII",
        "reportedCurrency": "USD",
        "cik": "0001512920",
        "fillingDate": "2023-02-24",
        "acceptedDate": "2023-02-24 07:13:00",
        "calendarYear": "2022",
        "period": "Q4",
        "revenue": 30920000,
        "costOfRevenue": 13606000,
        "grossProfit": 17314000,
        "grossProfitRatio": 0.5599611902,
        "researchAndDevelopmentExpenses": 0,
        "generalAndAdministrativeExpenses": 0,
        "sellingAndMarketingExpenses": 0,
        "sellingGeneralAndAdministrativeExpenses": 4080000,
        "otherExpenses": 710000,
        "operatingExpenses": 4790000,
        "costAndExpenses": 18396000,
        "interestIncome": 1439000,
        "interestExpense": 4991000,
        "depreciationAndAmortization": 710000,
        "ebitda": 15404000,
        "ebitdaratio": 0.4981888745,
        "operatingIncome": 14694000,
        "operatingIncomeRatio": 0.4752263907,
        "totalOtherIncomeExpensesNet": -2657000,
        "incomeBeforeTax": 9703000,
        "incomeBeforeTaxRatio": 0.3138098318,
        "incomeTaxExpense": 2372000,
        "netIncome": 7331000,
        "netIncomeRatio": 0.2370957309,
        "eps": 0.29,
        "epsdiluted": 0.28,
        "weightedAverageShsOut": 25279310,
        "weightedAverageShsOutDil": 26182142,
        "link": "https://www.sec.gov/Archives/edgar/data/1512920/000110465923024991/0001104659-23-024991-index.htm",
        "finalLink": "https://www.sec.gov/Archives/edgar/data/1512920/000110465923024991/tm237752d1_ex99-1.htm"
    },
    {
        "date": "2022-09-30",
        "symbol": "SII",
        "reportedCurrency": "USD",
        "cik": "0001512920",
        "fillingDate": "2022-11-04",
        "acceptedDate": "2022-11-04 07:01:15",
        "calendarYear": "2022",
        "period": "Q3",
        "revenue": 36192000,
        "costOfRevenue": 19818000,
        "grossProfit": 16374000,
        "grossProfitRatio": 0.4524204244,
        "researchAndDevelopmentExpenses": 0,
        "generalAndAdministrativeExpenses": 0,
        "sellingAndMarketingExpenses": 0,
        "sellingGeneralAndAdministrativeExpenses": 4239000,
        "otherExpenses": 2464000,
        "operatingExpenses": 6703000,
        "costAndExpenses": 26521000,
        "interestIncome": 933000,
        "interestExpense": 8264000,
        "depreciationAndAmortization": 710000,
        "ebitda": 12766000,
        "ebitdaratio": 0.3527298851,
        "operatingIncome": 12056000,
        "operatingIncomeRatio": 0.33311229,
        "totalOtherIncomeExpensesNet": -6763000,
        "incomeBeforeTax": 3792000,
        "incomeBeforeTaxRatio": 0.1047745358,
        "incomeTaxExpense": 721000,
        "netIncome": 3071000,
        "netIncomeRatio": 0.0848530062,
        "eps": 0.12,
        "epsdiluted": 0.12,
        "weightedAverageShsOut": 25062000,
        "weightedAverageShsOutDil": 26325000,
        "link": "https://www.sec.gov/Archives/edgar/data/1512920/000162828022028341/0001628280-22-028341-index.htm",
        "finalLink": "https://www.sec.gov/Archives/edgar/data/1512920/000162828022028341/sprott2022q3-mdaandfs.htm"
    },
    {
        "date": "2022-06-30",
        "symbol": "SII",
        "reportedCurrency": "USD",
        "cik": "0001512920",
        "fillingDate": "2022-06-30",
        "acceptedDate": "2022-06-30 00:00:00",
        "calendarYear": "2022",
        "period": "Q2",
        "revenue": 38264000,
        "costOfRevenue": 19847000,
        "grossProfit": 18417000,
        "grossProfitRatio": 0.4813140289,
        "researchAndDevelopmentExpenses": 0,
        "generalAndAdministrativeExpenses": 0,
        "sellingAndMarketingExpenses": 0,
        "sellingGeneralAndAdministrativeExpenses": 4221000,
        "otherExpenses": 3195000,
        "operatingExpenses": 7416000,
        "costAndExpenses": 27263000,
        "interestIncome": 1186000,
        "interestExpense": 17447000,
        "depreciationAndAmortization": 959000,
        "ebitda": 20825000,
        "ebitdaratio": 0.5442452436,
        "operatingIncome": 19866000,
        "operatingIncomeRatio": 0.5191825214,
        "totalOtherIncomeExpensesNet": -9065000,
        "incomeBeforeTax": 2419000,
        "incomeBeforeTaxRatio": 0.0632186912,
        "incomeTaxExpense": 1662000,
        "netIncome": 757000,
        "netIncomeRatio": 0.0197836086,
        "eps": 0.0301,
        "epsdiluted": 0.0287,
        "weightedAverageShsOut": 25127000,
        "weightedAverageShsOutDil": 26355000,
        "link": null,
        "finalLink": null
    },
    {
        "date": "2022-03-31",
        "symbol": "SII",
        "reportedCurrency": "USD",
        "cik": "0001512920",
        "fillingDate": "2022-05-06",
        "acceptedDate": "2022-05-06 07:01:37",
        "calendarYear": "2022",
        "period": "Q1",
        "revenue": 43728000,
        "costOfRevenue": 22269000,
        "grossProfit": 21459000,
        "grossProfitRatio": 0.4907381998,
        "researchAndDevelopmentExpenses": 0,
        "generalAndAdministrativeExpenses": 3438000,
        "sellingAndMarketingExpenses": 0,
        "sellingGeneralAndAdministrativeExpenses": 3438000,
        "otherExpenses": 5615000,
        "operatingExpenses": 9053000,
        "costAndExpenses": 31322000,
        "interestIncome": 1433000,
        "interestExpense": 5438000,
        "depreciationAndAmortization": 976000,
        "ebitda": 15579000,
        "ebitdaratio": 0.3562705818,
        "operatingIncome": 14603000,
        "operatingIncomeRatio": 0.3339507867,
        "totalOtherIncomeExpensesNet": -3721000,
        "incomeBeforeTax": 9165000,
        "incomeBeforeTaxRatio": 0.2095911087,
        "incomeTaxExpense": 2692000,
        "netIncome": 6473000,
        "netIncomeRatio": 0.148028723,
        "eps": 0.26,
        "epsdiluted": 0.25,
        "weightedAverageShsOut": 25064000,
        "weightedAverageShsOutDil": 26269000,
        "link": "https://www.sec.gov/Archives/edgar/data/1512920/000162828022012831/0001628280-22-012831-index.htm",
        "finalLink": "https://www.sec.gov/Archives/edgar/data/1512920/000162828022012831/sprott2022q1-mdaandfs.htm"
    },
    {
        "date": "2021-12-31",
        "symbol": "SII",
        "reportedCurrency": "USD",
        "cik": "0001512920",
        "fillingDate": "2021-12-31",
        "acceptedDate": "2021-12-31 00:00:00",
        "calendarYear": "2021",
        "period": "Q4",
        "revenue": 47022000,
        "costOfRevenue": 20871000,
        "grossProfit": 26151000,
        "grossProfitRatio": 0.5561439326,
        "researchAndDevelopmentExpenses": 0,
        "generalAndAdministrativeExpenses": 8850000,
        "sellingAndMarketingExpenses": 0,
        "sellingGeneralAndAdministrativeExpenses": 8850000,
        "otherExpenses": -3110000,
        "operatingExpenses": 9986000,
        "costAndExpenses": 30857000,
        "interestIncome": 788000,
        "interestExpense": 239000,
        "depreciationAndAmortization": 1136000,
        "ebitda": 14900000,
        "ebitdaratio": 0.3168729531,
        "operatingIncome": 13525000,
        "operatingIncomeRatio": 0.2876313215,
        "totalOtherIncomeExpensesNet": -2879000,
        "incomeBeforeTax": 13525000,
        "incomeBeforeTaxRatio": 0.2876313215,
        "incomeTaxExpense": 3354000,
        "netIncome": 10171000,
        "netIncomeRatio": 0.2163030071,
        "eps": 0.41,
        "epsdiluted": 0.41,
        "weightedAverageShsOut": 24824000,
        "weightedAverageShsOutDil": 24861000,
        "link": null,
        "finalLink": null
    },
    {
        "date": "2021-09-30",
        "symbol": "SII",
        "reportedCurrency": "USD",
        "cik": "0001512920",
        "fillingDate": "2021-11-05",
        "acceptedDate": "2021-11-05 07:00:18",
        "calendarYear": "2021",
        "period": "Q3",
        "revenue": 40452000,
        "costOfRevenue": 18313000,
        "grossProfit": 22139000,
        "grossProfitRatio": 0.547290616,
        "researchAndDevelopmentExpenses": 0,
        "generalAndAdministrativeExpenses": 6701000,
        "sellingAndMarketingExpenses": 0,
        "sellingGeneralAndAdministrativeExpenses": 6701000,
        "otherExpenses": -3028000,
        "operatingExpenses": 7835000,
        "costAndExpenses": 26148000,
        "interestIncome": 567000,
        "interestExpense": 312000,
        "depreciationAndAmortization": 1134000,
        "ebitda": 15671000,
        "ebitdaratio": 0.3873974093,
        "operatingIncome": 14304000,
        "operatingIncomeRatio": 0.3536042717,
        "totalOtherIncomeExpensesNet": -3348000,
        "incomeBeforeTax": 11268000,
        "incomeBeforeTaxRatio": 0.2785523584,
        "incomeTaxExpense": 2550000,
        "netIncome": 8718000,
        "netIncomeRatio": 0.2155146841,
        "eps": 0.35,
        "epsdiluted": 0.34,
        "weightedAverageShsOut": 24861000,
        "weightedAverageShsOutDil": 25967000,
        "link": "https://www.sec.gov/Archives/edgar/data/1512920/000110465921134721/0001104659-21-134721-index.htm",
        "finalLink": "https://www.sec.gov/Archives/edgar/data/1512920/000110465921134721/tm2131779d2_ex99-1.htm"
    },
    {
        "date": "2021-06-30",
        "symbol": "SII",
        "reportedCurrency": "USD",
        "cik": "0001512920",
        "fillingDate": "2021-06-30",
        "acceptedDate": "2021-06-30 00:00:00",
        "calendarYear": "2021",
        "period": "Q2",
        "revenue": 33371000,
        "costOfRevenue": 15712000,
        "grossProfit": 17659000,
        "grossProfitRatio": 0.5291720356,
        "researchAndDevelopmentExpenses": 0,
        "generalAndAdministrativeExpenses": 4044000,
        "sellingAndMarketingExpenses": 0,
        "sellingGeneralAndAdministrativeExpenses": 4044000,
        "otherExpenses": -707000,
        "operatingExpenses": 5258000,
        "costAndExpenses": 20970000,
        "interestIncome": 932000,
        "interestExpense": 260000,
        "depreciationAndAmortization": 1165000,
        "ebitda": 15890000,
        "ebitdaratio": 0.476161937,
        "operatingIncome": 12401000,
        "operatingIncomeRatio": 0.3716100806,
        "totalOtherIncomeExpensesNet": 1804000,
        "incomeBeforeTax": 14465000,
        "incomeBeforeTaxRatio": 0.43346019,
        "incomeTaxExpense": 3390000,
        "netIncome": 11075000,
        "netIncomeRatio": 0.3318749813,
        "eps": 0.44,
        "epsdiluted": 0.43,
        "weightedAverageShsOut": 24936000,
        "weightedAverageShsOutDil": 25976000,
        "link": null,
        "finalLink": null
    },
    {
        "date": "2021-03-31",
        "symbol": "SII",
        "reportedCurrency": "USD",
        "cik": "0001512920",
        "fillingDate": "2021-05-07",
        "acceptedDate": "2021-05-07 07:00:17",
        "calendarYear": "2021",
        "period": "Q1",
        "revenue": 44100000,
        "costOfRevenue": 22986000,
        "grossProfit": 21114000,
        "grossProfitRatio": 0.4787755102,
        "researchAndDevelopmentExpenses": 0,
        "generalAndAdministrativeExpenses": 4545000,
        "sellingAndMarketingExpenses": 0,
        "sellingGeneralAndAdministrativeExpenses": 4545000,
        "otherExpenses": -815000,
        "operatingExpenses": 5915000,
        "costAndExpenses": 28901000,
        "interestIncome": 1248000,
        "interestExpense": 350000,
        "depreciationAndAmortization": 1117000,
        "ebitda": 24787000,
        "ebitdaratio": 0.5620634921,
        "operatingIncome": 15199000,
        "operatingIncomeRatio": 0.3446485261,
        "totalOtherIncomeExpensesNet": -9617000,
        "incomeBeforeTax": 5932000,
        "incomeBeforeTaxRatio": 0.1345124717,
        "incomeTaxExpense": 2711000,
        "netIncome": 3221000,
        "netIncomeRatio": 0.0730385488,
        "eps": 0.13,
        "epsdiluted": 0.12,
        "weightedAverageShsOut": 24891000,
        "weightedAverageShsOutDil": 25927000,
        "link": "https://www.sec.gov/Archives/edgar/data/1512920/000110465921062735/0001104659-21-062735-index.htm",
        "finalLink": "https://www.sec.gov/Archives/edgar/data/1512920/000110465921062735/tm2115196d2_ex99-1.htm"
    },
    {
        "date": "2020-12-31",
        "symbol": "SII",
        "reportedCurrency": "USD",
        "cik": "0001512920",
        "fillingDate": "2021-05-07",
        "acceptedDate": "2021-05-07 07:00:17",
        "calendarYear": "2020",
        "period": "Q4",
        "revenue": 40497000,
        "costOfRevenue": 23357000,
        "grossProfit": 17140000,
        "grossProfitRatio": 0.4232412277,
        "researchAndDevelopmentExpenses": 0,
        "generalAndAdministrativeExpenses": -23000,
        "sellingAndMarketingExpenses": 0,
        "sellingGeneralAndAdministrativeExpenses": -23000,
        "otherExpenses": -1332000,
        "operatingExpenses": 1191000,
        "costAndExpenses": 24548000,
        "interestIncome": 1629000,
        "interestExpense": 331000,
        "depreciationAndAmortization": 1023000,
        "ebitda": 22635000,
        "ebitdaratio": 0.5589302911,
        "operatingIncome": 15949000,
        "operatingIncomeRatio": 0.3938316419,
        "totalOtherIncomeExpensesNet": -6999000,
        "incomeBeforeTax": 9281000,
        "incomeBeforeTaxRatio": 0.2291774699,
        "incomeTaxExpense": 2561000,
        "netIncome": 6720000,
        "netIncomeRatio": 0.1659382176,
        "eps": 0.27,
        "epsdiluted": 0.27,
        "weightedAverageShsOut": 24536000,
        "weightedAverageShsOutDil": 25000000,
        "link": "https://www.sec.gov/Archives/edgar/data/1512920/000110465921062735/0001104659-21-062735-index.htm",
        "finalLink": "https://www.sec.gov/Archives/edgar/data/1512920/000110465921062735/tm2115196d2_ex99-1.htm"
    },
    {
        "date": "2020-09-30",
        "symbol": "SII",
        "reportedCurrency": "USD",
        "cik": "0001512920",
        "fillingDate": "2020-11-13",
        "acceptedDate": "2020-11-13 07:19:13",
        "calendarYear": "2020",
        "period": "Q3",
        "revenue": 30077000,
        "costOfRevenue": 15189000,
        "grossProfit": 14888000,
        "grossProfitRatio": 0.4949961765,
        "researchAndDevelopmentExpenses": 0,
        "generalAndAdministrativeExpenses": 4225000,
        "sellingAndMarketingExpenses": 0,
        "sellingGeneralAndAdministrativeExpenses": 4225000,
        "otherExpenses": -733000,
        "operatingExpenses": 5739000,
        "costAndExpenses": 20928000,
        "interestIncome": 757000,
        "interestExpense": 320000,
        "depreciationAndAmortization": 992000,
        "ebitda": 11629000,
        "ebitdaratio": 0.3866409549,
        "operatingIncome": 9149000,
        "operatingIncomeRatio": 0.3041859228,
        "totalOtherIncomeExpensesNet": 848000,
        "incomeBeforeTax": 10317000,
        "incomeBeforeTaxRatio": 0.3430195831,
        "incomeTaxExpense": 1613000,
        "netIncome": 8704000,
        "netIncomeRatio": 0.2893905642,
        "eps": 0.36,
        "epsdiluted": 0.34,
        "weightedAverageShsOut": 24500000,
        "weightedAverageShsOutDil": 25865000,
        "link": "https://www.sec.gov/Archives/edgar/data/1512920/000110465920124676/0001104659-20-124676-index.htm",
        "finalLink": "https://www.sec.gov/Archives/edgar/data/1512920/000110465920124676/tm2033819d1_ex99-1.htm"
    },
    {
        "date": "2020-06-30",
        "symbol": "SII",
        "reportedCurrency": "USD",
        "cik": "0001512920",
        "fillingDate": "2020-06-30",
        "acceptedDate": "2020-06-30 00:00:00",
        "calendarYear": "2020",
        "period": "Q2",
        "revenue": 22614000,
        "costOfRevenue": 10474000,
        "grossProfit": 12140000,
        "grossProfitRatio": 0.5368355886,
        "researchAndDevelopmentExpenses": 0,
        "generalAndAdministrativeExpenses": 4242000,
        "sellingAndMarketingExpenses": 0,
        "sellingGeneralAndAdministrativeExpenses": 4242000,
        "otherExpenses": -1807000,
        "operatingExpenses": 5537000,
        "costAndExpenses": 16011000,
        "interestIncome": 656000,
        "interestExpense": 350000,
        "depreciationAndAmortization": 1340342,
        "ebitda": 13536000,
        "ebitdaratio": 0.5985672592,
        "operatingIncome": 6603000,
        "operatingIncomeRatio": 0.2919872645,
        "totalOtherIncomeExpensesNet": 5184000,
        "incomeBeforeTax": 12137000,
        "incomeBeforeTaxRatio": 0.5367029274,
        "incomeTaxExpense": 1645000,
        "netIncome": 10492000,
        "netIncomeRatio": 0.4639603785,
        "eps": 0.43,
        "epsdiluted": 0.41,
        "weightedAverageShsOut": 24398000,
        "weightedAverageShsOutDil": 25565000,
        "link": null,
        "finalLink": null
    },
    {
        "date": "2020-03-31",
        "symbol": "SII",
        "reportedCurrency": "CAD",
        "cik": "0001512920",
        "fillingDate": "2020-03-31",
        "acceptedDate": "2020-03-30 20:00:00",
        "calendarYear": "2020",
        "period": "Q1",
        "revenue": 14961218,
        "costOfRevenue": 6914398,
        "grossProfit": 8046820,
        "grossProfitRatio": 0.5378452476,
        "researchAndDevelopmentExpenses": 0,
        "generalAndAdministrativeExpenses": 2998871,
        "sellingAndMarketingExpenses": 0,
        "sellingGeneralAndAdministrativeExpenses": 2998871,
        "otherExpenses": 757297,
        "operatingExpenses": 3756169,
        "costAndExpenses": 10670568,
        "interestIncome": 644478,
        "interestExpense": 166408,
        "depreciationAndAmortization": 696657,
        "ebitda": 4151000,
        "ebitdaratio": 0.2774506728,
        "operatingIncome": 4290650,
        "operatingIncomeRatio": 0.2867848059,
        "totalOtherIncomeExpensesNet": -2331557,
        "incomeBeforeTax": 2063883,
        "incomeBeforeTaxRatio": 0.1379488622,
        "incomeTaxExpense": 1315047,
        "netIncome": 748836,
        "netIncomeRatio": 0.0500518073,
        "eps": 0.0305,
        "epsdiluted": 0.0291,
        "weightedAverageShsOut": 24538900,
        "weightedAverageShsOutDil": 25715000,
        "link": "",
        "finalLink": ""
    },
    {
        "date": "2019-12-31",
        "symbol": "SII",
        "reportedCurrency": "CAD",
        "cik": "0001512920",
        "fillingDate": "2019-12-31",
        "acceptedDate": "2019-12-30 19:00:00",
        "calendarYear": "2019",
        "period": "Q4",
        "revenue": 22511471,
        "costOfRevenue": 9664450,
        "grossProfit": 12847021,
        "grossProfitRatio": 0.5706877618,
        "researchAndDevelopmentExpenses": 0,
        "generalAndAdministrativeExpenses": 5454974,
        "sellingAndMarketingExpenses": 0,
        "sellingGeneralAndAdministrativeExpenses": 5454974,
        "otherExpenses": 1744815,
        "operatingExpenses": 7199790,
        "costAndExpenses": 16864241,
        "interestIncome": 2628478,
        "interestExpense": 281330,
        "depreciationAndAmortization": 1301210,
        "ebitda": 4143475,
        "ebitdaratio": 0.1840606063,
        "operatingIncome": 5647230,
        "operatingIncomeRatio": 0.2508601059,
        "totalOtherIncomeExpensesNet": -3086296,
        "incomeBeforeTax": 2560934,
        "incomeBeforeTaxRatio": 0.1137612909,
        "incomeTaxExpense": 981694,
        "netIncome": 1579240,
        "netIncomeRatio": 0.070152679,
        "eps": 0.065,
        "epsdiluted": 0.0647,
        "weightedAverageShsOut": 24309000,
        "weightedAverageShsOutDil": 24393800,
        "link": "",
        "finalLink": ""
    },
    {
        "date": "2019-09-30",
        "symbol": "SII",
        "reportedCurrency": "CAD",
        "cik": "0001512920",
        "fillingDate": "2019-09-30",
        "acceptedDate": "2019-09-29 20:00:00",
        "calendarYear": "2019",
        "period": "Q3",
        "revenue": 19141864,
        "costOfRevenue": 8357757,
        "grossProfit": 10784107,
        "grossProfitRatio": 0.5633781015,
        "researchAndDevelopmentExpenses": 0,
        "generalAndAdministrativeExpenses": 4842121,
        "sellingAndMarketingExpenses": 0,
        "sellingGeneralAndAdministrativeExpenses": 4842121,
        "otherExpenses": 1004683,
        "operatingExpenses": 5846804,
        "costAndExpenses": 14204562,
        "interestIncome": 2554011,
        "interestExpense": 296872,
        "depreciationAndAmortization": 877461,
        "ebitda": 6999000,
        "ebitdaratio": 0.3656383725,
        "operatingIncome": 4937301,
        "operatingIncomeRatio": 0.2579320906,
        "totalOtherIncomeExpensesNet": 544415,
        "incomeBeforeTax": 5792415,
        "incomeBeforeTaxRatio": 0.3026045426,
        "incomeTaxExpense": 1469255,
        "netIncome": 4323160,
        "netIncomeRatio": 0.2258484336,
        "eps": 0.18,
        "epsdiluted": 0.17,
        "weightedAverageShsOut": 24393800,
        "weightedAverageShsOutDil": 25678100,
        "link": "",
        "finalLink": ""
    },
    {
        "date": "2019-06-30",
        "symbol": "SII",
        "reportedCurrency": "CAD",
        "cik": "0001512920",
        "fillingDate": "2019-06-30",
        "acceptedDate": "2019-06-29 20:00:00",
        "calendarYear": "2019",
        "period": "Q2",
        "revenue": 17009445,
        "costOfRevenue": 7022394,
        "grossProfit": 9987051,
        "grossProfitRatio": 0.5871473761,
        "researchAndDevelopmentExpenses": 0,
        "generalAndAdministrativeExpenses": 4198659,
        "sellingAndMarketingExpenses": 0,
        "sellingGeneralAndAdministrativeExpenses": 4198659,
        "otherExpenses": 1091560,
        "operatingExpenses": 5290219,
        "costAndExpenses": 12312614,
        "interestIncome": 3500152,
        "interestExpense": 230042,
        "depreciationAndAmortization": 849688,
        "ebitda": 2287000,
        "ebitdaratio": 0.1344547103,
        "operatingIncome": 4696831,
        "operatingIncomeRatio": 0.2761307615,
        "totalOtherIncomeExpensesNet": -3592000,
        "incomeBeforeTax": 1265996,
        "incomeBeforeTaxRatio": 0.0744290011,
        "incomeTaxExpense": -345825.716027,
        "netIncome": 1611822,
        "netIncomeRatio": 0.0947604111,
        "eps": 0.0656,
        "epsdiluted": 0.0625,
        "weightedAverageShsOut": 24562200,
        "weightedAverageShsOutDil": 25798100,
        "link": "",
        "finalLink": ""
    },
    {
        "date": "2019-03-31",
        "symbol": "SII",
        "reportedCurrency": "CAD",
        "cik": "0001512920",
        "fillingDate": "2019-03-31",
        "acceptedDate": "2019-03-30 20:00:00",
        "calendarYear": "2019",
        "period": "Q1",
        "revenue": 16390802,
        "costOfRevenue": 6322648,
        "grossProfit": 10068154,
        "grossProfitRatio": 0.6142563372,
        "researchAndDevelopmentExpenses": 0,
        "generalAndAdministrativeExpenses": 4739364,
        "sellingAndMarketingExpenses": 0,
        "sellingGeneralAndAdministrativeExpenses": 4739364,
        "otherExpenses": 883013,
        "operatingExpenses": 5622378,
        "costAndExpenses": 11945026,
        "interestIncome": 2934391,
        "interestExpense": 242660,
        "depreciationAndAmortization": 824595,
        "ebitda": 4579000,
        "ebitdaratio": 0.2793639994,
        "operatingIncome": 4445775,
        "operatingIncomeRatio": 0.2712359651,
        "totalOtherIncomeExpensesNet": -1200000,
        "incomeBeforeTax": 3490862,
        "incomeBeforeTaxRatio": 0.2129768879,
        "incomeTaxExpense": 656830,
        "netIncome": 2834032,
        "netIncomeRatio": 0.172903803,
        "eps": 0.12,
        "epsdiluted": 0.11,
        "weightedAverageShsOut": 24417900,
        "weightedAverageShsOutDil": 25654200,
        "link": "",
        "finalLink": ""
    },
    {
        "date": "2018-12-31",
        "symbol": "SII",
        "reportedCurrency": "CAD",
        "cik": "0001512920",
        "fillingDate": "2018-12-31",
        "acceptedDate": "2018-12-30 19:00:00",
        "calendarYear": "2018",
        "period": "Q4",
        "revenue": 14480191,
        "costOfRevenue": 6502237,
        "grossProfit": 7977954,
        "grossProfitRatio": 0.5509564066,
        "researchAndDevelopmentExpenses": 0,
        "generalAndAdministrativeExpenses": 4947960,
        "sellingAndMarketingExpenses": 0,
        "sellingGeneralAndAdministrativeExpenses": 4947960,
        "otherExpenses": 644942,
        "operatingExpenses": 5592902,
        "costAndExpenses": 12095140,
        "interestIncome": 2682548,
        "interestExpense": 2682548,
        "depreciationAndAmortization": 375347,
        "ebitda": 2760397,
        "ebitdaratio": 0.1906326374,
        "operatingIncome": 2385050,
        "operatingIncomeRatio": 0.1647112251,
        "totalOtherIncomeExpensesNet": 6543790,
        "incomeBeforeTax": 8928840,
        "incomeBeforeTaxRatio": 0.616624463,
        "incomeTaxExpense": 2567549,
        "netIncome": 6361290,
        "netIncomeRatio": 0.439309813,
        "eps": 0.26,
        "epsdiluted": 0.26,
        "weightedAverageShsOut": 24027600,
        "weightedAverageShsOutDil": 24027600,
        "link": "",
        "finalLink": ""
    },
    {
        "date": "2018-09-30",
        "symbol": "SII",
        "reportedCurrency": "CAD",
        "cik": "0001512920",
        "fillingDate": "2018-09-30",
        "acceptedDate": "2018-09-29 20:00:00",
        "calendarYear": "2018",
        "period": "Q3",
        "revenue": 17893824,
        "costOfRevenue": 6186484,
        "grossProfit": 11707340,
        "grossProfitRatio": 0.6542670812,
        "researchAndDevelopmentExpenses": 0,
        "generalAndAdministrativeExpenses": 4961261,
        "sellingAndMarketingExpenses": 0,
        "sellingGeneralAndAdministrativeExpenses": 4961261,
        "otherExpenses": 561141,
        "operatingExpenses": 5522403,
        "costAndExpenses": 11708887,
        "interestIncome": 3733717,
        "interestExpense": 3733717,
        "depreciationAndAmortization": 370085,
        "ebitda": 5659517,
        "ebitdaratio": 0.3162832606,
        "operatingIncome": 6184936,
        "operatingIncomeRatio": 0.3456464085,
        "totalOtherIncomeExpensesNet": -4649345,
        "incomeBeforeTax": 1555715,
        "incomeBeforeTaxRatio": 0.0869414497,
        "incomeTaxExpense": 27089,
        "netIncome": 1528625,
        "netIncomeRatio": 0.0854275196,
        "eps": 0.0636,
        "epsdiluted": 0.0598,
        "weightedAverageShsOut": 24027600,
        "weightedAverageShsOutDil": 25545200,
        "link": "",
        "finalLink": ""
    },
    {
        "date": "2018-06-30",
        "symbol": "SII",
        "reportedCurrency": "CAD",
        "cik": "0001512920",
        "fillingDate": "2018-06-30",
        "acceptedDate": "2018-06-29 20:00:00",
        "calendarYear": "2018",
        "period": "Q2",
        "revenue": 19809154,
        "costOfRevenue": 8147049,
        "grossProfit": 11662105,
        "grossProfitRatio": 0.5887230217,
        "researchAndDevelopmentExpenses": 0,
        "generalAndAdministrativeExpenses": 6003649,
        "sellingAndMarketingExpenses": 0,
        "sellingGeneralAndAdministrativeExpenses": 6003649,
        "otherExpenses": 496502,
        "operatingExpenses": 6500152,
        "costAndExpenses": 14647201,
        "interestIncome": 2503801,
        "interestExpense": 2503801,
        "depreciationAndAmortization": 336318,
        "ebitda": 5336830,
        "ebitdaratio": 0.2694123131,
        "operatingIncome": 5161952,
        "operatingIncomeRatio": 0.2605841723,
        "totalOtherIncomeExpensesNet": -194647,
        "incomeBeforeTax": 4978710,
        "incomeBeforeTaxRatio": 0.2513338025,
        "incomeTaxExpense": 480535,
        "netIncome": 4498175,
        "netIncomeRatio": 0.2270755732,
        "eps": 0.19,
        "epsdiluted": 0.18,
        "weightedAverageShsOut": 23982900,
        "weightedAverageShsOutDil": 25633700,
        "link": "",
        "finalLink": ""
    },
    {
        "date": "2018-03-31",
        "symbol": "SII",
        "reportedCurrency": "CAD",
        "cik": "0001512920",
        "fillingDate": "2018-03-31",
        "acceptedDate": "2018-03-30 20:00:00",
        "calendarYear": "2018",
        "period": "Q1",
        "revenue": 20756382,
        "costOfRevenue": 8441935,
        "grossProfit": 12314447,
        "grossProfitRatio": 0.5932848509,
        "researchAndDevelopmentExpenses": 0,
        "generalAndAdministrativeExpenses": 5892783,
        "sellingAndMarketingExpenses": 0,
        "sellingGeneralAndAdministrativeExpenses": 5892783,
        "otherExpenses": 727112,
        "operatingExpenses": 6619896,
        "costAndExpenses": 15061831,
        "interestIncome": 2148814,
        "interestExpense": 2148814,
        "depreciationAndAmortization": 532751,
        "ebitda": 9012629,
        "ebitdaratio": 0.4342100179,
        "operatingIncome": 5694550,
        "operatingIncomeRatio": 0.2743517632,
        "totalOtherIncomeExpensesNet": 2457779,
        "incomeBeforeTax": 8428771,
        "incomeBeforeTaxRatio": 0.4060809345,
        "incomeTaxExpense": -2146491.044672,
        "netIncome": 10575262,
        "netIncomeRatio": 0.5094944774,
        "eps": 0.44,
        "epsdiluted": 0.42,
        "weightedAverageShsOut": 24091000,
        "weightedAverageShsOutDil": 25259200,
        "link": "",
        "finalLink": ""
    },
    {
        "date": "2017-12-31",
        "symbol": "SII",
        "reportedCurrency": "CAD",
        "cik": "0001512920",
        "fillingDate": "2017-12-31",
        "acceptedDate": "2017-12-30 19:00:00",
        "calendarYear": "2017",
        "period": "Q4",
        "revenue": 19721110,
        "costOfRevenue": 11571751,
        "grossProfit": 8149359,
        "grossProfitRatio": 0.4132302391,
        "researchAndDevelopmentExpenses": 0,
        "generalAndAdministrativeExpenses": 6640439,
        "sellingAndMarketingExpenses": 0,
        "sellingGeneralAndAdministrativeExpenses": 6640439,
        "otherExpenses": 1814085,
        "operatingExpenses": 8454524,
        "costAndExpenses": 20026276,
        "interestIncome": 3709359,
        "interestExpense": 3709359,
        "depreciationAndAmortization": 1047348,
        "ebitda": 5321454,
        "ebitdaratio": 0.26983542,
        "operatingIncome": -305166.237627,
        "operatingIncomeRatio": -0.0154740903,
        "totalOtherIncomeExpensesNet": 1590166,
        "incomeBeforeTax": 564745,
        "incomeBeforeTaxRatio": 0.0286365727,
        "incomeTaxExpense": -1057548.227118,
        "netIncome": 1622294,
        "netIncomeRatio": 0.0822617997,
        "eps": 0.0698,
        "epsdiluted": 0.0698,
        "weightedAverageShsOut": 23238700,
        "weightedAverageShsOutDil": 23238700,
        "link": "",
        "finalLink": ""
    },
    {
        "date": "2017-09-30",
        "symbol": "SII",
        "reportedCurrency": "CAD",
        "cik": "0001512920",
        "fillingDate": "2017-09-30",
        "acceptedDate": "2017-09-29 20:00:00",
        "calendarYear": "2017",
        "period": "Q3",
        "revenue": 17398208,
        "costOfRevenue": 4790694,
        "grossProfit": 12607514,
        "grossProfitRatio": 0.7246444002,
        "researchAndDevelopmentExpenses": 0,
        "generalAndAdministrativeExpenses": 5611311,
        "sellingAndMarketingExpenses": 0,
        "sellingGeneralAndAdministrativeExpenses": 5611311,
        "otherExpenses": 2315139,
        "operatingExpenses": 7926450,
        "costAndExpenses": 12717145,
        "interestIncome": 1938687,
        "interestExpense": 1938687,
        "depreciationAndAmortization": 1320152,
        "ebitda": 30025624,
        "ebitdaratio": 1.7257883111,
        "operatingIncome": 33205000,
        "operatingIncomeRatio": 1.90852989,
        "totalOtherIncomeExpensesNet": 21827785,
        "incomeBeforeTax": 26766785,
        "incomeBeforeTaxRatio": 1.5384794227,
        "incomeTaxExpense": 2741570,
        "netIncome": 24025215,
        "netIncomeRatio": 1.3809016998,
        "eps": 1.03,
        "epsdiluted": 0.99,
        "weightedAverageShsOut": 23238700,
        "weightedAverageShsOutDil": 24321700,
        "link": "",
        "finalLink": ""
    },
    {
        "date": "2017-06-30",
        "symbol": "SII",
        "reportedCurrency": "CAD",
        "cik": "0001512920",
        "fillingDate": "2017-06-30",
        "acceptedDate": "2017-06-29 20:00:00",
        "calendarYear": "2017",
        "period": "Q2",
        "revenue": 25320631,
        "costOfRevenue": 10940671,
        "grossProfit": 14379960,
        "grossProfitRatio": 0.5679147569,
        "researchAndDevelopmentExpenses": 0,
        "generalAndAdministrativeExpenses": 6469520,
        "sellingAndMarketingExpenses": 0,
        "sellingGeneralAndAdministrativeExpenses": 6469520,
        "otherExpenses": 7049271,
        "operatingExpenses": 13518791,
        "costAndExpenses": 24459463,
        "interestIncome": 2665774,
        "interestExpense": 2665774,
        "depreciationAndAmortization": 1401181,
        "ebitda": 3079689,
        "ebitdaratio": 0.1216276561,
        "operatingIncome": 861167,
        "operatingIncomeRatio": 0.0340104873,
        "totalOtherIncomeExpensesNet": -1848434.023436,
        "incomeBeforeTax": -987267.023436,
        "incomeBeforeTaxRatio": -0.0389906169,
        "incomeTaxExpense": 1785384,
        "netIncome": -2772651.780771,
        "netIncomeRatio": -0.1095016858,
        "eps": -0.12,
        "epsdiluted": -0.11,
        "weightedAverageShsOut": 24065400,
        "weightedAverageShsOutDil": 24461600,
        "link": "",
        "finalLink": ""
    },
    {
        "date": "2017-03-31",
        "symbol": "SII",
        "reportedCurrency": "CAD",
        "cik": "0001512920",
        "fillingDate": "2017-03-31",
        "acceptedDate": "2017-03-30 20:00:00",
        "calendarYear": "2017",
        "period": "Q1",
        "revenue": 26173157,
        "costOfRevenue": 10775506,
        "grossProfit": 15397651,
        "grossProfitRatio": 0.5882993404,
        "researchAndDevelopmentExpenses": 0,
        "generalAndAdministrativeExpenses": 6705259,
        "sellingAndMarketingExpenses": 0,
        "sellingGeneralAndAdministrativeExpenses": 6705259,
        "otherExpenses": -104980.57859299984,
        "operatingExpenses": 6600278,
        "costAndExpenses": 17375785,
        "interestIncome": 4421182,
        "interestExpense": 4421182,
        "depreciationAndAmortization": 1342251,
        "ebitda": 10089383,
        "ebitdaratio": 0.3854859007,
        "operatingIncome": 8797372,
        "operatingIncomeRatio": 0.3361219283,
        "totalOtherIncomeExpensesNet": -1223774,
        "incomeBeforeTax": 7573598,
        "incomeBeforeTaxRatio": 0.2893650926,
        "incomeTaxExpense": 963571,
        "netIncome": 6610027,
        "netIncomeRatio": 0.2525498548,
        "eps": 0.27,
        "epsdiluted": 0.27,
        "weightedAverageShsOut": 24371700,
        "weightedAverageShsOutDil": 24775300,
        "link": "",
        "finalLink": ""
    },
    {
        "date": "2016-12-31",
        "symbol": "SII",
        "reportedCurrency": "CAD",
        "cik": "0001512920",
        "fillingDate": "2016-12-31",
        "acceptedDate": "2016-12-30 19:00:00",
        "calendarYear": "2016",
        "period": "Q4",
        "revenue": 34608669,
        "costOfRevenue": 12529551,
        "grossProfit": 22079118,
        "grossProfitRatio": 0.6379649561,
        "researchAndDevelopmentExpenses": 0,
        "generalAndAdministrativeExpenses": 13822678,
        "sellingAndMarketingExpenses": 0,
        "sellingGeneralAndAdministrativeExpenses": 13822678,
        "otherExpenses": 4315045,
        "operatingExpenses": 18137724,
        "costAndExpenses": 30667275,
        "interestIncome": 2527875,
        "interestExpense": 2527875,
        "depreciationAndAmortization": 1273210,
        "ebitda": 4335525,
        "ebitdaratio": 0.1252728038,
        "operatingIncome": 3941393,
        "operatingIncomeRatio": 0.1138845588,
        "totalOtherIncomeExpensesNet": -3406954,
        "incomeBeforeTax": 534439,
        "incomeBeforeTaxRatio": 0.0154423448,
        "incomeTaxExpense": 484748,
        "netIncome": 49690,
        "netIncomeRatio": 0.0014357674,
        "eps": 0.002,
        "epsdiluted": 0.002,
        "weightedAverageShsOut": 24242200,
        "weightedAverageShsOutDil": 24351100,
        "link": "",
        "finalLink": ""
    },
    {
        "date": "2016-09-30",
        "symbol": "SII",
        "reportedCurrency": "CAD",
        "cik": "0001512920",
        "fillingDate": "2016-09-30",
        "acceptedDate": "2016-09-29 20:00:00",
        "calendarYear": "2016",
        "period": "Q3",
        "revenue": 23513215,
        "costOfRevenue": 8130062,
        "grossProfit": 15383153,
        "grossProfitRatio": 0.6542343529,
        "researchAndDevelopmentExpenses": 0,
        "generalAndAdministrativeExpenses": 7611332,
        "sellingAndMarketingExpenses": 0,
        "sellingGeneralAndAdministrativeExpenses": 7611332,
        "otherExpenses": 4396273,
        "operatingExpenses": 12007606,
        "costAndExpenses": 20137668,
        "interestIncome": 2147936,
        "interestExpense": 2147936,
        "depreciationAndAmortization": 1356428,
        "ebitda": 4413766,
        "ebitdaratio": 0.1877142705,
        "operatingIncome": 3375546,
        "operatingIncomeRatio": 0.143559526,
        "totalOtherIncomeExpensesNet": 7579388,
        "incomeBeforeTax": 10954934,
        "incomeBeforeTaxRatio": 0.4659054068,
        "incomeTaxExpense": 1423844,
        "netIncome": 9531089,
        "netIncomeRatio": 0.4053503105,
        "eps": 0.39,
        "epsdiluted": 0.38,
        "weightedAverageShsOut": 24351100,
        "weightedAverageShsOutDil": 24797800,
        "link": "",
        "finalLink": ""
    },
    {
        "date": "2016-06-30",
        "symbol": "SII",
        "reportedCurrency": "CAD",
        "cik": "0001512920",
        "fillingDate": "2016-06-30",
        "acceptedDate": "2016-06-29 20:00:00",
        "calendarYear": "2016",
        "period": "Q2",
        "revenue": 23224968,
        "costOfRevenue": 8957473,
        "grossProfit": 14267495,
        "grossProfitRatio": 0.6143171005,
        "researchAndDevelopmentExpenses": 0,
        "generalAndAdministrativeExpenses": 8040779,
        "sellingAndMarketingExpenses": 0,
        "sellingGeneralAndAdministrativeExpenses": 8040779,
        "otherExpenses": 4140580,
        "operatingExpenses": 12181360,
        "costAndExpenses": 21138833,
        "interestIncome": 3014422,
        "interestExpense": 3014422,
        "depreciationAndAmortization": 1430092,
        "ebitda": 2118772,
        "ebitdaratio": 0.0912281989,
        "operatingIncome": 2086135,
        "operatingIncomeRatio": 0.089822944,
        "totalOtherIncomeExpensesNet": 13414181,
        "incomeBeforeTax": 15500316,
        "incomeBeforeTaxRatio": 0.6673988098,
        "incomeTaxExpense": 2402263,
        "netIncome": 13098053,
        "netIncomeRatio": 0.5639643077,
        "eps": 0.54,
        "epsdiluted": 0.53,
        "weightedAverageShsOut": 24376100,
        "weightedAverageShsOutDil": 24820000,
        "link": "",
        "finalLink": ""
    },
    {
        "date": "2016-03-31",
        "symbol": "SII",
        "reportedCurrency": "CAD",
        "cik": "0001512920",
        "fillingDate": "2016-03-31",
        "acceptedDate": "2016-03-30 20:00:00",
        "calendarYear": "2016",
        "period": "Q1",
        "revenue": 18863055,
        "costOfRevenue": 7111491,
        "grossProfit": 11751564,
        "grossProfitRatio": 0.6229936773,
        "researchAndDevelopmentExpenses": 0,
        "generalAndAdministrativeExpenses": 7908076,
        "sellingAndMarketingExpenses": 0,
        "sellingGeneralAndAdministrativeExpenses": 7908076,
        "otherExpenses": 3932852,
        "operatingExpenses": 11840929,
        "costAndExpenses": 18952420,
        "interestIncome": 3043049,
        "interestExpense": 3043049,
        "depreciationAndAmortization": 1461434,
        "ebitda": 5935102,
        "ebitdaratio": 0.3146416103,
        "operatingIncome": -89365.504915,
        "operatingIncomeRatio": -0.0047375945,
        "totalOtherIncomeExpensesNet": 1519983,
        "incomeBeforeTax": 1430618,
        "incomeBeforeTaxRatio": 0.0758423278,
        "incomeTaxExpense": 423715,
        "netIncome": 1006902,
        "netIncomeRatio": 0.0533795825,
        "eps": 0.0413,
        "epsdiluted": 0.0407,
        "weightedAverageShsOut": 24375100,
        "weightedAverageShsOutDil": 24752700,
        "link": "",
        "finalLink": ""
    },
    {
        "date": "2015-12-31",
        "symbol": "SII",
        "reportedCurrency": "CAD",
        "cik": "0001512920",
        "fillingDate": "2015-12-31",
        "acceptedDate": "2015-12-30 19:00:00",
        "calendarYear": "2015",
        "period": "Q4",
        "revenue": 21796980,
        "costOfRevenue": 8266079,
        "grossProfit": 13530901,
        "grossProfitRatio": 0.6207695286,
        "researchAndDevelopmentExpenses": 0,
        "generalAndAdministrativeExpenses": 9851042,
        "sellingAndMarketingExpenses": 0,
        "sellingGeneralAndAdministrativeExpenses": 9851042,
        "otherExpenses": 9655100,
        "operatingExpenses": 19506142,
        "costAndExpenses": 27772222,
        "interestIncome": 2616447,
        "interestExpense": 2616447,
        "depreciationAndAmortization": 1038148,
        "ebitda": -4937093.107038,
        "ebitdaratio": -0.2265035389,
        "operatingIncome": -5975241.960257,
        "operatingIncomeRatio": -0.2741316439,
        "totalOtherIncomeExpensesNet": 2769130,
        "incomeBeforeTax": -3206111.148663,
        "incomeBeforeTaxRatio": -0.1470896954,
        "incomeTaxExpense": -1110453.755302,
        "netIncome": -2095657.393361,
        "netIncomeRatio": -0.0961443922,
        "eps": -0.0857,
        "epsdiluted": -0.0856,
        "weightedAverageShsOut": 24455600,
        "weightedAverageShsOutDil": 24478100,
        "link": "",
        "finalLink": ""
    },
    {
        "date": "2015-09-30",
        "symbol": "SII",
        "reportedCurrency": "CAD",
        "cik": "0001512920",
        "fillingDate": "2015-09-30",
        "acceptedDate": "2015-09-29 20:00:00",
        "calendarYear": "2015",
        "period": "Q3",
        "revenue": 18445437,
        "costOfRevenue": 5789944,
        "grossProfit": 12655493,
        "grossProfitRatio": 0.6861042652,
        "researchAndDevelopmentExpenses": 0,
        "generalAndAdministrativeExpenses": 6989944,
        "sellingAndMarketingExpenses": 0,
        "sellingGeneralAndAdministrativeExpenses": 6989944,
        "otherExpenses": 3642458,
        "operatingExpenses": 10632402,
        "costAndExpenses": 16422346,
        "interestIncome": 2944506,
        "interestExpense": 2944506,
        "depreciationAndAmortization": 1052642,
        "ebitda": 385847,
        "ebitdaratio": 0.02091829,
        "operatingIncome": 2023091,
        "operatingIncomeRatio": 0.1096797544,
        "totalOtherIncomeExpensesNet": -33866666.418993995,
        "incomeBeforeTax": -31843575.418994,
        "incomeBeforeTaxRatio": -1.7263660069,
        "incomeTaxExpense": 4797020,
        "netIncome": -36640595.903166,
        "netIncomeRatio": -1.9864314358,
        "eps": -1.5,
        "epsdiluted": -1.5,
        "weightedAverageShsOut": 24478100,
        "weightedAverageShsOutDil": 24478100,
        "link": "",
        "finalLink": ""
    },
    {
        "date": "2015-06-30",
        "symbol": "SII",
        "reportedCurrency": "CAD",
        "cik": "0001512920",
        "fillingDate": "2015-06-30",
        "acceptedDate": "2015-06-29 20:00:00",
        "calendarYear": "2015",
        "period": "Q2",
        "revenue": 19961170,
        "costOfRevenue": 6035559,
        "grossProfit": 13925611,
        "grossProfitRatio": 0.6976350084,
        "researchAndDevelopmentExpenses": 0,
        "generalAndAdministrativeExpenses": 5772933,
        "sellingAndMarketingExpenses": 0,
        "sellingGeneralAndAdministrativeExpenses": 5772933,
        "otherExpenses": 3822574,
        "operatingExpenses": 9595507,
        "costAndExpenses": 15631067,
        "interestIncome": 3066921,
        "interestExpense": 3066921,
        "depreciationAndAmortization": 1300449,
        "ebitda": 5749781,
        "ebitdaratio": 0.2880482958,
        "operatingIncome": 4330102,
        "operatingIncomeRatio": 0.2169262623,
        "totalOtherIncomeExpensesNet": 2269377,
        "incomeBeforeTax": 6718708,
        "incomeBeforeTaxRatio": 0.3365888873,
        "incomeTaxExpense": 1300239,
        "netIncome": 5418469,
        "netIncomeRatio": 0.2714504711,
        "eps": 0.22,
        "epsdiluted": 0.22,
        "weightedAverageShsOut": 24566400,
        "weightedAverageShsOutDil": 24753100,
        "link": "",
        "finalLink": ""
    },
    {
        "date": "2015-03-31",
        "symbol": "SII",
        "reportedCurrency": "CAD",
        "cik": "0001512920",
        "fillingDate": "2015-03-31",
        "acceptedDate": "2015-03-30 20:00:00",
        "calendarYear": "2015",
        "period": "Q1",
        "revenue": 21767628,
        "costOfRevenue": 8281274,
        "grossProfit": 13486354,
        "grossProfitRatio": 0.6195601101,
        "researchAndDevelopmentExpenses": 0,
        "generalAndAdministrativeExpenses": 5709891,
        "sellingAndMarketingExpenses": 0,
        "sellingGeneralAndAdministrativeExpenses": 5709891,
        "otherExpenses": 3689067,
        "operatingExpenses": 9398958,
        "costAndExpenses": 17680233,
        "interestIncome": 5388862,
        "interestExpense": 5388862,
        "depreciationAndAmortization": 1217857,
        "ebitda": 5201135,
        "ebitdaratio": 0.2389389877,
        "operatingIncome": 4087395,
        "operatingIncomeRatio": 0.1877740193,
        "totalOtherIncomeExpensesNet": 2810380,
        "incomeBeforeTax": 6897775,
        "incomeBeforeTaxRatio": 0.3168822529,
        "incomeTaxExpense": 1426092,
        "netIncome": 5471683,
        "netIncomeRatio": 0.2513679028,
        "eps": 0.22,
        "epsdiluted": 0.22,
        "weightedAverageShsOut": 24602000,
        "weightedAverageShsOutDil": 24752200,
        "link": "",
        "finalLink": ""
    },
    {
        "date": "2014-12-31",
        "symbol": "SII",
        "reportedCurrency": "CAD",
        "cik": "0001512920",
        "fillingDate": "2014-12-31",
        "acceptedDate": "2014-12-30 19:00:00",
        "calendarYear": "2014",
        "period": "Q4",
        "revenue": 27544917,
        "costOfRevenue": 7632747,
        "grossProfit": 19912170,
        "grossProfitRatio": 0.7228981667,
        "researchAndDevelopmentExpenses": 0,
        "generalAndAdministrativeExpenses": 11024400,
        "sellingAndMarketingExpenses": 0,
        "sellingGeneralAndAdministrativeExpenses": 11024400,
        "otherExpenses": 3384061,
        "operatingExpenses": 14408461,
        "costAndExpenses": 22041209,
        "interestIncome": 4399061,
        "interestExpense": 4399061,
        "depreciationAndAmortization": 1193445,
        "ebitda": 6552000,
        "ebitdaratio": 0.2378660281,
        "operatingIncome": 5503708,
        "operatingIncomeRatio": 0.1998084801,
        "totalOtherIncomeExpensesNet": -4544214,
        "incomeBeforeTax": 959494,
        "incomeBeforeTaxRatio": 0.0348337953,
        "incomeTaxExpense": 1953292,
        "netIncome": -993798.073078,
        "netIncomeRatio": -0.036079182,
        "eps": -0.0404,
        "epsdiluted": -0.0403,
        "weightedAverageShsOut": 24602500,
        "weightedAverageShsOutDil": 24650600,
        "link": "",
        "finalLink": ""
    },
    {
        "date": "2014-09-30",
        "symbol": "SII",
        "reportedCurrency": "CAD",
        "cik": "0001512920",
        "fillingDate": "2014-09-30",
        "acceptedDate": "2014-09-29 20:00:00",
        "calendarYear": "2014",
        "period": "Q3",
        "revenue": 25159920,
        "costOfRevenue": 8853410,
        "grossProfit": 16306510,
        "grossProfitRatio": 0.6481145409,
        "researchAndDevelopmentExpenses": 0,
        "generalAndAdministrativeExpenses": 6005303,
        "sellingAndMarketingExpenses": 0,
        "sellingGeneralAndAdministrativeExpenses": 6005303,
        "otherExpenses": 4423121,
        "operatingExpenses": 10428425,
        "costAndExpenses": 19281836,
        "interestIncome": 4772527,
        "interestExpense": 4772527,
        "depreciationAndAmortization": 1246775,
        "ebitda": 7254206,
        "ebitdaratio": 0.2883238897,
        "operatingIncome": 5878084,
        "operatingIncomeRatio": 0.2336288828,
        "totalOtherIncomeExpensesNet": 11647,
        "incomeBeforeTax": 5889731,
        "incomeBeforeTaxRatio": 0.2340918016,
        "incomeTaxExpense": 1856331,
        "netIncome": 4033399,
        "netIncomeRatio": 0.1603104859,
        "eps": 0.16,
        "epsdiluted": 0.16,
        "weightedAverageShsOut": 24650600,
        "weightedAverageShsOutDil": 24867600,
        "link": "",
        "finalLink": ""
    },
    {
        "date": "2014-06-30",
        "symbol": "SII",
        "reportedCurrency": "CAD",
        "cik": "0001512920",
        "fillingDate": "2014-06-30",
        "acceptedDate": "2014-06-29 20:00:00",
        "calendarYear": "2014",
        "period": "Q2",
        "revenue": 25205972,
        "costOfRevenue": 9236191,
        "grossProfit": 15969781,
        "grossProfitRatio": 0.6335713219,
        "researchAndDevelopmentExpenses": 0,
        "generalAndAdministrativeExpenses": 7580912,
        "sellingAndMarketingExpenses": 0,
        "sellingGeneralAndAdministrativeExpenses": 7580912,
        "otherExpenses": 4441882,
        "operatingExpenses": 12022795,
        "costAndExpenses": 21258986,
        "interestIncome": 3576751,
        "interestExpense": 3576751,
        "depreciationAndAmortization": 1508748,
        "ebitda": 5455734,
        "ebitdaratio": 0.2164460867,
        "operatingIncome": 3946986,
        "operatingIncomeRatio": 0.1565893194,
        "totalOtherIncomeExpensesNet": 3242133,
        "incomeBeforeTax": 7189119,
        "incomeBeforeTaxRatio": 0.2852149086,
        "incomeTaxExpense": 2492290,
        "netIncome": 4696829,
        "netIncomeRatio": 0.186337944,
        "eps": 0.19,
        "epsdiluted": 0.19,
        "weightedAverageShsOut": 24702500,
        "weightedAverageShsOutDil": 24899000,
        "link": "",
        "finalLink": ""
    },
    {
        "date": "2014-03-31",
        "symbol": "SII",
        "reportedCurrency": "CAD",
        "cik": "0001512920",
        "fillingDate": "2014-03-31",
        "acceptedDate": "2014-03-30 20:00:00",
        "calendarYear": "2014",
        "period": "Q1",
        "revenue": 24353615,
        "costOfRevenue": 8258698,
        "grossProfit": 16094917,
        "grossProfitRatio": 0.6608841028,
        "researchAndDevelopmentExpenses": 0,
        "generalAndAdministrativeExpenses": 6783187,
        "sellingAndMarketingExpenses": 0,
        "sellingGeneralAndAdministrativeExpenses": 6783187,
        "otherExpenses": 4141562,
        "operatingExpenses": 10924749,
        "costAndExpenses": 19183448,
        "interestIncome": 4843583,
        "interestExpense": 4843583,
        "depreciationAndAmortization": 1420326,
        "ebitda": 6590493,
        "ebitdaratio": 0.270616621,
        "operatingIncome": 5170167,
        "operatingIncomeRatio": 0.2122956695,
        "totalOtherIncomeExpensesNet": 5383669,
        "incomeBeforeTax": 10553836,
        "incomeBeforeTaxRatio": 0.4333580867,
        "incomeTaxExpense": 1290958,
        "netIncome": 9262877,
        "netIncomeRatio": 0.3803491597,
        "eps": 0.38,
        "epsdiluted": 0.37,
        "weightedAverageShsOut": 24647400,
        "weightedAverageShsOutDil": 24876600,
        "link": "",
        "finalLink": ""
    },
    {
        "date": "2013-12-31",
        "symbol": "SII",
        "reportedCurrency": "CAD",
        "cik": "0001512920",
        "fillingDate": "2013-12-31",
        "acceptedDate": "2013-12-30 19:00:00",
        "calendarYear": "2013",
        "period": "Q4",
        "revenue": 26163545,
        "costOfRevenue": 7684149,
        "grossProfit": 18479396,
        "grossProfitRatio": 0.7063032169,
        "researchAndDevelopmentExpenses": 0,
        "generalAndAdministrativeExpenses": 11163953,
        "sellingAndMarketingExpenses": 0,
        "sellingGeneralAndAdministrativeExpenses": 11163953,
        "otherExpenses": 3878199,
        "operatingExpenses": 15042153,
        "costAndExpenses": 22726302,
        "interestIncome": 4370143,
        "interestExpense": 4370143,
        "depreciationAndAmortization": 1541854,
        "ebitda": -2313000,
        "ebitdaratio": -0.0884054512,
        "operatingIncome": 82587000,
        "operatingIncomeRatio": 3.1565676593,
        "totalOtherIncomeExpensesNet": -84647464.245795,
        "incomeBeforeTax": -84195464.245795,
        "incomeBeforeTaxRatio": -3.2180449647,
        "incomeTaxExpense": 701498,
        "netIncome": -84896963.127095,
        "netIncomeRatio": -3.2448570378,
        "eps": -3.71,
        "epsdiluted": -3.71,
        "weightedAverageShsOut": 22882400,
        "weightedAverageShsOutDil": 22882400,
        "link": "",
        "finalLink": ""
    },
    {
        "date": "2013-09-30",
        "symbol": "SII",
        "reportedCurrency": "CAD",
        "cik": "0001512920",
        "fillingDate": "2013-09-30",
        "acceptedDate": "2013-09-29 20:00:00",
        "calendarYear": "2013",
        "period": "Q3",
        "revenue": 24401403,
        "costOfRevenue": 16800442,
        "grossProfit": 7600961,
        "grossProfitRatio": 0.311496884,
        "researchAndDevelopmentExpenses": 0,
        "generalAndAdministrativeExpenses": 8233971,
        "sellingAndMarketingExpenses": 0,
        "sellingGeneralAndAdministrativeExpenses": 8233971,
        "otherExpenses": 4472750,
        "operatingExpenses": 12706721,
        "costAndExpenses": 29507163,
        "interestIncome": 3204792,
        "interestExpense": 3204792,
        "depreciationAndAmortization": 1833718,
        "ebitda": -3272041.146347,
        "ebitdaratio": -0.1340923367,
        "operatingIncome": -5105760.096163,
        "operatingIncomeRatio": -0.2092404316,
        "totalOtherIncomeExpensesNet": 14560189,
        "incomeBeforeTax": 9454429,
        "incomeBeforeTaxRatio": 0.3874543197,
        "incomeTaxExpense": -3603210.608969,
        "netIncome": 13057639,
        "netIncomeRatio": 0.53511837,
        "eps": 0.57,
        "epsdiluted": 0.57,
        "weightedAverageShsOut": 22882400,
        "weightedAverageShsOutDil": 23086700,
        "link": "",
        "finalLink": ""
    },
    {
        "date": "2013-06-30",
        "symbol": "SII",
        "reportedCurrency": "CAD",
        "cik": "0001512920",
        "fillingDate": "2013-06-30",
        "acceptedDate": "2013-06-29 20:00:00",
        "calendarYear": "2013",
        "period": "Q2",
        "revenue": 22064134,
        "costOfRevenue": 7849566,
        "grossProfit": 14214568,
        "grossProfitRatio": 0.6442386545,
        "researchAndDevelopmentExpenses": 0,
        "generalAndAdministrativeExpenses": 7720308,
        "sellingAndMarketingExpenses": 0,
        "sellingGeneralAndAdministrativeExpenses": 7720308,
        "otherExpenses": 4700805,
        "operatingExpenses": 12421114,
        "costAndExpenses": 20270681,
        "interestIncome": 0,
        "interestExpense": 0,
        "depreciationAndAmortization": 1880879,
        "ebitda": 4659937,
        "ebitdaratio": 0.2111996329,
        "operatingIncome": 1793453,
        "operatingIncomeRatio": 0.0812836343,
        "totalOtherIncomeExpensesNet": -11410811.576642,
        "incomeBeforeTax": -9617358.576642,
        "incomeBeforeTaxRatio": -0.4358819873,
        "incomeTaxExpense": -3240001.520681,
        "netIncome": -6377357.055961,
        "netIncomeRatio": -0.28903727,
        "eps": -0.36,
        "epsdiluted": -0.36,
        "weightedAverageShsOut": 17738900,
        "weightedAverageShsOutDil": 17738900,
        "link": "",
        "finalLink": ""
    },
    {
        "date": "2013-03-31",
        "symbol": "SII",
        "reportedCurrency": "CAD",
        "cik": "0001512920",
        "fillingDate": "2013-03-31",
        "acceptedDate": "2013-03-30 20:00:00",
        "calendarYear": "2013",
        "period": "Q1",
        "revenue": 28733598,
        "costOfRevenue": 9678116,
        "grossProfit": 19055482,
        "grossProfitRatio": 0.6631777197,
        "researchAndDevelopmentExpenses": 0,
        "generalAndAdministrativeExpenses": 8178288,
        "sellingAndMarketingExpenses": 0,
        "sellingGeneralAndAdministrativeExpenses": 8178288,
        "otherExpenses": 5346700,
        "operatingExpenses": 13524988,
        "costAndExpenses": 23203105,
        "interestIncome": 0,
        "interestExpense": 0,
        "depreciationAndAmortization": 1988304,
        "ebitda": 8154700,
        "ebitdaratio": 0.2838036503,
        "operatingIncome": 5530492,
        "operatingIncomeRatio": 0.1924747468,
        "totalOtherIncomeExpensesNet": -2391272,
        "incomeBeforeTax": 3775124,
        "incomeBeforeTaxRatio": 0.1313836158,
        "incomeTaxExpense": 1720969,
        "netIncome": 2054154,
        "netIncomeRatio": 0.0714896199,
        "eps": 0.12,
        "epsdiluted": 0.12,
        "weightedAverageShsOut": 17128300,
        "weightedAverageShsOutDil": 17308400,
        "link": "",
        "finalLink": ""
    },
    {
        "date": "2012-12-31",
        "symbol": "SII",
        "reportedCurrency": "USD",
        "cik": "0001512920",
        "fillingDate": "2012-12-31",
        "acceptedDate": "2012-12-30 19:00:00",
        "calendarYear": "2012",
        "period": "Q4",
        "revenue": 33385926,
        "costOfRevenue": 37047535,
        "grossProfit": -3661609,
        "grossProfitRatio": -0.1096752266,
        "researchAndDevelopmentExpenses": 0,
        "generalAndAdministrativeExpenses": -33207165.659107,
        "sellingAndMarketingExpenses": 0,
        "sellingGeneralAndAdministrativeExpenses": -33207165.659107,
        "otherExpenses": 27336666,
        "operatingExpenses": -5870499.346238,
        "costAndExpenses": 31177036,
        "interestIncome": 0,
        "interestExpense": 0,
        "depreciationAndAmortization": 8207769,
        "ebitda": 10416660,
        "ebitdaratio": 0.3120075208,
        "operatingIncome": 2208890,
        "operatingIncomeRatio": 0.0661623104,
        "totalOtherIncomeExpensesNet": 1858609,
        "incomeBeforeTax": 4067499,
        "incomeBeforeTaxRatio": 0.1218327447,
        "incomeTaxExpense": 1063332,
        "netIncome": 3004166,
        "netIncomeRatio": 0.0899830066,
        "eps": 0.18,
        "epsdiluted": 0.18,
        "weightedAverageShsOut": 16902400,
        "weightedAverageShsOutDil": 16902400,
        "link": "",
        "finalLink": ""
    },
    {
        "date": "2012-09-30",
        "symbol": "SII",
        "reportedCurrency": "CAD",
        "cik": "0001512920",
        "fillingDate": "2012-09-30",
        "acceptedDate": "2012-09-29 20:00:00",
        "calendarYear": "2012",
        "period": "Q3",
        "revenue": 36346456,
        "costOfRevenue": 0,
        "grossProfit": 36346456,
        "grossProfitRatio": 1,
        "researchAndDevelopmentExpenses": 0,
        "generalAndAdministrativeExpenses": 22763525,
        "sellingAndMarketingExpenses": 0,
        "sellingGeneralAndAdministrativeExpenses": 22763525,
        "otherExpenses": -1509779.0195580013,
        "operatingExpenses": 21253746,
        "costAndExpenses": 21253746,
        "interestIncome": 0,
        "interestExpense": 0,
        "depreciationAndAmortization": -1436636.662675,
        "ebitda": 9252015,
        "ebitdaratio": 0.2545506775,
        "operatingIncome": 15092710,
        "operatingIncomeRatio": 0.415245712,
        "totalOtherIncomeExpensesNet": 4778710,
        "incomeBeforeTax": 15092710,
        "incomeBeforeTaxRatio": 0.415245712,
        "incomeTaxExpense": 3908559,
        "netIncome": 11184150,
        "netIncomeRatio": 0.3077095054,
        "eps": 0.71,
        "epsdiluted": 0.61,
        "weightedAverageShsOut": 16902400,
        "weightedAverageShsOutDil": 17216800,
        "link": "",
        "finalLink": ""
    },
    {
        "date": "2012-06-30",
        "symbol": "SII",
        "reportedCurrency": "CAD",
        "cik": "0001512920",
        "fillingDate": "2012-06-30",
        "acceptedDate": "2012-06-29 20:00:00",
        "calendarYear": "2012",
        "period": "Q2",
        "revenue": 26979648,
        "costOfRevenue": 0,
        "grossProfit": 26979648,
        "grossProfitRatio": 1,
        "researchAndDevelopmentExpenses": 0,
        "generalAndAdministrativeExpenses": 21754989,
        "sellingAndMarketingExpenses": 0,
        "sellingGeneralAndAdministrativeExpenses": 21754989,
        "otherExpenses": 4044833,
        "operatingExpenses": 25799823,
        "costAndExpenses": 25799823,
        "interestIncome": 0,
        "interestExpense": 0,
        "depreciationAndAmortization": 4081443,
        "ebitda": 7895978,
        "ebitdaratio": 0.2926642334,
        "operatingIncome": 1179824,
        "operatingIncomeRatio": 0.043730148,
        "totalOtherIncomeExpensesNet": -4590503,
        "incomeBeforeTax": 1179824,
        "incomeBeforeTaxRatio": 0.043730148,
        "incomeTaxExpense": 456198,
        "netIncome": 723625,
        "netIncomeRatio": 0.0268211431,
        "eps": 0.0432,
        "epsdiluted": 0.0425,
        "weightedAverageShsOut": 16762100,
        "weightedAverageShsOutDil": 17013800,
        "link": "",
        "finalLink": ""
    },
    {
        "date": "2012-03-31",
        "symbol": "SII",
        "reportedCurrency": "CAD",
        "cik": "0001512920",
        "fillingDate": "2012-03-31",
        "acceptedDate": "2012-03-30 20:00:00",
        "calendarYear": "2012",
        "period": "Q1",
        "revenue": 44491886,
        "costOfRevenue": 0,
        "grossProfit": 44491886,
        "grossProfitRatio": 1,
        "researchAndDevelopmentExpenses": 0,
        "generalAndAdministrativeExpenses": 25157610,
        "sellingAndMarketingExpenses": 0,
        "sellingGeneralAndAdministrativeExpenses": 25157610,
        "otherExpenses": -1920397.7107569985,
        "operatingExpenses": 23237213,
        "costAndExpenses": 23237213,
        "interestIncome": 0,
        "interestExpense": 0,
        "depreciationAndAmortization": -1920397.710758,
        "ebitda": 14057190,
        "ebitdaratio": 0.3159495194,
        "operatingIncome": 21254673,
        "operatingIncomeRatio": 0.4777202072,
        "totalOtherIncomeExpensesNet": 9260206,
        "incomeBeforeTax": 21254673,
        "incomeBeforeTaxRatio": 0.4777202072,
        "incomeTaxExpense": 4272784,
        "netIncome": 16981888,
        "netIncomeRatio": 0.381685056,
        "eps": 1,
        "epsdiluted": 1,
        "weightedAverageShsOut": 16914900,
        "weightedAverageShsOutDil": 17001500,
        "link": "",
        "finalLink": ""
    },
    {
        "date": "2011-12-31",
        "symbol": "SII",
        "reportedCurrency": "CAD",
        "cik": "0001512920",
        "fillingDate": "2011-12-31",
        "acceptedDate": "2011-12-30 19:00:00",
        "calendarYear": "2011",
        "period": "Q4",
        "revenue": 39270039,
        "costOfRevenue": 0,
        "grossProfit": 39270039,
        "grossProfitRatio": 1,
        "researchAndDevelopmentExpenses": 0,
        "generalAndAdministrativeExpenses": 24887544,
        "sellingAndMarketingExpenses": 0,
        "sellingGeneralAndAdministrativeExpenses": 24887544,
        "otherExpenses": 10001480,
        "operatingExpenses": 34889024,
        "costAndExpenses": 34889024,
        "interestIncome": 0,
        "interestExpense": 0,
        "depreciationAndAmortization": 10001480,
        "ebitda": 14382495,
        "ebitdaratio": 0.3662460075,
        "operatingIncome": 4381015,
        "operatingIncomeRatio": 0.1115612592,
        "totalOtherIncomeExpensesNet": 0,
        "incomeBeforeTax": 4381015,
        "incomeBeforeTaxRatio": 0.1115612592,
        "incomeTaxExpense": -596710.95111,
        "netIncome": 4977726,
        "netIncomeRatio": 0.1267563294,
        "eps": 0.29,
        "epsdiluted": 0.29,
        "weightedAverageShsOut": 16946100,
        "weightedAverageShsOutDil": 16946100,
        "link": "",
        "finalLink": ""
    },
    {
        "date": "2011-09-30",
        "symbol": "SII",
        "reportedCurrency": "CAD",
        "cik": "0001512920",
        "fillingDate": "2011-09-30",
        "acceptedDate": "2011-09-29 20:00:00",
        "calendarYear": "2011",
        "period": "Q3",
        "revenue": 42720439,
        "costOfRevenue": 0,
        "grossProfit": 42720439,
        "grossProfitRatio": 1,
        "researchAndDevelopmentExpenses": 0,
        "generalAndAdministrativeExpenses": 27072371,
        "sellingAndMarketingExpenses": 0,
        "sellingGeneralAndAdministrativeExpenses": 27072371,
        "otherExpenses": 2169220,
        "operatingExpenses": 29241591,
        "costAndExpenses": 29241591,
        "interestIncome": 0,
        "interestExpense": 0,
        "depreciationAndAmortization": 1911369,
        "ebitda": 15648067,
        "ebitdaratio": 0.3662899391,
        "operatingIncome": 13478847,
        "operatingIncomeRatio": 0.3155128392,
        "totalOtherIncomeExpensesNet": 0,
        "incomeBeforeTax": 13478847,
        "incomeBeforeTaxRatio": 0.3155128392,
        "incomeTaxExpense": 3497157,
        "netIncome": 9981690,
        "netIncomeRatio": 0.2336513911,
        "eps": 0.58,
        "epsdiluted": 0.58,
        "weightedAverageShsOut": 16946100,
        "weightedAverageShsOutDil": 17004900,
        "link": "",
        "finalLink": ""
    },
    {
        "date": "2011-06-30",
        "symbol": "SII",
        "reportedCurrency": "CAD",
        "cik": "0001512920",
        "fillingDate": "2011-06-30",
        "acceptedDate": "2011-06-29 20:00:00",
        "calendarYear": "2011",
        "period": "Q2",
        "revenue": 40570148,
        "costOfRevenue": 0,
        "grossProfit": 40570148,
        "grossProfitRatio": 1,
        "researchAndDevelopmentExpenses": 0,
        "generalAndAdministrativeExpenses": 26737702,
        "sellingAndMarketingExpenses": 0,
        "sellingGeneralAndAdministrativeExpenses": 26737702,
        "otherExpenses": 2270474,
        "operatingExpenses": 29008177,
        "costAndExpenses": 29008177,
        "interestIncome": 0,
        "interestExpense": 0,
        "depreciationAndAmortization": 2276045,
        "ebitda": 13838016,
        "ebitdaratio": 0.3410886251,
        "operatingIncome": 11561970,
        "operatingIncomeRatio": 0.284987129,
        "totalOtherIncomeExpensesNet": 0,
        "incomeBeforeTax": 11561970,
        "incomeBeforeTaxRatio": 0.284987129,
        "incomeTaxExpense": 3829554,
        "netIncome": 7732416,
        "netIncomeRatio": 0.1905937341,
        "eps": 0.41,
        "epsdiluted": 0.41,
        "weightedAverageShsOut": 16946800,
        "weightedAverageShsOutDil": 17005400,
        "link": "",
        "finalLink": ""
    },
    {
        "date": "2011-03-31",
        "symbol": "SII",
        "reportedCurrency": "CAD",
        "cik": "0001512920",
        "fillingDate": "2011-03-31",
        "acceptedDate": "2011-03-30 20:00:00",
        "calendarYear": "2011",
        "period": "Q1",
        "revenue": 40657056,
        "costOfRevenue": 0,
        "grossProfit": 40657056,
        "grossProfitRatio": 1,
        "researchAndDevelopmentExpenses": 0,
        "generalAndAdministrativeExpenses": 23676060,
        "sellingAndMarketingExpenses": 0,
        "sellingGeneralAndAdministrativeExpenses": 23676060,
        "otherExpenses": 1591711,
        "operatingExpenses": 25267771,
        "costAndExpenses": 25267771,
        "interestIncome": 0,
        "interestExpense": 0,
        "depreciationAndAmortization": 1591711,
        "ebitda": 16980996,
        "ebitdaratio": 0.4176641811,
        "operatingIncome": 15389285,
        "operatingIncomeRatio": 0.3785144945,
        "totalOtherIncomeExpensesNet": 0,
        "incomeBeforeTax": 15389285,
        "incomeBeforeTaxRatio": 0.3785144945,
        "incomeTaxExpense": 4517908,
        "netIncome": 10871376,
        "netIncomeRatio": 0.2673921102,
        "eps": 0.72,
        "epsdiluted": 0.72,
        "weightedAverageShsOut": 16189700,
        "weightedAverageShsOutDil": 16228200,
        "link": "",
        "finalLink": ""
    },
    {
        "date": "2010-12-31",
        "symbol": "SII",
        "reportedCurrency": "CAD",
        "cik": "0001512920",
        "fillingDate": "2010-12-31",
        "acceptedDate": "2010-12-30 19:00:00",
        "calendarYear": "2010",
        "period": "Q4",
        "revenue": 244337929,
        "costOfRevenue": 0,
        "grossProfit": 244337929,
        "grossProfitRatio": 1,
        "researchAndDevelopmentExpenses": 0,
        "generalAndAdministrativeExpenses": 102340242,
        "sellingAndMarketingExpenses": 0,
        "sellingGeneralAndAdministrativeExpenses": 102340242,
        "otherExpenses": 398832,
        "operatingExpenses": 102739074,
        "costAndExpenses": 102739074,
        "interestIncome": 0,
        "interestExpense": 0,
        "depreciationAndAmortization": 222860,
        "ebitda": 141997687,
        "ebitdaratio": 0.5811528631,
        "operatingIncome": 141598854,
        "operatingIncomeRatio": 0.5795205623,
        "totalOtherIncomeExpensesNet": 0,
        "incomeBeforeTax": 141598854,
        "incomeBeforeTaxRatio": 0.5795205623,
        "incomeTaxExpense": 32872826,
        "netIncome": 108726028,
        "netIncomeRatio": 0.4449821951,
        "eps": 7.25,
        "epsdiluted": 7.25,
        "weightedAverageShsOut": 15000000,
        "weightedAverageShsOutDil": 15000000,
        "link": "",
        "finalLink": ""
    },
    {
        "date": "2010-09-30",
        "symbol": "SII",
        "reportedCurrency": "CAD",
        "cik": "0001512920",
        "fillingDate": "2010-09-30",
        "acceptedDate": "2010-09-29 20:00:00",
        "calendarYear": "2010",
        "period": "Q3",
        "revenue": 28193448,
        "costOfRevenue": 0,
        "grossProfit": 28193448,
        "grossProfitRatio": 1,
        "researchAndDevelopmentExpenses": 0,
        "generalAndAdministrativeExpenses": 15466175,
        "sellingAndMarketingExpenses": 0,
        "sellingGeneralAndAdministrativeExpenses": 15466175,
        "otherExpenses": 187051,
        "operatingExpenses": 15653227,
        "costAndExpenses": 15653227,
        "interestIncome": 0,
        "interestExpense": 0,
        "depreciationAndAmortization": 194391,
        "ebitda": 13125351,
        "ebitdaratio": 0.4655461439,
        "operatingIncome": 12540220,
        "operatingIncomeRatio": 0.4447919956,
        "totalOtherIncomeExpensesNet": -344059,
        "incomeBeforeTax": 12540220,
        "incomeBeforeTaxRatio": 0.4447919956,
        "incomeTaxExpense": 3237061,
        "netIncome": 9303159,
        "netIncomeRatio": 0.3299759221,
        "eps": 0.68,
        "epsdiluted": 0.68,
        "weightedAverageShsOut": 15000000,
        "weightedAverageShsOutDil": 15000000,
        "link": "",
        "finalLink": ""
    },
    {
        "date": "2010-06-30",
        "symbol": "SII",
        "reportedCurrency": "CAD",
        "cik": "0001512920",
        "fillingDate": "2010-06-30",
        "acceptedDate": "2010-06-29 20:00:00",
        "calendarYear": "2010",
        "period": "Q2",
        "revenue": 25409353,
        "costOfRevenue": 0,
        "grossProfit": 25409353,
        "grossProfitRatio": 1,
        "researchAndDevelopmentExpenses": 0,
        "generalAndAdministrativeExpenses": 15009961,
        "sellingAndMarketingExpenses": 0,
        "sellingGeneralAndAdministrativeExpenses": 15009961,
        "otherExpenses": 176453,
        "operatingExpenses": 15186414,
        "costAndExpenses": 15186414,
        "interestIncome": 0,
        "interestExpense": 0,
        "depreciationAndAmortization": 170899,
        "ebitda": 10496157,
        "ebitdaratio": 0.4130824189,
        "operatingIncome": 10222939,
        "operatingIncomeRatio": 0.4023297642,
        "totalOtherIncomeExpensesNet": 0,
        "incomeBeforeTax": 10222939,
        "incomeBeforeTaxRatio": 0.4023297642,
        "incomeTaxExpense": 2940897,
        "netIncome": 7282041,
        "netIncomeRatio": 0.2865889974,
        "eps": 0.47,
        "epsdiluted": 0.47,
        "weightedAverageShsOut": 15000000,
        "weightedAverageShsOutDil": 15000000,
        "link": "",
        "finalLink": ""
    },
    {
        "date": "2010-03-31",
        "symbol": "SII",
        "reportedCurrency": "CAD",
        "cik": "0001512920",
        "fillingDate": "2010-03-31",
        "acceptedDate": "2010-03-30 20:00:00",
        "calendarYear": "2010",
        "period": "Q1",
        "revenue": 24781243,
        "costOfRevenue": 0,
        "grossProfit": 24781243,
        "grossProfitRatio": 1,
        "researchAndDevelopmentExpenses": 0,
        "generalAndAdministrativeExpenses": 16093780,
        "sellingAndMarketingExpenses": 0,
        "sellingGeneralAndAdministrativeExpenses": 16093780,
        "otherExpenses": 168726,
        "operatingExpenses": 16262507,
        "costAndExpenses": 16262507,
        "interestIncome": 0,
        "interestExpense": 0,
        "depreciationAndAmortization": 168726,
        "ebitda": 9257406,
        "ebitdaratio": 0.3735650387,
        "operatingIncome": 8518736,
        "operatingIncomeRatio": 0.3437574136,
        "totalOtherIncomeExpensesNet": 0,
        "incomeBeforeTax": 8518736,
        "incomeBeforeTaxRatio": 0.3437574136,
        "incomeTaxExpense": 2706494,
        "netIncome": 5812242,
        "netIncomeRatio": 0.2345419881,
        "eps": 0.39,
        "epsdiluted": 0.39,
        "weightedAverageShsOut": 15000000,
        "weightedAverageShsOutDil": 15000000,
        "link": "",
        "finalLink": ""
    },
    {
        "date": "2009-12-31",
        "symbol": "SII",
        "reportedCurrency": "CAD",
        "cik": "0001512920",
        "fillingDate": "2009-12-31",
        "acceptedDate": "2009-12-30 19:00:00",
        "calendarYear": "2009",
        "period": "Q4",
        "revenue": 35536164,
        "costOfRevenue": 0,
        "grossProfit": 35536164,
        "grossProfitRatio": 1,
        "researchAndDevelopmentExpenses": 0,
        "generalAndAdministrativeExpenses": 17046300,
        "sellingAndMarketingExpenses": 0,
        "sellingGeneralAndAdministrativeExpenses": 17046300,
        "otherExpenses": 348554,
        "operatingExpenses": 17394855,
        "costAndExpenses": 17394855,
        "interestIncome": 0,
        "interestExpense": 0,
        "depreciationAndAmortization": 348554,
        "ebitda": 18489863,
        "ebitdaratio": 0.5203111681,
        "operatingIncome": 18141309,
        "operatingIncomeRatio": 0.5105027374,
        "totalOtherIncomeExpensesNet": 0,
        "incomeBeforeTax": 18141309,
        "incomeBeforeTaxRatio": 0.5105027374,
        "incomeTaxExpense": 5066483,
        "netIncome": 13074826,
        "netIncomeRatio": 0.3679301458,
        "eps": 0.95,
        "epsdiluted": 0.95,
        "weightedAverageShsOut": 13765000,
        "weightedAverageShsOutDil": 13765000,
        "link": "",
        "finalLink": ""
    },
    {
        "date": "2009-09-30",
        "symbol": "SII",
        "reportedCurrency": "CAD",
        "cik": "0001512920",
        "fillingDate": "2009-09-30",
        "acceptedDate": "2009-09-29 20:00:00",
        "calendarYear": "2009",
        "period": "Q3",
        "revenue": 20610908,
        "costOfRevenue": 0,
        "grossProfit": 20610908,
        "grossProfitRatio": 1,
        "researchAndDevelopmentExpenses": 0,
        "generalAndAdministrativeExpenses": 12900177,
        "sellingAndMarketingExpenses": 0,
        "sellingGeneralAndAdministrativeExpenses": 12900177,
        "otherExpenses": 184301,
        "operatingExpenses": 13084479,
        "costAndExpenses": 13084479,
        "interestIncome": 0,
        "interestExpense": 0,
        "depreciationAndAmortization": 216865,
        "ebitda": 7743294,
        "ebitdaratio": 0.3756891254,
        "operatingIncome": 7526429,
        "operatingIncomeRatio": 0.3651672697,
        "totalOtherIncomeExpensesNet": 0,
        "incomeBeforeTax": 7526429,
        "incomeBeforeTaxRatio": 0.3651672697,
        "incomeTaxExpense": 2375339,
        "netIncome": 5151089,
        "netIncomeRatio": 0.2499205275,
        "eps": 0.37,
        "epsdiluted": 0.37,
        "weightedAverageShsOut": 15000000,
        "weightedAverageShsOutDil": 15000000,
        "link": "",
        "finalLink": ""
    },
    {
        "date": "2009-06-30",
        "symbol": "SII",
        "reportedCurrency": "CAD",
        "cik": "0001512920",
        "fillingDate": "2009-06-30",
        "acceptedDate": "2009-06-29 20:00:00",
        "calendarYear": "2009",
        "period": "Q2",
        "revenue": 19890606,
        "costOfRevenue": 0,
        "grossProfit": 19890606,
        "grossProfitRatio": 1,
        "researchAndDevelopmentExpenses": 0,
        "generalAndAdministrativeExpenses": 12947155,
        "sellingAndMarketingExpenses": 0,
        "sellingGeneralAndAdministrativeExpenses": 12947155,
        "otherExpenses": 192084,
        "operatingExpenses": 13139239,
        "costAndExpenses": 13139239,
        "interestIncome": 0,
        "interestExpense": 0,
        "depreciationAndAmortization": 207076,
        "ebitda": 6958443,
        "ebitdaratio": 0.349835646,
        "operatingIncome": 6751367,
        "operatingIncomeRatio": 0.3394249024,
        "totalOtherIncomeExpensesNet": 0,
        "incomeBeforeTax": 6751367,
        "incomeBeforeTaxRatio": 0.3394249024,
        "incomeTaxExpense": 1936345,
        "netIncome": 4815022,
        "netIncomeRatio": 0.2420751786,
        "eps": 0.34,
        "epsdiluted": 0.34,
        "weightedAverageShsOut": 15000000,
        "weightedAverageShsOutDil": 15000000,
        "link": "",
        "finalLink": ""
    },
    {
        "date": "2009-03-31",
        "symbol": "SII",
        "reportedCurrency": "CAD",
        "cik": "0001512920",
        "fillingDate": "2009-03-31",
        "acceptedDate": "2009-03-30 20:00:00",
        "calendarYear": "2009",
        "period": "Q1",
        "revenue": 21110319,
        "costOfRevenue": 0,
        "grossProfit": 21110319,
        "grossProfitRatio": 1,
        "researchAndDevelopmentExpenses": 0,
        "generalAndAdministrativeExpenses": 12363981,
        "sellingAndMarketingExpenses": 0,
        "sellingGeneralAndAdministrativeExpenses": 12363981,
        "otherExpenses": 171062,
        "operatingExpenses": 12535043,
        "costAndExpenses": 12535043,
        "interestIncome": 0,
        "interestExpense": 0,
        "depreciationAndAmortization": 171062,
        "ebitda": 8746337,
        "ebitdaratio": 0.4143157192,
        "operatingIncome": 8575275,
        "operatingIncomeRatio": 0.4062124784,
        "totalOtherIncomeExpensesNet": 0,
        "incomeBeforeTax": 8575275,
        "incomeBeforeTaxRatio": 0.4062124784,
        "incomeTaxExpense": 2698186,
        "netIncome": 5877088,
        "netIncomeRatio": 0.2783988248,
        "eps": 0.4,
        "epsdiluted": 0.4,
        "weightedAverageShsOut": 15000000,
        "weightedAverageShsOutDil": 15000000,
        "link": "",
        "finalLink": ""
    },
    {
        "date": "2008-12-31",
        "symbol": "SII",
        "reportedCurrency": "CAD",
        "cik": "0001512920",
        "fillingDate": "2008-12-31",
        "acceptedDate": "2008-12-30 19:00:00",
        "calendarYear": "2008",
        "period": "Q4",
        "revenue": 34128490,
        "costOfRevenue": 0,
        "grossProfit": 34128490,
        "grossProfitRatio": 1,
        "researchAndDevelopmentExpenses": 0,
        "generalAndAdministrativeExpenses": 63277569,
        "sellingAndMarketingExpenses": 0,
        "sellingGeneralAndAdministrativeExpenses": 63277569,
        "otherExpenses": -49377090.132066004,
        "operatingExpenses": 13900479,
        "costAndExpenses": 13900479,
        "interestIncome": 0,
        "interestExpense": 0,
        "depreciationAndAmortization": 110484,
        "ebitda": 20338494,
        "ebitdaratio": 0.5959388769,
        "operatingIncome": 20228010,
        "operatingIncomeRatio": 0.5927015816,
        "totalOtherIncomeExpensesNet": 0,
        "incomeBeforeTax": 20228010,
        "incomeBeforeTaxRatio": 0.5927015816,
        "incomeTaxExpense": 7398349,
        "netIncome": 12829661,
        "netIncomeRatio": 0.3759223159,
        "eps": 0.7,
        "epsdiluted": 0.7,
        "weightedAverageShsOut": 18342200,
        "weightedAverageShsOutDil": 18342200,
        "link": "",
        "finalLink": ""
    },
    {
        "date": "2008-09-30",
        "symbol": "SII",
        "reportedCurrency": "CAD",
        "cik": "0001512920",
        "fillingDate": "2008-09-30",
        "acceptedDate": "2008-09-29 20:00:00",
        "calendarYear": "2008",
        "period": "Q3",
        "revenue": 24018693,
        "costOfRevenue": 0,
        "grossProfit": 24018693,
        "grossProfitRatio": 1,
        "researchAndDevelopmentExpenses": 0,
        "generalAndAdministrativeExpenses": 2570389,
        "sellingAndMarketingExpenses": 0,
        "sellingGeneralAndAdministrativeExpenses": 2570389,
        "otherExpenses": 16162450,
        "operatingExpenses": 18732839,
        "costAndExpenses": 18732839,
        "interestIncome": 0,
        "interestExpense": 0,
        "depreciationAndAmortization": 249848,
        "ebitda": 5539992,
        "ebitdaratio": 0.2306533499,
        "operatingIncome": 5595605,
        "operatingIncomeRatio": 0.2329687548,
        "totalOtherIncomeExpensesNet": -310323,
        "incomeBeforeTax": 5285853,
        "incomeBeforeTaxRatio": 0.2200724661,
        "incomeTaxExpense": 1820484,
        "netIncome": 3465369,
        "netIncomeRatio": 0.1442780005,
        "eps": 0.19,
        "epsdiluted": 0.19,
        "weightedAverageShsOut": 18340000,
        "weightedAverageShsOutDil": 18340000,
        "link": "",
        "finalLink": ""
    },
    {
        "date": "2008-06-30",
        "symbol": "SII",
        "reportedCurrency": "CAD",
        "cik": "0001512920",
        "fillingDate": "2008-06-30",
        "acceptedDate": "2008-06-29 20:00:00",
        "calendarYear": "2008",
        "period": "Q2",
        "revenue": 38808455,
        "costOfRevenue": 0,
        "grossProfit": 38808455,
        "grossProfitRatio": 1,
        "researchAndDevelopmentExpenses": 0,
        "generalAndAdministrativeExpenses": 2796144,
        "sellingAndMarketingExpenses": 0,
        "sellingGeneralAndAdministrativeExpenses": 2796144,
        "otherExpenses": 19422036,
        "operatingExpenses": 22218181,
        "costAndExpenses": 22218181,
        "interestIncome": 0,
        "interestExpense": 0,
        "depreciationAndAmortization": 168640,
        "ebitda": 16758695,
        "ebitdaratio": 0.4318310275,
        "operatingIncome": 16590274,
        "operatingIncomeRatio": 0.4274912258,
        "totalOtherIncomeExpensesNet": -571,
        "incomeBeforeTax": 16590274,
        "incomeBeforeTaxRatio": 0.4274912258,
        "incomeTaxExpense": 5398737,
        "netIncome": 11191536,
        "netIncomeRatio": 0.2883788082,
        "eps": 0.79,
        "epsdiluted": 0.79,
        "weightedAverageShsOut": 14237500,
        "weightedAverageShsOutDil": 14237500,
        "link": "",
        "finalLink": ""
    },
    {
        "date": "2008-03-31",
        "symbol": "SII",
        "reportedCurrency": "CAD",
        "cik": "0001512920",
        "fillingDate": "2008-03-31",
        "acceptedDate": "2008-03-30 20:00:00",
        "calendarYear": "2008",
        "period": "Q1",
        "revenue": 41901292,
        "costOfRevenue": 0,
        "grossProfit": 41901292,
        "grossProfitRatio": 1,
        "researchAndDevelopmentExpenses": 0,
        "generalAndAdministrativeExpenses": 17662489,
        "sellingAndMarketingExpenses": 0,
        "sellingGeneralAndAdministrativeExpenses": 17662489,
        "otherExpenses": -57320.50908399746,
        "operatingExpenses": 17605168,
        "costAndExpenses": 17605168,
        "interestIncome": 0,
        "interestExpense": 0,
        "depreciationAndAmortization": -57320.509084,
        "ebitda": 24353444,
        "ebitdaratio": 0.5812098586,
        "operatingIncome": 24296123,
        "operatingIncomeRatio": 0.5798418579,
        "totalOtherIncomeExpensesNet": 0,
        "incomeBeforeTax": 24296123,
        "incomeBeforeTaxRatio": 0.5798418579,
        "incomeTaxExpense": 8061789,
        "netIncome": 16234334,
        "netIncomeRatio": 0.3874423252,
        "eps": 1.17,
        "epsdiluted": 1.17,
        "weightedAverageShsOut": 15000000,
        "weightedAverageShsOutDil": 15000000,
        "link": "",
        "finalLink": ""
    },
    {
        "date": "2007-12-31",
        "symbol": "SII",
        "reportedCurrency": "CAD",
        "cik": "0001512920",
        "fillingDate": "2007-12-31",
        "acceptedDate": "2007-12-30 19:00:00",
        "calendarYear": "2007",
        "period": "Q4",
        "revenue": 165045810,
        "costOfRevenue": 0,
        "grossProfit": 165045810,
        "grossProfitRatio": 1,
        "researchAndDevelopmentExpenses": 0,
        "generalAndAdministrativeExpenses": 171441918,
        "sellingAndMarketingExpenses": 0,
        "sellingGeneralAndAdministrativeExpenses": 171441918,
        "otherExpenses": -33387749.73599702,
        "operatingExpenses": 138054168,
        "costAndExpenses": 138054168,
        "interestIncome": 0,
        "interestExpense": 0,
        "depreciationAndAmortization": -56363.756948,
        "ebitda": 26935277,
        "ebitdaratio": 0.1631987931,
        "operatingIncome": 26991641,
        "operatingIncomeRatio": 0.1635402983,
        "totalOtherIncomeExpensesNet": -1154196,
        "incomeBeforeTax": 25837445,
        "incomeBeforeTaxRatio": 0.1565471126,
        "incomeTaxExpense": -2118006.849763,
        "netIncome": 27955452,
        "netIncomeRatio": 0.1693799558,
        "eps": 2.38,
        "epsdiluted": 2.38,
        "weightedAverageShsOut": 11745237,
        "weightedAverageShsOutDil": 11745237,
        "link": "",
        "finalLink": ""
    },
    {
        "date": "2007-09-30",
        "symbol": "SII",
        "reportedCurrency": "CAD",
        "cik": "0001512920",
        "fillingDate": "2007-09-30",
        "acceptedDate": "2007-09-29 20:00:00",
        "calendarYear": "2007",
        "period": "Q3",
        "revenue": 21754007,
        "costOfRevenue": 0,
        "grossProfit": 21754007,
        "grossProfitRatio": 1,
        "researchAndDevelopmentExpenses": 0,
        "generalAndAdministrativeExpenses": 1482207,
        "sellingAndMarketingExpenses": 0,
        "sellingGeneralAndAdministrativeExpenses": 1482207,
        "otherExpenses": 10689987,
        "operatingExpenses": 12172195,
        "costAndExpenses": 12172195,
        "interestIncome": 0,
        "interestExpense": 0,
        "depreciationAndAmortization": 209743,
        "ebitda": 9791555,
        "ebitdaratio": 0.4501035143,
        "operatingIncome": 9581812,
        "operatingIncomeRatio": 0.4404619342,
        "totalOtherIncomeExpensesNet": 0,
        "incomeBeforeTax": 9581812,
        "incomeBeforeTaxRatio": 0.4404619342,
        "incomeTaxExpense": 6032687,
        "netIncome": 3549124,
        "netIncomeRatio": 0.1631480582,
        "eps": 0.3,
        "epsdiluted": 0.3,
        "weightedAverageShsOut": 11745237,
        "weightedAverageShsOutDil": 11745237,
        "link": "",
        "finalLink": ""
    },
    {
        "date": "2007-06-30",
        "symbol": "SII",
        "reportedCurrency": "CAD",
        "cik": "0001512920",
        "fillingDate": "2007-06-30",
        "acceptedDate": "2007-06-29 20:00:00",
        "calendarYear": "2007",
        "period": "Q2",
        "revenue": 3463700,
        "costOfRevenue": 0,
        "grossProfit": 3463700,
        "grossProfitRatio": 1,
        "researchAndDevelopmentExpenses": 0,
        "generalAndAdministrativeExpenses": 989205,
        "sellingAndMarketingExpenses": 0,
        "sellingGeneralAndAdministrativeExpenses": 989205,
        "otherExpenses": 12210168,
        "operatingExpenses": 13199373,
        "costAndExpenses": 13199373,
        "interestIncome": 0,
        "interestExpense": 0,
        "depreciationAndAmortization": 206525,
        "ebitda": -9529147.956787,
        "ebitdaratio": -2.7511470268,
        "operatingIncome": 10363624,
        "operatingIncomeRatio": 2.9920674423,
        "totalOtherIncomeExpensesNet": -20099297.085956,
        "incomeBeforeTax": -9735673.085956,
        "incomeBeforeTaxRatio": -2.810772609,
        "incomeTaxExpense": -2524527.947393,
        "netIncome": -7211145.138563,
        "netIncomeRatio": -2.0819196635,
        "eps": -0.56,
        "epsdiluted": -0.56,
        "weightedAverageShsOut": 12793773,
        "weightedAverageShsOutDil": 12793773,
        "link": "",
        "finalLink": ""
    }
]