[
    {
        "date": "2025-06-30",
        "symbol": "SITC",
        "reportedCurrency": "USD",
        "cik": "0000894315",
        "fillingDate": "2025-08-05",
        "acceptedDate": "2025-08-05 16:31:00",
        "calendarYear": "2025",
        "period": "Q2",
        "revenue": 33470000,
        "costOfRevenue": 11147000,
        "grossProfit": 22323000,
        "grossProfitRatio": 0.6669554825,
        "researchAndDevelopmentExpenses": 0,
        "generalAndAdministrativeExpenses": 9418000,
        "sellingAndMarketingExpenses": 0,
        "sellingGeneralAndAdministrativeExpenses": 9418000,
        "otherExpenses": 12921000,
        "operatingExpenses": 22339000,
        "costAndExpenses": 33486000,
        "interestIncome": 722000,
        "interestExpense": 5314000,
        "depreciationAndAmortization": 12921000,
        "ebitda": 64918000,
        "ebitdaratio": 1.9395876905,
        "operatingIncome": -16000,
        "operatingIncomeRatio": -0.00047804,
        "totalOtherIncomeExpensesNet": 46699000,
        "incomeBeforeTax": 46683000,
        "incomeBeforeTaxRatio": 1.3947714371,
        "incomeTaxExpense": 179000,
        "netIncome": 46504000,
        "netIncomeRatio": 1.3894233642,
        "eps": 0.88,
        "epsdiluted": 0.88,
        "weightedAverageShsOut": 52445000,
        "weightedAverageShsOutDil": 52445000,
        "link": "https://www.sec.gov/Archives/edgar/data/894315/000095017025103102/0000950170-25-103102-index.htm",
        "finalLink": "https://www.sec.gov/Archives/edgar/data/894315/000095017025103102/sitc-20250630.htm"
    },
    {
        "date": "2025-03-31",
        "symbol": "SITC",
        "reportedCurrency": "USD",
        "cik": "0000894315",
        "fillingDate": "2025-05-07",
        "acceptedDate": "2025-05-07 16:30:28",
        "calendarYear": "2025",
        "period": "Q1",
        "revenue": 42623000,
        "costOfRevenue": 11853000,
        "grossProfit": 30770000,
        "grossProfitRatio": 0.7219107055,
        "researchAndDevelopmentExpenses": 0,
        "generalAndAdministrativeExpenses": 9395000,
        "sellingAndMarketingExpenses": 0,
        "sellingGeneralAndAdministrativeExpenses": 9395000,
        "otherExpenses": 13252000,
        "operatingExpenses": 22647000,
        "costAndExpenses": 34500000,
        "interestIncome": 361000,
        "interestExpense": 5565000,
        "depreciationAndAmortization": 13252000,
        "ebitda": 22051000,
        "ebitdaratio": 0.5173497877,
        "operatingIncome": 8123000,
        "operatingIncomeRatio": 0.190577857,
        "totalOtherIncomeExpensesNet": -4889000,
        "incomeBeforeTax": 3234000,
        "incomeBeforeTaxRatio": 0.0758745278,
        "incomeTaxExpense": 149000,
        "netIncome": 3085000,
        "netIncomeRatio": 0.0723787626,
        "eps": 0.06,
        "epsdiluted": 0.06,
        "weightedAverageShsOut": 52436000,
        "weightedAverageShsOutDil": 52436000,
        "link": "https://www.sec.gov/Archives/edgar/data/894315/000095017025065759/0000950170-25-065759-index.htm",
        "finalLink": "https://www.sec.gov/Archives/edgar/data/894315/000095017025065759/sitc-20250331.htm"
    },
    {
        "date": "2024-12-31",
        "symbol": "SITC",
        "reportedCurrency": "USD",
        "cik": "0000894315",
        "fillingDate": "2025-02-28",
        "acceptedDate": "2025-02-28 16:05:37",
        "calendarYear": "2024",
        "period": "Q4",
        "revenue": -51058000,
        "costOfRevenue": -5372000,
        "grossProfit": -45686000,
        "grossProfitRatio": 0.8947863214,
        "researchAndDevelopmentExpenses": 0,
        "generalAndAdministrativeExpenses": 8184000,
        "sellingAndMarketingExpenses": 0,
        "sellingGeneralAndAdministrativeExpenses": 8184000,
        "otherExpenses": -16496000,
        "operatingExpenses": -8312000,
        "costAndExpenses": -13684000,
        "interestIncome": 1779000,
        "interestExpense": 5418000,
        "depreciationAndAmortization": 13061000,
        "ebitda": 6626000,
        "ebitdaratio": -0.1297739825,
        "operatingIncome": -37374000,
        "operatingIncomeRatio": 0.731991069,
        "totalOtherIncomeExpensesNet": 25521000,
        "incomeBeforeTax": -11853000,
        "incomeBeforeTaxRatio": 0.2321477535,
        "incomeTaxExpense": 29000,
        "netIncome": -5822000,
        "netIncomeRatio": 0.1140271848,
        "eps": -0.25,
        "epsdiluted": -0.25,
        "weightedAverageShsOut": 52430000,
        "weightedAverageShsOutDil": 52430000,
        "link": "https://www.sec.gov/Archives/edgar/data/894315/000095017025029989/0000950170-25-029989-index.htm",
        "finalLink": "https://www.sec.gov/Archives/edgar/data/894315/000095017025029989/sitc-20241231.htm"
    },
    {
        "date": "2024-09-30",
        "symbol": "SITC",
        "reportedCurrency": "USD",
        "cik": "0000894315",
        "fillingDate": "2024-10-30",
        "acceptedDate": "2024-10-30 08:00:28",
        "calendarYear": "2024",
        "period": "Q3",
        "revenue": 90763000,
        "costOfRevenue": 28355000,
        "grossProfit": 62408000,
        "grossProfitRatio": 0.6875929619,
        "researchAndDevelopmentExpenses": 0,
        "generalAndAdministrativeExpenses": 15111000,
        "sellingAndMarketingExpenses": 0,
        "sellingGeneralAndAdministrativeExpenses": 15111000,
        "otherExpenses": 34251000,
        "operatingExpenses": 49362000,
        "costAndExpenses": 77717000,
        "interestIncome": 13997000,
        "interestExpense": 16706000,
        "depreciationAndAmortization": 34251000,
        "ebitda": 374109000,
        "ebitdaratio": 4.1218227692,
        "operatingIncome": 13046000,
        "operatingIncomeRatio": 0.1437369853,
        "totalOtherIncomeExpensesNet": 310106000,
        "incomeBeforeTax": 323152000,
        "incomeBeforeTaxRatio": 3.5603935524,
        "incomeTaxExpense": 199000,
        "netIncome": 322953000,
        "netIncomeRatio": 3.5582010291,
        "eps": 6.09,
        "epsdiluted": 6.07,
        "weightedAverageShsOut": 52400000,
        "weightedAverageShsOutDil": 52553000,
        "link": "https://www.sec.gov/Archives/edgar/data/894315/000095017024118598/0000950170-24-118598-index.htm",
        "finalLink": "https://www.sec.gov/Archives/edgar/data/894315/000095017024118598/sitc-20240930.htm"
    },
    {
        "date": "2024-06-30",
        "symbol": "SITC",
        "reportedCurrency": "USD",
        "cik": "0000894315",
        "fillingDate": "2024-07-31",
        "acceptedDate": "2024-07-31 16:05:30",
        "calendarYear": "2024",
        "period": "Q2",
        "revenue": 115671000,
        "costOfRevenue": 35399000,
        "grossProfit": 80272000,
        "grossProfitRatio": 0.6939682375,
        "researchAndDevelopmentExpenses": 0,
        "generalAndAdministrativeExpenses": 12713000,
        "sellingAndMarketingExpenses": 0,
        "sellingGeneralAndAdministrativeExpenses": 12713000,
        "otherExpenses": 40439000,
        "operatingExpenses": 53152000,
        "costAndExpenses": 88551000,
        "interestIncome": 8550000,
        "interestExpense": 18426000,
        "depreciationAndAmortization": 40439000,
        "ebitda": 297391000,
        "ebitdaratio": 2.5710074262,
        "operatingIncome": 27120000,
        "operatingIncomeRatio": 0.2344580751,
        "totalOtherIncomeExpensesNet": 211406000,
        "incomeBeforeTax": 238526000,
        "incomeBeforeTaxRatio": 2.0621071833,
        "incomeTaxExpense": 281000,
        "netIncome": 238245000,
        "netIncomeRatio": 2.0596778795,
        "eps": 4.48,
        "epsdiluted": 4.44,
        "weightedAverageShsOut": 52388250,
        "weightedAverageShsOutDil": 52827250,
        "link": "https://www.sec.gov/Archives/edgar/data/894315/000095017024088552/0000950170-24-088552-index.htm",
        "finalLink": "https://www.sec.gov/Archives/edgar/data/894315/000095017024088552/sitc-20240630.htm"
    },
    {
        "date": "2024-03-31",
        "symbol": "SITC",
        "reportedCurrency": "USD",
        "cik": "0000894315",
        "fillingDate": "2024-05-01",
        "acceptedDate": "2024-05-01 16:05:28",
        "calendarYear": "2024",
        "period": "Q1",
        "revenue": 94052000,
        "costOfRevenue": 28752000,
        "grossProfit": 65300000,
        "grossProfitRatio": 0.694296772,
        "researchAndDevelopmentExpenses": 0,
        "generalAndAdministrativeExpenses": 13546000,
        "sellingAndMarketingExpenses": 0,
        "sellingGeneralAndAdministrativeExpenses": 13546000,
        "otherExpenses": 33950000,
        "operatingExpenses": 47496000,
        "costAndExpenses": 76248000,
        "interestIncome": 7294000,
        "interestExpense": 18663000,
        "depreciationAndAmortization": 43150000,
        "ebitda": 29082000,
        "ebitdaratio": 0.3092119253,
        "operatingIncome": 17804000,
        "operatingIncomeRatio": 0.1892995364,
        "totalOtherIncomeExpensesNet": -50535000,
        "incomeBeforeTax": -32731000,
        "incomeBeforeTaxRatio": -0.3480096117,
        "incomeTaxExpense": 252000,
        "netIncome": -23552000,
        "netIncomeRatio": -0.2504146642,
        "eps": -0.51,
        "epsdiluted": -0.51,
        "weightedAverageShsOut": 52355000,
        "weightedAverageShsOutDil": 52355000,
        "link": "https://www.sec.gov/Archives/edgar/data/894315/000095017024051246/0000950170-24-051246-index.htm",
        "finalLink": "https://www.sec.gov/Archives/edgar/data/894315/000095017024051246/sitc-20240331.htm"
    },
    {
        "date": "2023-12-31",
        "symbol": "SITC",
        "reportedCurrency": "USD",
        "cik": "0000894315",
        "fillingDate": "2024-02-23",
        "acceptedDate": "2024-02-23 16:06:11",
        "calendarYear": "2023",
        "period": "Q4",
        "revenue": 124666000,
        "costOfRevenue": 38218000,
        "grossProfit": 86448000,
        "grossProfitRatio": 0.6934368633,
        "researchAndDevelopmentExpenses": 0,
        "generalAndAdministrativeExpenses": 11629000,
        "sellingAndMarketingExpenses": 2303000,
        "sellingGeneralAndAdministrativeExpenses": 13932000,
        "otherExpenses": 46925000,
        "operatingExpenses": 61857000,
        "costAndExpenses": 100075000,
        "interestIncome": 0,
        "interestExpense": 20011000,
        "depreciationAndAmortization": 46925000,
        "ebitda": 76420000,
        "ebitdaratio": 0.6129979305,
        "operatingIncome": 24591000,
        "operatingIncomeRatio": 0.1972550655,
        "totalOtherIncomeExpensesNet": 173067000,
        "incomeBeforeTax": 197658000,
        "incomeBeforeTaxRatio": 1.5855004572,
        "incomeTaxExpense": 1234000,
        "netIncome": 196424000,
        "netIncomeRatio": 1.5756020086,
        "eps": 3.68,
        "epsdiluted": 3.68,
        "weightedAverageShsOut": 52330750,
        "weightedAverageShsOutDil": 52352000,
        "link": "https://www.sec.gov/Archives/edgar/data/894315/000095017024019352/0000950170-24-019352-index.htm",
        "finalLink": "https://www.sec.gov/Archives/edgar/data/894315/000095017024019352/sitc-20231231.htm"
    },
    {
        "date": "2023-09-30",
        "symbol": "SITC",
        "reportedCurrency": "USD",
        "cik": "0000894315",
        "fillingDate": "2023-11-01",
        "acceptedDate": "2023-11-01 16:10:31",
        "calendarYear": "2023",
        "period": "Q3",
        "revenue": 143086000,
        "costOfRevenue": 41529000,
        "grossProfit": 101557000,
        "grossProfitRatio": 0.7097619613,
        "researchAndDevelopmentExpenses": 0,
        "generalAndAdministrativeExpenses": 11259000,
        "sellingAndMarketingExpenses": 0,
        "sellingGeneralAndAdministrativeExpenses": 11259000,
        "otherExpenses": -690000,
        "operatingExpenses": 64080000,
        "costAndExpenses": 105609000,
        "interestIncome": 0,
        "interestExpense": 21147000,
        "depreciationAndAmortization": 52821000,
        "ebitda": 92462000,
        "ebitdaratio": 0.6461987895,
        "operatingIncome": 101557000,
        "operatingIncomeRatio": 0.7097619613,
        "totalOtherIncomeExpensesNet": -43584000,
        "incomeBeforeTax": 48878000,
        "incomeBeforeTaxRatio": 0.3415987588,
        "incomeTaxExpense": 236000,
        "netIncome": 48642000,
        "netIncomeRatio": 0.3399494011,
        "eps": 0.87,
        "epsdiluted": 0.87,
        "weightedAverageShsOut": 52322000,
        "weightedAverageShsOutDil": 52350000,
        "link": "https://www.sec.gov/Archives/edgar/data/894315/000095017023057442/0000950170-23-057442-index.htm",
        "finalLink": "https://www.sec.gov/Archives/edgar/data/894315/000095017023057442/sitc-20230930.htm"
    },
    {
        "date": "2023-06-30",
        "symbol": "SITC",
        "reportedCurrency": "USD",
        "cik": "0000894315",
        "fillingDate": "2023-07-27",
        "acceptedDate": "2023-07-27 16:06:52",
        "calendarYear": "2023",
        "period": "Q2",
        "revenue": 136383000,
        "costOfRevenue": 42755000,
        "grossProfit": 93628000,
        "grossProfitRatio": 0.6865078492,
        "researchAndDevelopmentExpenses": 0,
        "generalAndAdministrativeExpenses": 11103000,
        "sellingAndMarketingExpenses": 0,
        "sellingGeneralAndAdministrativeExpenses": 11103000,
        "otherExpenses": 59060000,
        "operatingExpenses": 70163000,
        "costAndExpenses": 112918000,
        "interestIncome": 0,
        "interestExpense": 20921000,
        "depreciationAndAmortization": 58698000,
        "ebitda": 87922000,
        "ebitdaratio": 0.6446697902,
        "operatingIncome": 29224000,
        "operatingIncomeRatio": 0.2142789057,
        "totalOtherIncomeExpensesNet": -16959000,
        "incomeBeforeTax": 5353000,
        "incomeBeforeTaxRatio": 0.0392497599,
        "incomeTaxExpense": 26680000,
        "netIncome": -21327000,
        "netIncomeRatio": -0.1563757946,
        "eps": -0.41,
        "epsdiluted": -0.41,
        "weightedAverageShsOut": 52316500,
        "weightedAverageShsOutDil": 52361750,
        "link": "https://www.sec.gov/Archives/edgar/data/894315/000095017023035128/0000950170-23-035128-index.htm",
        "finalLink": "https://www.sec.gov/Archives/edgar/data/894315/000095017023035128/sitc-20230630.htm"
    },
    {
        "date": "2023-03-31",
        "symbol": "SITC",
        "reportedCurrency": "USD",
        "cik": "0000894315",
        "fillingDate": "2023-04-27",
        "acceptedDate": "2023-04-27 16:07:08",
        "calendarYear": "2023",
        "period": "Q1",
        "revenue": 136833000,
        "costOfRevenue": 43219000,
        "grossProfit": 93614000,
        "grossProfitRatio": 0.6841478298,
        "researchAndDevelopmentExpenses": 0,
        "generalAndAdministrativeExpenses": 10645000,
        "sellingAndMarketingExpenses": 0,
        "sellingGeneralAndAdministrativeExpenses": 10645000,
        "otherExpenses": 54016000,
        "operatingExpenses": 64661000,
        "costAndExpenses": 107880000,
        "interestIncome": 0,
        "interestExpense": 19923000,
        "depreciationAndAmortization": 54016000,
        "ebitda": 85500000,
        "ebitdaratio": 0.6248492688,
        "operatingIncome": 31484000,
        "operatingIncomeRatio": 0.2300906945,
        "totalOtherIncomeExpensesNet": -15297000,
        "incomeBeforeTax": 15515000,
        "incomeBeforeTaxRatio": 0.1133863907,
        "incomeTaxExpense": 213000,
        "netIncome": 15284000,
        "netIncomeRatio": 0.1116982015,
        "eps": 0.24,
        "epsdiluted": 0.24,
        "weightedAverageShsOut": 52492750,
        "weightedAverageShsOutDil": 52601750,
        "link": "https://www.sec.gov/Archives/edgar/data/894315/000095017023015263/0000950170-23-015263-index.htm",
        "finalLink": "https://www.sec.gov/Archives/edgar/data/894315/000095017023015263/sitc-20230331.htm"
    },
    {
        "date": "2022-12-31",
        "symbol": "SITC",
        "reportedCurrency": "USD",
        "cik": "0000894315",
        "fillingDate": "2023-02-23",
        "acceptedDate": "2023-02-23 06:53:23",
        "calendarYear": "2022",
        "period": "Q4",
        "revenue": 136433000,
        "costOfRevenue": 42226000,
        "grossProfit": 94207000,
        "grossProfitRatio": 0.6905000989,
        "researchAndDevelopmentExpenses": 0,
        "generalAndAdministrativeExpenses": 12161000,
        "sellingAndMarketingExpenses": 0,
        "sellingGeneralAndAdministrativeExpenses": 12161000,
        "otherExpenses": 50982000,
        "operatingExpenses": 63143000,
        "costAndExpenses": 105369000,
        "interestIncome": 0,
        "interestExpense": 20386000,
        "depreciationAndAmortization": 50982000,
        "ebitda": 84157000,
        "ebitdaratio": 0.6168375686,
        "operatingIncome": 33175000,
        "operatingIncomeRatio": 0.2431596461,
        "totalOtherIncomeExpensesNet": -4971000,
        "incomeBeforeTax": 28168000,
        "incomeBeforeTaxRatio": 0.2064603139,
        "incomeTaxExpense": -47000,
        "netIncome": 28197000,
        "netIncomeRatio": 0.2066728724,
        "eps": 0.48,
        "epsdiluted": 0.48,
        "weightedAverageShsOut": 53042000,
        "weightedAverageShsOutDil": 53207250,
        "link": "https://www.sec.gov/Archives/edgar/data/894315/000095017023003924/0000950170-23-003924-index.htm",
        "finalLink": "https://www.sec.gov/Archives/edgar/data/894315/000095017023003924/sitc-20221231.htm"
    },
    {
        "date": "2022-09-30",
        "symbol": "SITC",
        "reportedCurrency": "USD",
        "cik": "0000894315",
        "fillingDate": "2022-10-27",
        "acceptedDate": "2022-10-27 16:06:21",
        "calendarYear": "2022",
        "period": "Q3",
        "revenue": 136190000,
        "costOfRevenue": 42737000,
        "grossProfit": 93453000,
        "grossProfitRatio": 0.6861957559,
        "researchAndDevelopmentExpenses": 0,
        "generalAndAdministrativeExpenses": 10799000,
        "sellingAndMarketingExpenses": 0,
        "sellingGeneralAndAdministrativeExpenses": 10799000,
        "otherExpenses": 51179000,
        "operatingExpenses": 61978000,
        "costAndExpenses": 104715000,
        "interestIncome": 0,
        "interestExpense": 20139000,
        "depreciationAndAmortization": 51179000,
        "ebitda": 110724000,
        "ebitdaratio": 0.8130112343,
        "operatingIncome": 59545000,
        "operatingIncomeRatio": 0.4372200602,
        "totalOtherIncomeExpensesNet": -40112000,
        "incomeBeforeTax": 66471000,
        "incomeBeforeTaxRatio": 0.4880754828,
        "incomeTaxExpense": 258000,
        "netIncome": 66195000,
        "netIncomeRatio": 0.4860489023,
        "eps": 1.2,
        "epsdiluted": 1.2,
        "weightedAverageShsOut": 53461500,
        "weightedAverageShsOutDil": 53582000,
        "link": "https://www.sec.gov/Archives/edgar/data/894315/000095017022020318/0000950170-22-020318-index.htm",
        "finalLink": "https://www.sec.gov/Archives/edgar/data/894315/000095017022020318/sitc-20220930.htm"
    },
    {
        "date": "2022-06-30",
        "symbol": "SITC",
        "reportedCurrency": "USD",
        "cik": "0000894315",
        "fillingDate": "2022-07-28",
        "acceptedDate": "2022-07-28 16:15:49",
        "calendarYear": "2022",
        "period": "Q2",
        "revenue": 140682000,
        "costOfRevenue": 42902000,
        "grossProfit": 97780000,
        "grossProfitRatio": 0.6950427205,
        "researchAndDevelopmentExpenses": 0,
        "generalAndAdministrativeExpenses": 11353000,
        "sellingAndMarketingExpenses": 0,
        "sellingGeneralAndAdministrativeExpenses": 11353000,
        "otherExpenses": 51021000,
        "operatingExpenses": 62374000,
        "costAndExpenses": 105276000,
        "interestIncome": 0,
        "interestExpense": 18909000,
        "depreciationAndAmortization": 51021000,
        "ebitda": 86661000,
        "ebitdaratio": 0.6160063121,
        "operatingIncome": 35640000,
        "operatingIncomeRatio": 0.2533373139,
        "totalOtherIncomeExpensesNet": -27046000,
        "incomeBeforeTax": 60762000,
        "incomeBeforeTaxRatio": 0.4319102657,
        "incomeTaxExpense": 353000,
        "netIncome": 60390000,
        "netIncomeRatio": 0.4292660042,
        "eps": 1.08,
        "epsdiluted": 1.08,
        "weightedAverageShsOut": 53466000,
        "weightedAverageShsOutDil": 53727750,
        "link": "https://www.sec.gov/Archives/edgar/data/894315/000095017022013377/0000950170-22-013377-index.htm",
        "finalLink": "https://www.sec.gov/Archives/edgar/data/894315/000095017022013377/sitc-20220630.htm"
    },
    {
        "date": "2022-03-31",
        "symbol": "SITC",
        "reportedCurrency": "USD",
        "cik": "0000894315",
        "fillingDate": "2022-04-28",
        "acceptedDate": "2022-04-28 16:18:15",
        "calendarYear": "2022",
        "period": "Q1",
        "revenue": 131059000,
        "costOfRevenue": 42119000,
        "grossProfit": 88940000,
        "grossProfitRatio": 0.6786256571,
        "researchAndDevelopmentExpenses": 0,
        "generalAndAdministrativeExpenses": 12251000,
        "sellingAndMarketingExpenses": 0,
        "sellingGeneralAndAdministrativeExpenses": 12251000,
        "otherExpenses": 50364000,
        "operatingExpenses": 62615000,
        "costAndExpenses": 104734000,
        "interestIncome": 0,
        "interestExpense": 18258000,
        "depreciationAndAmortization": 50364000,
        "ebitda": 79615000,
        "ebitdaratio": 0.6074744962,
        "operatingIncome": 29251000,
        "operatingIncomeRatio": 0.2231895558,
        "totalOtherIncomeExpensesNet": -15379000,
        "incomeBeforeTax": 14207000,
        "incomeBeforeTaxRatio": 0.1084015596,
        "incomeTaxExpense": 252000,
        "netIncome": 13937000,
        "netIncomeRatio": 0.1063414188,
        "eps": 0.2,
        "epsdiluted": 0.2,
        "weightedAverageShsOut": 53025750,
        "weightedAverageShsOutDil": 53300750,
        "link": "https://www.sec.gov/Archives/edgar/data/894315/000156459022016456/0001564590-22-016456-index.htm",
        "finalLink": "https://www.sec.gov/Archives/edgar/data/894315/000156459022016456/sitc-10q_20220331.htm"
    },
    {
        "date": "2021-12-31",
        "symbol": "SITC",
        "reportedCurrency": "USD",
        "cik": "0000894315",
        "fillingDate": "2022-02-24",
        "acceptedDate": "2022-02-24 08:03:07",
        "calendarYear": "2021",
        "period": "Q4",
        "revenue": 124559000,
        "costOfRevenue": 36228000,
        "grossProfit": 88331000,
        "grossProfitRatio": 0.7091498808,
        "researchAndDevelopmentExpenses": 0,
        "generalAndAdministrativeExpenses": 13505000,
        "sellingAndMarketingExpenses": 0,
        "sellingGeneralAndAdministrativeExpenses": 13505000,
        "otherExpenses": 48322000,
        "operatingExpenses": 61827000,
        "costAndExpenses": 98055000,
        "interestIncome": 0,
        "interestExpense": 18834000,
        "depreciationAndAmortization": 32990000,
        "ebitda": 124603000,
        "ebitdaratio": 1.0003532463,
        "operatingIncome": 88331000,
        "operatingIncomeRatio": 0.7091498808,
        "totalOtherIncomeExpensesNet": -28747000,
        "incomeBeforeTax": 59584000,
        "incomeBeforeTaxRatio": 0.4783596529,
        "incomeTaxExpense": 493000,
        "netIncome": 58994000,
        "netIncomeRatio": 0.4736229417,
        "eps": 1.08,
        "epsdiluted": 1.04,
        "weightedAverageShsOut": 52806500,
        "weightedAverageShsOutDil": 53086750,
        "link": "https://www.sec.gov/Archives/edgar/data/894315/000156459022006507/0001564590-22-006507-index.htm",
        "finalLink": "https://www.sec.gov/Archives/edgar/data/894315/000156459022006507/sitc-10k_20211231.htm"
    },
    {
        "date": "2021-09-30",
        "symbol": "SITC",
        "reportedCurrency": "USD",
        "cik": "0000894315",
        "fillingDate": "2021-10-28",
        "acceptedDate": "2021-10-28 16:16:33",
        "calendarYear": "2021",
        "period": "Q3",
        "revenue": 121083000,
        "costOfRevenue": 37722000,
        "grossProfit": 83361000,
        "grossProfitRatio": 0.6884616338,
        "researchAndDevelopmentExpenses": 0,
        "generalAndAdministrativeExpenses": 11727000,
        "sellingAndMarketingExpenses": 0,
        "sellingGeneralAndAdministrativeExpenses": 11727000,
        "otherExpenses": 13358000,
        "operatingExpenses": 56396000,
        "costAndExpenses": 94118000,
        "interestIncome": 0,
        "interestExpense": 19338000,
        "depreciationAndAmortization": 44669000,
        "ebitda": 86752000,
        "ebitdaratio": 0.7164672167,
        "operatingIncome": 83361000,
        "operatingIncomeRatio": 0.6884616338,
        "totalOtherIncomeExpensesNet": -11964000,
        "incomeBeforeTax": 28359000,
        "incomeBeforeTaxRatio": 0.2342112435,
        "incomeTaxExpense": 202000,
        "netIncome": 28064000,
        "netIncomeRatio": 0.2317748982,
        "eps": 0.48,
        "epsdiluted": 0.48,
        "weightedAverageShsOut": 52762000,
        "weightedAverageShsOutDil": 53047750,
        "link": "https://www.sec.gov/Archives/edgar/data/894315/000156459021052659/0001564590-21-052659-index.htm",
        "finalLink": "https://www.sec.gov/Archives/edgar/data/894315/000156459021052659/sitc-10q_20210930.htm"
    },
    {
        "date": "2021-06-30",
        "symbol": "SITC",
        "reportedCurrency": "USD",
        "cik": "0000894315",
        "fillingDate": "2021-07-29",
        "acceptedDate": "2021-07-29 08:04:26",
        "calendarYear": "2021",
        "period": "Q2",
        "revenue": 135468000,
        "costOfRevenue": 38957000,
        "grossProfit": 96511000,
        "grossProfitRatio": 0.7124265509,
        "researchAndDevelopmentExpenses": 0,
        "generalAndAdministrativeExpenses": 12425000,
        "sellingAndMarketingExpenses": 0,
        "sellingGeneralAndAdministrativeExpenses": 12425000,
        "otherExpenses": -324000,
        "operatingExpenses": 59642000,
        "costAndExpenses": 98599000,
        "interestIncome": 0,
        "interestExpense": 19136000,
        "depreciationAndAmortization": 47217000,
        "ebitda": 87838000,
        "ebitdaratio": 0.6484040511,
        "operatingIncome": 41495000,
        "operatingIncomeRatio": 0.3063085009,
        "totalOtherIncomeExpensesNet": -14392000,
        "incomeBeforeTax": 22477000,
        "incomeBeforeTaxRatio": 0.1659211031,
        "incomeTaxExpense": 490000,
        "netIncome": 21869000,
        "netIncomeRatio": 0.1614329583,
        "eps": 0.41,
        "epsdiluted": 0.41,
        "weightedAverageShsOut": 52758750,
        "weightedAverageShsOutDil": 52970250,
        "link": "https://www.sec.gov/Archives/edgar/data/894315/000156459021038832/0001564590-21-038832-index.htm",
        "finalLink": "https://www.sec.gov/Archives/edgar/data/894315/000156459021038832/sitc-10q_20210630.htm"
    },
    {
        "date": "2021-03-31",
        "symbol": "SITC",
        "reportedCurrency": "USD",
        "cik": "0000894315",
        "fillingDate": "2021-04-29",
        "acceptedDate": "2021-04-29 16:11:06",
        "calendarYear": "2021",
        "period": "Q1",
        "revenue": 119987000,
        "costOfRevenue": 39880000,
        "grossProfit": 80107000,
        "grossProfitRatio": 0.66763066,
        "researchAndDevelopmentExpenses": 0,
        "generalAndAdministrativeExpenses": 17395000,
        "sellingAndMarketingExpenses": 0,
        "sellingGeneralAndAdministrativeExpenses": 17395000,
        "otherExpenses": 8152000,
        "operatingExpenses": 62955000,
        "costAndExpenses": 102835000,
        "interestIncome": 0,
        "interestExpense": 19395000,
        "depreciationAndAmortization": 45560000,
        "ebitda": 75249000,
        "ebitdaratio": 0.6271429405,
        "operatingIncome": 80107000,
        "operatingIncomeRatio": 0.66763066,
        "totalOtherIncomeExpensesNet": 26165000,
        "incomeBeforeTax": 16546000,
        "incomeBeforeTaxRatio": 0.1378982723,
        "incomeTaxExpense": 365000,
        "netIncome": 16008000,
        "netIncomeRatio": 0.1334144532,
        "eps": 0.32,
        "epsdiluted": 0.32,
        "weightedAverageShsOut": 49633500,
        "weightedAverageShsOutDil": 49861250,
        "link": "https://www.sec.gov/Archives/edgar/data/894315/000156459021021955/0001564590-21-021955-index.htm",
        "finalLink": "https://www.sec.gov/Archives/edgar/data/894315/000156459021021955/sitc-10q_20210331.htm"
    },
    {
        "date": "2020-12-31",
        "symbol": "SITC",
        "reportedCurrency": "USD",
        "cik": "0000894315",
        "fillingDate": "2021-02-25",
        "acceptedDate": "2021-02-25 16:07:00",
        "calendarYear": "2020",
        "period": "Q4",
        "revenue": 108473000,
        "costOfRevenue": 36081000,
        "grossProfit": 72392000,
        "grossProfitRatio": 0.6673734478,
        "researchAndDevelopmentExpenses": 0,
        "generalAndAdministrativeExpenses": 14339000,
        "sellingAndMarketingExpenses": 0,
        "sellingGeneralAndAdministrativeExpenses": 14339000,
        "otherExpenses": 9425000,
        "operatingExpenses": 59994000,
        "costAndExpenses": 96075000,
        "interestIncome": 1408000,
        "interestExpense": 19117000,
        "depreciationAndAmortization": 45655000,
        "ebitda": 69666000,
        "ebitdaratio": 0.6422427701,
        "operatingIncome": 72392000,
        "operatingIncomeRatio": 0.6673734478,
        "totalOtherIncomeExpensesNet": -22589000,
        "incomeBeforeTax": -766000,
        "incomeBeforeTaxRatio": -0.0070616651,
        "incomeTaxExpense": 272000,
        "netIncome": -1285000,
        "netIncomeRatio": -0.0118462659,
        "eps": -0.0266,
        "epsdiluted": -0.0266,
        "weightedAverageShsOut": 48312000,
        "weightedAverageShsOutDil": 48312000,
        "link": "https://www.sec.gov/Archives/edgar/data/894315/000156459021008817/0001564590-21-008817-index.htm",
        "finalLink": "https://www.sec.gov/Archives/edgar/data/894315/000156459021008817/sitc-10k_20201231.htm"
    },
    {
        "date": "2020-09-30",
        "symbol": "SITC",
        "reportedCurrency": "USD",
        "cik": "0000894315",
        "fillingDate": "2020-10-30",
        "acceptedDate": "2020-10-30 16:31:13",
        "calendarYear": "2020",
        "period": "Q3",
        "revenue": 95944000,
        "costOfRevenue": 32317000,
        "grossProfit": 63627000,
        "grossProfitRatio": 0.6631680981,
        "researchAndDevelopmentExpenses": 0,
        "generalAndAdministrativeExpenses": 13664000,
        "sellingAndMarketingExpenses": 0,
        "sellingGeneralAndAdministrativeExpenses": 13664000,
        "otherExpenses": 13152000,
        "operatingExpenses": 54812000,
        "costAndExpenses": 87129000,
        "interestIncome": 3445000,
        "interestExpense": 18089000,
        "depreciationAndAmortization": 41148000,
        "ebitda": 59707000,
        "ebitdaratio": 0.6223109314,
        "operatingIncome": 63627000,
        "operatingIncomeRatio": 0.6631680981,
        "totalOtherIncomeExpensesNet": -10738000,
        "incomeBeforeTax": 7687000,
        "incomeBeforeTaxRatio": 0.0801196531,
        "incomeTaxExpense": 284000,
        "netIncome": 7287000,
        "netIncomeRatio": 0.0759505545,
        "eps": 0.15,
        "epsdiluted": 0.15,
        "weightedAverageShsOut": 48300750,
        "weightedAverageShsOutDil": 48341250,
        "link": "https://www.sec.gov/Archives/edgar/data/894315/000156459020049328/0001564590-20-049328-index.htm",
        "finalLink": "https://www.sec.gov/Archives/edgar/data/894315/000156459020049328/sitc-10q_20200930.htm"
    },
    {
        "date": "2020-06-30",
        "symbol": "SITC",
        "reportedCurrency": "USD",
        "cik": "0000894315",
        "fillingDate": "2020-07-30",
        "acceptedDate": "2020-07-30 20:37:52",
        "calendarYear": "2020",
        "period": "Q2",
        "revenue": 98260000,
        "costOfRevenue": 33867000,
        "grossProfit": 64393000,
        "grossProfitRatio": 0.6553327906,
        "researchAndDevelopmentExpenses": 0,
        "generalAndAdministrativeExpenses": 13502000,
        "sellingAndMarketingExpenses": 0,
        "sellingGeneralAndAdministrativeExpenses": 13502000,
        "otherExpenses": 3821000,
        "operatingExpenses": 54375000,
        "costAndExpenses": 88242000,
        "interestIncome": 3550000,
        "interestExpense": 19811000,
        "depreciationAndAmortization": 40873000,
        "ebitda": 58624000,
        "ebitdaratio": 0.596621209,
        "operatingIncome": 64393000,
        "operatingIncomeRatio": 0.6553327906,
        "totalOtherIncomeExpensesNet": -23390000,
        "incomeBeforeTax": -4061000,
        "incomeBeforeTaxRatio": -0.0413291268,
        "incomeTaxExpense": 342000,
        "netIncome": -4613000,
        "netIncomeRatio": -0.0469468756,
        "eps": -0.0955,
        "epsdiluted": -0.0955,
        "weightedAverageShsOut": 48292500,
        "weightedAverageShsOutDil": 48292500,
        "link": "https://www.sec.gov/Archives/edgar/data/894315/000156459020034938/0001564590-20-034938-index.htm",
        "finalLink": "https://www.sec.gov/Archives/edgar/data/894315/000156459020034938/sitc-10q_20200630.htm"
    },
    {
        "date": "2020-03-31",
        "symbol": "SITC",
        "reportedCurrency": "USD",
        "cik": "0000894315",
        "fillingDate": "2020-04-30",
        "acceptedDate": "2020-04-30 07:46:41",
        "calendarYear": "2020",
        "period": "Q1",
        "revenue": 129310000,
        "costOfRevenue": 36137000,
        "grossProfit": 93173000,
        "grossProfitRatio": 0.7205397881,
        "researchAndDevelopmentExpenses": 0,
        "generalAndAdministrativeExpenses": 11376000,
        "sellingAndMarketingExpenses": 0,
        "sellingGeneralAndAdministrativeExpenses": 11376000,
        "otherExpenses": -18057000,
        "operatingExpenses": 54369000,
        "costAndExpenses": 90506000,
        "interestIncome": 3485000,
        "interestExpense": 20587000,
        "depreciationAndAmortization": 42993000,
        "ebitda": 83812000,
        "ebitdaratio": 0.6481478617,
        "operatingIncome": 55153000,
        "operatingIncomeRatio": 0.4265176707,
        "totalOtherIncomeExpensesNet": -3943000,
        "incomeBeforeTax": 34861000,
        "incomeBeforeTaxRatio": 0.2695924522,
        "incomeTaxExpense": 233000,
        "netIncome": 34333000,
        "netIncomeRatio": 0.2655092414,
        "eps": 0.6,
        "epsdiluted": 0.6,
        "weightedAverageShsOut": 48431500,
        "weightedAverageShsOutDil": 48431500,
        "link": "https://www.sec.gov/Archives/edgar/data/894315/000156459020019957/0001564590-20-019957-index.htm",
        "finalLink": "https://www.sec.gov/Archives/edgar/data/894315/000156459020019957/sitc-10q_20200331.htm"
    },
    {
        "date": "2019-12-31",
        "symbol": "SITC",
        "reportedCurrency": "USD",
        "cik": "0000894315",
        "fillingDate": "2020-02-27",
        "acceptedDate": "2020-02-27 11:39:13",
        "calendarYear": "2019",
        "period": "Q4",
        "revenue": 111792000,
        "costOfRevenue": 33079000,
        "grossProfit": 78713000,
        "grossProfitRatio": 0.7041022613,
        "researchAndDevelopmentExpenses": 0,
        "generalAndAdministrativeExpenses": 14036000,
        "sellingAndMarketingExpenses": 0,
        "sellingGeneralAndAdministrativeExpenses": 14036000,
        "otherExpenses": 10554000,
        "operatingExpenses": 55723000,
        "costAndExpenses": 88802000,
        "interestIncome": 4351000,
        "interestExpense": 20748000,
        "depreciationAndAmortization": 41687000,
        "ebitda": 84561000,
        "ebitdaratio": 0.7564136969,
        "operatingIncome": 78713000,
        "operatingIncomeRatio": 0.7041022613,
        "totalOtherIncomeExpensesNet": -12858000,
        "incomeBeforeTax": 24124000,
        "incomeBeforeTaxRatio": 0.2157936167,
        "incomeTaxExpense": -168000,
        "netIncome": 24002000,
        "netIncomeRatio": 0.2147023043,
        "eps": 0.5,
        "epsdiluted": 0.5,
        "weightedAverageShsOut": 47590000,
        "weightedAverageShsOutDil": 47630500,
        "link": "https://www.sec.gov/Archives/edgar/data/894315/000156459020007127/0001564590-20-007127-index.htm",
        "finalLink": "https://www.sec.gov/Archives/edgar/data/894315/000156459020007127/sitc-10k_20191231.htm"
    },
    {
        "date": "2019-09-30",
        "symbol": "SITC",
        "reportedCurrency": "USD",
        "cik": "0000894315",
        "fillingDate": "2019-11-04",
        "acceptedDate": "2019-11-04 12:02:00",
        "calendarYear": "2019",
        "period": "Q3",
        "revenue": 108819000,
        "costOfRevenue": 33459000,
        "grossProfit": 75360000,
        "grossProfitRatio": 0.6925261214,
        "researchAndDevelopmentExpenses": 0,
        "generalAndAdministrativeExpenses": 15304000,
        "sellingAndMarketingExpenses": 0,
        "sellingGeneralAndAdministrativeExpenses": 15304000,
        "otherExpenses": 6448000,
        "operatingExpenses": 56036000,
        "costAndExpenses": 89495000,
        "interestIncome": 4616000,
        "interestExpense": 21160000,
        "depreciationAndAmortization": 40732000,
        "ebitda": 75281000,
        "ebitdaratio": 0.6918001452,
        "operatingIncome": 76245000,
        "operatingIncomeRatio": 0.7006588923,
        "totalOtherIncomeExpensesNet": -7995000,
        "incomeBeforeTax": 24150000,
        "incomeBeforeTaxRatio": 0.2219281559,
        "incomeTaxExpense": 249000,
        "netIncome": 23630000,
        "netIncomeRatio": 0.2171495787,
        "eps": 0.52,
        "epsdiluted": 0.52,
        "weightedAverageShsOut": 45141750,
        "weightedAverageShsOutDil": 45376750,
        "link": "https://www.sec.gov/Archives/edgar/data/894315/000156459019039608/0001564590-19-039608-index.htm",
        "finalLink": "https://www.sec.gov/Archives/edgar/data/894315/000156459019039608/sitc-10q_20190930.htm"
    },
    {
        "date": "2019-06-30",
        "symbol": "SITC",
        "reportedCurrency": "USD",
        "cik": "0000894315",
        "fillingDate": "2019-08-05",
        "acceptedDate": "2019-08-05 13:32:07",
        "calendarYear": "2019",
        "period": "Q2",
        "revenue": 113451000,
        "costOfRevenue": 36541000,
        "grossProfit": 76910000,
        "grossProfitRatio": 0.677913813,
        "researchAndDevelopmentExpenses": 0,
        "generalAndAdministrativeExpenses": 14932000,
        "sellingAndMarketingExpenses": 0,
        "sellingGeneralAndAdministrativeExpenses": 14932000,
        "otherExpenses": 10572000,
        "operatingExpenses": 54992000,
        "costAndExpenses": 91533000,
        "interestIncome": 4521000,
        "interestExpense": 21087000,
        "depreciationAndAmortization": 40060000,
        "ebitda": 78786000,
        "ebitdaratio": 0.6944495862,
        "operatingIncome": 76910000,
        "operatingIncomeRatio": 0.677913813,
        "totalOtherIncomeExpensesNet": -19281000,
        "incomeBeforeTax": 17630000,
        "incomeBeforeTaxRatio": 0.1553974844,
        "incomeTaxExpense": 306000,
        "netIncome": 17277000,
        "netIncomeRatio": 0.1522860089,
        "eps": 0.38,
        "epsdiluted": 0.38,
        "weightedAverageShsOut": 45137750,
        "weightedAverageShsOutDil": 45302250,
        "link": "https://www.sec.gov/Archives/edgar/data/894315/000156459019028661/0001564590-19-028661-index.htm",
        "finalLink": "https://www.sec.gov/Archives/edgar/data/894315/000156459019028661/sitc-10q_20190630.htm"
    },
    {
        "date": "2019-03-31",
        "symbol": "SITC",
        "reportedCurrency": "USD",
        "cik": "0000894315",
        "fillingDate": "2019-05-03",
        "acceptedDate": "2019-05-03 12:31:38",
        "calendarYear": "2019",
        "period": "Q1",
        "revenue": 113690000,
        "costOfRevenue": 36584000,
        "grossProfit": 77106000,
        "grossProfitRatio": 0.6782126836,
        "researchAndDevelopmentExpenses": 0,
        "generalAndAdministrativeExpenses": 15431000,
        "sellingAndMarketingExpenses": 0,
        "sellingGeneralAndAdministrativeExpenses": 15431000,
        "otherExpenses": 15905000,
        "operatingExpenses": 58039000,
        "costAndExpenses": 94623000,
        "interestIncome": 4521000,
        "interestExpense": 21726000,
        "depreciationAndAmortization": 42608000,
        "ebitda": 81171000,
        "ebitdaratio": 0.7139678072,
        "operatingIncome": 77106000,
        "operatingIncomeRatio": 0.6782126836,
        "totalOtherIncomeExpensesNet": -40739000,
        "incomeBeforeTax": 36367000,
        "incomeBeforeTaxRatio": 0.3198786173,
        "incomeTaxExpense": 272000,
        "netIncome": 35790000,
        "netIncomeRatio": 0.3148034128,
        "eps": 0.6,
        "epsdiluted": 0.6,
        "weightedAverageShsOut": 45136500,
        "weightedAverageShsOutDil": 45272750,
        "link": "https://www.sec.gov/Archives/edgar/data/894315/000156459019015575/0001564590-19-015575-index.htm",
        "finalLink": "https://www.sec.gov/Archives/edgar/data/894315/000156459019015575/sitc-10q_20190331.htm"
    },
    {
        "date": "2018-12-31",
        "symbol": "SITC",
        "reportedCurrency": "USD",
        "cik": "0000894315",
        "fillingDate": "2019-02-27",
        "acceptedDate": "2019-02-27 12:32:55",
        "calendarYear": "2018",
        "period": "Q4",
        "revenue": 121489000,
        "costOfRevenue": 38807000,
        "grossProfit": 82682000,
        "grossProfitRatio": 0.6805719036,
        "researchAndDevelopmentExpenses": 0,
        "generalAndAdministrativeExpenses": 16286000,
        "sellingAndMarketingExpenses": 0,
        "sellingGeneralAndAdministrativeExpenses": 16286000,
        "otherExpenses": -3377000,
        "operatingExpenses": 61873000,
        "costAndExpenses": 100680000,
        "interestIncome": 5025000,
        "interestExpense": 25390000,
        "depreciationAndAmortization": 45587000,
        "ebitda": 78795000,
        "ebitdaratio": 0.6485772374,
        "operatingIncome": 82682000,
        "operatingIncomeRatio": 0.6805719036,
        "totalOtherIncomeExpensesNet": 145682000,
        "incomeBeforeTax": -4185000,
        "incomeBeforeTaxRatio": -0.0344475632,
        "incomeTaxExpense": 251000,
        "netIncome": 180847000,
        "netIncomeRatio": 1.4885874441,
        "eps": 3.76,
        "epsdiluted": 3.72,
        "weightedAverageShsOut": 46066500,
        "weightedAverageShsOutDil": 46103000,
        "link": "https://www.sec.gov/Archives/edgar/data/894315/000156459019004779/0001564590-19-004779-index.htm",
        "finalLink": "https://www.sec.gov/Archives/edgar/data/894315/000156459019004779/sitc-10k_20181231.htm"
    },
    {
        "date": "2018-09-30",
        "symbol": "SITC",
        "reportedCurrency": "USD",
        "cik": "0000894315",
        "fillingDate": "2018-11-02",
        "acceptedDate": "2018-11-02 11:01:48",
        "calendarYear": "2018",
        "period": "Q3",
        "revenue": 127193000,
        "costOfRevenue": 39597000,
        "grossProfit": 87596000,
        "grossProfitRatio": 0.6886856981,
        "researchAndDevelopmentExpenses": 0,
        "generalAndAdministrativeExpenses": 15232000,
        "sellingAndMarketingExpenses": 0,
        "sellingGeneralAndAdministrativeExpenses": 15232000,
        "otherExpenses": 12917000,
        "operatingExpenses": 64861000,
        "costAndExpenses": 104458000,
        "interestIncome": 5055000,
        "interestExpense": 26962000,
        "depreciationAndAmortization": 49629000,
        "ebitda": 79813000,
        "ebitdaratio": 0.6274952238,
        "operatingIncome": 89380000,
        "operatingIncomeRatio": 0.7027116272,
        "totalOtherIncomeExpensesNet": -46431000,
        "incomeBeforeTax": -8578000,
        "incomeBeforeTaxRatio": -0.0674408183,
        "incomeTaxExpense": 238000,
        "netIncome": -8931000,
        "netIncomeRatio": -0.0702161282,
        "eps": -0.19,
        "epsdiluted": -0.19,
        "weightedAverageShsOut": 46163750,
        "weightedAverageShsOutDil": 46163750,
        "link": "https://www.sec.gov/Archives/edgar/data/894315/000156459018026400/0001564590-18-026400-index.htm",
        "finalLink": "https://www.sec.gov/Archives/edgar/data/894315/000156459018026400/sitc-10q_20180930.htm"
    },
    {
        "date": "2018-06-30",
        "symbol": "SITC",
        "reportedCurrency": "USD",
        "cik": "0000894315",
        "fillingDate": "2018-08-03",
        "acceptedDate": "2018-08-03 11:27:01",
        "calendarYear": "2018",
        "period": "Q2",
        "revenue": 201221000,
        "costOfRevenue": 61627000,
        "grossProfit": 139594000,
        "grossProfitRatio": 0.6937347494,
        "researchAndDevelopmentExpenses": 0,
        "generalAndAdministrativeExpenses": 20187000,
        "sellingAndMarketingExpenses": 0,
        "sellingGeneralAndAdministrativeExpenses": 20187000,
        "otherExpenses": 8820000,
        "operatingExpenses": 92649000,
        "costAndExpenses": 154276000,
        "interestIncome": 5016000,
        "interestExpense": 44913000,
        "depreciationAndAmortization": 72462000,
        "ebitda": 130108000,
        "ebitdaratio": 0.6465925525,
        "operatingIncome": 142694000,
        "operatingIncomeRatio": 0.7091406961,
        "totalOtherIncomeExpensesNet": -56382000,
        "incomeBeforeTax": -31750000,
        "incomeBeforeTaxRatio": -0.1577867121,
        "incomeTaxExpense": 391000,
        "netIncome": -3329000,
        "netIncomeRatio": -0.0165439989,
        "eps": -0.0721,
        "epsdiluted": -0.0721,
        "weightedAverageShsOut": 46158500,
        "weightedAverageShsOutDil": 46158500,
        "link": "https://www.sec.gov/Archives/edgar/data/894315/000156459018019068/0001564590-18-019068-index.htm",
        "finalLink": "https://www.sec.gov/Archives/edgar/data/894315/000156459018019068/ddr-10q_20180630.htm"
    },
    {
        "date": "2018-03-31",
        "symbol": "SITC",
        "reportedCurrency": "USD",
        "cik": "0000894315",
        "fillingDate": "2018-05-04",
        "acceptedDate": "2018-05-04 11:41:32",
        "calendarYear": "2018",
        "period": "Q1",
        "revenue": 213068000,
        "costOfRevenue": 61780000,
        "grossProfit": 151288000,
        "grossProfitRatio": 0.7100456192,
        "researchAndDevelopmentExpenses": 0,
        "generalAndAdministrativeExpenses": 16115000,
        "sellingAndMarketingExpenses": 0,
        "sellingGeneralAndAdministrativeExpenses": 16115000,
        "otherExpenses": -65568000,
        "operatingExpenses": 90539000,
        "costAndExpenses": 152319000,
        "interestIncome": 5341000,
        "interestExpense": 44040000,
        "depreciationAndAmortization": 74424000,
        "ebitda": 135173000,
        "ebitdaratio": 0.634412488,
        "operatingIncome": -10131000,
        "operatingIncomeRatio": -0.0475482006,
        "totalOtherIncomeExpensesNet": -114664000,
        "incomeBeforeTax": -63926000,
        "incomeBeforeTaxRatio": -0.3000262827,
        "incomeTaxExpense": -18000,
        "netIncome": -54153000,
        "netIncomeRatio": -0.2541582969,
        "eps": -1.17,
        "epsdiluted": -1.17,
        "weightedAverageShsOut": 46140000,
        "weightedAverageShsOutDil": 46140000,
        "link": "https://www.sec.gov/Archives/edgar/data/894315/000156459018010890/0001564590-18-010890-index.htm",
        "finalLink": "https://www.sec.gov/Archives/edgar/data/894315/000156459018010890/ddr-10q_20180331.htm"
    },
    {
        "date": "2017-12-31",
        "symbol": "SITC",
        "reportedCurrency": "USD",
        "cik": "0000894315",
        "fillingDate": "2018-02-26",
        "acceptedDate": "2018-02-26 14:55:37",
        "calendarYear": "2017",
        "period": "Q4",
        "revenue": 200932000,
        "costOfRevenue": 58135000,
        "grossProfit": 142797000,
        "grossProfitRatio": 0.7106732626,
        "researchAndDevelopmentExpenses": 0,
        "generalAndAdministrativeExpenses": 19601000,
        "sellingAndMarketingExpenses": 0,
        "sellingGeneralAndAdministrativeExpenses": 19601000,
        "otherExpenses": 5042000,
        "operatingExpenses": 101452000,
        "costAndExpenses": 159587000,
        "interestIncome": 5999000,
        "interestExpense": 41616000,
        "depreciationAndAmortization": 79834000,
        "ebitda": 138628000,
        "ebitdaratio": 0.6899249497,
        "operatingIncome": 151297000,
        "operatingIncomeRatio": 0.7529761312,
        "totalOtherIncomeExpensesNet": -303391000,
        "incomeBeforeTax": -253922000,
        "incomeBeforeTaxRatio": -1.2637210599,
        "incomeTaxExpense": 438000,
        "netIncome": -218038000,
        "netIncomeRatio": -1.0851332789,
        "eps": -4.74,
        "epsdiluted": -4.74,
        "weightedAverageShsOut": 46040000,
        "weightedAverageShsOutDil": 46040000,
        "link": "https://www.sec.gov/Archives/edgar/data/894315/000156459018003200/0001564590-18-003200-index.htm",
        "finalLink": "https://www.sec.gov/Archives/edgar/data/894315/000156459018003200/ddr-10k_20171231.htm"
    },
    {
        "date": "2017-09-30",
        "symbol": "SITC",
        "reportedCurrency": "USD",
        "cik": "0000894315",
        "fillingDate": "2017-11-03",
        "acceptedDate": "2017-11-03 12:08:40",
        "calendarYear": "2017",
        "period": "Q3",
        "revenue": 220133000,
        "costOfRevenue": 59568000,
        "grossProfit": 160565000,
        "grossProfitRatio": 0.7293999537,
        "researchAndDevelopmentExpenses": 0,
        "generalAndAdministrativeExpenses": 16425000,
        "sellingAndMarketingExpenses": 0,
        "sellingGeneralAndAdministrativeExpenses": 16425000,
        "otherExpenses": -41672000,
        "operatingExpenses": 110412000,
        "costAndExpenses": 169980000,
        "interestIncome": 6807000,
        "interestExpense": 46296000,
        "depreciationAndAmortization": 85210000,
        "ebitda": 155250000,
        "ebitdaratio": 0.7052554592,
        "operatingIncome": 160565000,
        "operatingIncomeRatio": 0.7293999537,
        "totalOtherIncomeExpensesNet": -100014000,
        "incomeBeforeTax": -42570000,
        "incomeBeforeTaxRatio": -0.1933830911,
        "incomeTaxExpense": 490000,
        "netIncome": 983000,
        "netIncomeRatio": 0.0044654822,
        "eps": 0.0214,
        "epsdiluted": 0.0214,
        "weightedAverageShsOut": 45960750,
        "weightedAverageShsOutDil": 45960750,
        "link": "https://www.sec.gov/Archives/edgar/data/894315/000156459017021424/0001564590-17-021424-index.htm",
        "finalLink": "https://www.sec.gov/Archives/edgar/data/894315/000156459017021424/ddr-10q_20170930.htm"
    },
    {
        "date": "2017-06-30",
        "symbol": "SITC",
        "reportedCurrency": "USD",
        "cik": "0000894315",
        "fillingDate": "2017-08-03",
        "acceptedDate": "2017-08-03 10:17:01",
        "calendarYear": "2017",
        "period": "Q2",
        "revenue": 227400000,
        "costOfRevenue": 65894000,
        "grossProfit": 161506000,
        "grossProfitRatio": 0.7102286719,
        "researchAndDevelopmentExpenses": 0,
        "generalAndAdministrativeExpenses": 22756000,
        "sellingAndMarketingExpenses": 0,
        "sellingGeneralAndAdministrativeExpenses": 22756000,
        "otherExpenses": 7833000,
        "operatingExpenses": 113032000,
        "costAndExpenses": 178926000,
        "interestIncome": 7166000,
        "interestExpense": 48908000,
        "depreciationAndAmortization": 90276000,
        "ebitda": 151528000,
        "ebitdaratio": 0.666350044,
        "operatingIncome": 161506000,
        "operatingIncomeRatio": 0.7102286719,
        "totalOtherIncomeExpensesNet": -71509000,
        "incomeBeforeTax": -14248000,
        "incomeBeforeTaxRatio": -0.0626561126,
        "incomeTaxExpense": 473000,
        "netIncome": 29611000,
        "netIncomeRatio": 0.1302154793,
        "eps": 0.65,
        "epsdiluted": 0.65,
        "weightedAverageShsOut": 45873375,
        "weightedAverageShsOutDil": 45878750,
        "link": "https://www.sec.gov/Archives/edgar/data/894315/000156459017015160/0001564590-17-015160-index.htm",
        "finalLink": "https://www.sec.gov/Archives/edgar/data/894315/000156459017015160/ddr-10q_20170630.htm"
    },
    {
        "date": "2017-03-31",
        "symbol": "SITC",
        "reportedCurrency": "USD",
        "cik": "0000894315",
        "fillingDate": "2017-05-04",
        "acceptedDate": "2017-05-04 12:01:31",
        "calendarYear": "2017",
        "period": "Q1",
        "revenue": 230981000,
        "costOfRevenue": 67320000,
        "grossProfit": 163661000,
        "grossProfitRatio": 0.7085474563,
        "researchAndDevelopmentExpenses": 0,
        "generalAndAdministrativeExpenses": 31072000,
        "sellingAndMarketingExpenses": 0,
        "sellingGeneralAndAdministrativeExpenses": 31072000,
        "otherExpenses": -66564000,
        "operatingExpenses": 121956000,
        "costAndExpenses": 189276000,
        "interestIncome": 8392000,
        "interestExpense": 51827000,
        "depreciationAndAmortization": 90884000,
        "ebitda": 130529000,
        "ebitdaratio": 0.5651070867,
        "operatingIncome": 163661000,
        "operatingIncomeRatio": 0.7085474563,
        "totalOtherIncomeExpensesNet": -143077000,
        "incomeBeforeTax": -91932000,
        "incomeBeforeTaxRatio": -0.3980067625,
        "incomeTaxExpense": 223000,
        "netIncome": -54241000,
        "netIncomeRatio": -0.2348288387,
        "eps": -1.18,
        "epsdiluted": -1.18,
        "weightedAverageShsOut": 45803750,
        "weightedAverageShsOutDil": 45803750,
        "link": "https://www.sec.gov/Archives/edgar/data/894315/000156459017008627/0001564590-17-008627-index.htm",
        "finalLink": "https://www.sec.gov/Archives/edgar/data/894315/000156459017008627/ddr-10q_20170331.htm"
    },
    {
        "date": "2016-12-31",
        "symbol": "SITC",
        "reportedCurrency": "USD",
        "cik": "0000894315",
        "fillingDate": "2017-02-21",
        "acceptedDate": "2017-02-21 16:52:55",
        "calendarYear": "2016",
        "period": "Q4",
        "revenue": 232168000,
        "costOfRevenue": 64009000,
        "grossProfit": 168159000,
        "grossProfitRatio": 0.7242987836,
        "researchAndDevelopmentExpenses": 0,
        "generalAndAdministrativeExpenses": 20941000,
        "sellingAndMarketingExpenses": 0,
        "sellingGeneralAndAdministrativeExpenses": 20941000,
        "otherExpenses": 7945000,
        "operatingExpenses": 120409000,
        "costAndExpenses": 184418000,
        "interestIncome": 9254000,
        "interestExpense": 51740000,
        "depreciationAndAmortization": 99468000,
        "ebitda": 157525000,
        "ebitdaratio": 0.6784957445,
        "operatingIncome": 168159000,
        "operatingIncomeRatio": 0.7242987836,
        "totalOtherIncomeExpensesNet": -47045000,
        "incomeBeforeTax": 8798000,
        "incomeBeforeTaxRatio": 0.0378949726,
        "incomeTaxExpense": 680000,
        "netIncome": 33741000,
        "netIncomeRatio": 0.1453301058,
        "eps": 0.64,
        "epsdiluted": 0.64,
        "weightedAverageShsOut": 45750000,
        "weightedAverageShsOutDil": 45762500,
        "link": "https://www.sec.gov/Archives/edgar/data/894315/000156459017001905/0001564590-17-001905-index.htm",
        "finalLink": "https://www.sec.gov/Archives/edgar/data/894315/000156459017001905/ddr-10k_20161231.htm"
    },
    {
        "date": "2016-09-30",
        "symbol": "SITC",
        "reportedCurrency": "USD",
        "cik": "0000894315",
        "fillingDate": "2016-11-04",
        "acceptedDate": "2016-11-04 13:01:27",
        "calendarYear": "2016",
        "period": "Q3",
        "revenue": 245238000,
        "costOfRevenue": 68169000,
        "grossProfit": 177069000,
        "grossProfitRatio": 0.7220292124,
        "researchAndDevelopmentExpenses": 0,
        "generalAndAdministrativeExpenses": 18785000,
        "sellingAndMarketingExpenses": 0,
        "sellingGeneralAndAdministrativeExpenses": 18785000,
        "otherExpenses": 8178000,
        "operatingExpenses": 114236000,
        "costAndExpenses": 182405000,
        "interestIncome": 9304000,
        "interestExpense": 53940000,
        "depreciationAndAmortization": 95451000,
        "ebitda": 174309000,
        "ebitdaratio": 0.7107748391,
        "operatingIncome": 177069000,
        "operatingIncomeRatio": 0.7220292124,
        "totalOtherIncomeExpensesNet": -152441000,
        "incomeBeforeTax": -81046000,
        "incomeBeforeTaxRatio": -0.3304789633,
        "incomeTaxExpense": 398000,
        "netIncome": -60360000,
        "netIncomeRatio": -0.2461282509,
        "eps": -1.32,
        "epsdiluted": -1.32,
        "weightedAverageShsOut": 45687500,
        "weightedAverageShsOutDil": 45687500,
        "link": "https://www.sec.gov/Archives/edgar/data/894315/000156459016027570/0001564590-16-027570-index.htm",
        "finalLink": "https://www.sec.gov/Archives/edgar/data/894315/000156459016027570/ddr-10q_20160930.htm"
    },
    {
        "date": "2016-06-30",
        "symbol": "SITC",
        "reportedCurrency": "USD",
        "cik": "0000894315",
        "fillingDate": "2016-08-02",
        "acceptedDate": "2016-08-02 16:26:21",
        "calendarYear": "2016",
        "period": "Q2",
        "revenue": 257400000,
        "costOfRevenue": 71900000,
        "grossProfit": 185500000,
        "grossProfitRatio": 0.7206682207,
        "researchAndDevelopmentExpenses": 0,
        "generalAndAdministrativeExpenses": 18500000,
        "sellingAndMarketingExpenses": 0,
        "sellingGeneralAndAdministrativeExpenses": 18500000,
        "otherExpenses": 2100000,
        "operatingExpenses": 116200000,
        "costAndExpenses": 188100000,
        "interestIncome": 9400000,
        "interestExpense": 54000000,
        "depreciationAndAmortization": 97700000,
        "ebitda": 167775000,
        "ebitdaratio": 0.6518065268,
        "operatingIncome": 24694000,
        "operatingIncomeRatio": 0.0959362859,
        "totalOtherIncomeExpensesNet": -41368000,
        "incomeBeforeTax": 27900000,
        "incomeBeforeTaxRatio": 0.1083916084,
        "incomeTaxExpense": 200000,
        "netIncome": 41100000,
        "netIncomeRatio": 0.1596736597,
        "eps": 0.8,
        "epsdiluted": 0.8,
        "weightedAverageShsOut": 45625000,
        "weightedAverageShsOutDil": 45662500,
        "link": "https://www.sec.gov/Archives/edgar/data/894315/000156459016022080/0001564590-16-022080-index.htm",
        "finalLink": "https://www.sec.gov/Archives/edgar/data/894315/000156459016022080/ddr-10q_20160630.htm"
    },
    {
        "date": "2016-03-31",
        "symbol": "SITC",
        "reportedCurrency": "USD",
        "cik": "0000894315",
        "fillingDate": "2016-05-04",
        "acceptedDate": "2016-05-04 12:31:23",
        "calendarYear": "2016",
        "period": "Q1",
        "revenue": 246245000,
        "costOfRevenue": 73042000,
        "grossProfit": 173203000,
        "grossProfitRatio": 0.7033767183,
        "researchAndDevelopmentExpenses": 0,
        "generalAndAdministrativeExpenses": 17876000,
        "sellingAndMarketingExpenses": 0,
        "sellingGeneralAndAdministrativeExpenses": 17876000,
        "otherExpenses": 9951000,
        "operatingExpenses": 114778000,
        "costAndExpenses": 187820000,
        "interestIncome": 9050000,
        "interestExpense": 57897000,
        "depreciationAndAmortization": 96902000,
        "ebitda": 174779000,
        "ebitdaratio": 0.7097768483,
        "operatingIncome": 173203000,
        "operatingIncomeRatio": 0.7033767183,
        "totalOtherIncomeExpensesNet": -32653000,
        "incomeBeforeTax": 33950000,
        "incomeBeforeTaxRatio": 0.1378708197,
        "incomeTaxExpense": 458000,
        "netIncome": 45573000,
        "netIncomeRatio": 0.1850717781,
        "eps": 0.88,
        "epsdiluted": 0.88,
        "weightedAverageShsOut": 45587500,
        "weightedAverageShsOutDil": 45625000,
        "link": "https://www.sec.gov/Archives/edgar/data/894315/000156459016017579/0001564590-16-017579-index.htm",
        "finalLink": "https://www.sec.gov/Archives/edgar/data/894315/000156459016017579/ddr-10q_20160331.htm"
    },
    {
        "date": "2015-12-31",
        "symbol": "SITC",
        "reportedCurrency": "USD",
        "cik": "0000894315",
        "fillingDate": "2016-02-24",
        "acceptedDate": "2016-02-24 16:08:17",
        "calendarYear": "2015",
        "period": "Q4",
        "revenue": 246530000,
        "costOfRevenue": 70164000,
        "grossProfit": 176366000,
        "grossProfitRatio": 0.7153936641,
        "researchAndDevelopmentExpenses": 0,
        "generalAndAdministrativeExpenses": 17920000,
        "sellingAndMarketingExpenses": 0,
        "sellingGeneralAndAdministrativeExpenses": 17920000,
        "otherExpenses": 7819000,
        "operatingExpenses": 120495000,
        "costAndExpenses": 190659000,
        "interestIncome": 7510000,
        "interestExpense": 59203000,
        "depreciationAndAmortization": 102575000,
        "ebitda": 160509000,
        "ebitdaratio": 0.6510728917,
        "operatingIncome": 176366000,
        "operatingIncomeRatio": 0.7153936641,
        "totalOtherIncomeExpensesNet": -59527000,
        "incomeBeforeTax": 4602000,
        "incomeBeforeTaxRatio": 0.0186670993,
        "incomeTaxExpense": 285000,
        "netIncome": 93466000,
        "netIncomeRatio": 0.3791262727,
        "eps": 1.92,
        "epsdiluted": 1.92,
        "weightedAverageShsOut": 45337500,
        "weightedAverageShsOutDil": 45650000,
        "link": "https://www.sec.gov/Archives/edgar/data/894315/000156459016013184/0001564590-16-013184-index.htm",
        "finalLink": "https://www.sec.gov/Archives/edgar/data/894315/000156459016013184/ddr-10k_20151231.htm"
    },
    {
        "date": "2015-09-30",
        "symbol": "SITC",
        "reportedCurrency": "USD",
        "cik": "0000894315",
        "fillingDate": "2015-11-04",
        "acceptedDate": "2015-11-04 11:01:39",
        "calendarYear": "2015",
        "period": "Q3",
        "revenue": 248887000,
        "costOfRevenue": 73348000,
        "grossProfit": 175539000,
        "grossProfitRatio": 0.7052959777,
        "researchAndDevelopmentExpenses": 0,
        "generalAndAdministrativeExpenses": 17596000,
        "sellingAndMarketingExpenses": 0,
        "sellingGeneralAndAdministrativeExpenses": 17596000,
        "otherExpenses": 8008000,
        "operatingExpenses": 114751000,
        "costAndExpenses": 188099000,
        "interestIncome": 7331000,
        "interestExpense": 58217000,
        "depreciationAndAmortization": 97155000,
        "ebitda": 166527000,
        "ebitdaratio": 0.6690867743,
        "operatingIncome": 175539000,
        "operatingIncomeRatio": 0.7052959777,
        "totalOtherIncomeExpensesNet": -8685000,
        "incomeBeforeTax": 18558000,
        "incomeBeforeTaxRatio": 0.0745639587,
        "incomeTaxExpense": 528000,
        "netIncome": 59555000,
        "netIncomeRatio": 0.2392852981,
        "eps": 1.2,
        "epsdiluted": 1.2,
        "weightedAverageShsOut": 45137500,
        "weightedAverageShsOutDil": 45450000,
        "link": "https://www.sec.gov/Archives/edgar/data/894315/000156459015009262/0001564590-15-009262-index.htm",
        "finalLink": "https://www.sec.gov/Archives/edgar/data/894315/000156459015009262/ddr-10q_20150930.htm"
    },
    {
        "date": "2015-06-30",
        "symbol": "SITC",
        "reportedCurrency": "USD",
        "cik": "0000894315",
        "fillingDate": "2015-08-05",
        "acceptedDate": "2015-08-05 16:16:11",
        "calendarYear": "2015",
        "period": "Q2",
        "revenue": 248932000,
        "costOfRevenue": 73826000,
        "grossProfit": 175106000,
        "grossProfitRatio": 0.7034290489,
        "researchAndDevelopmentExpenses": 0,
        "generalAndAdministrativeExpenses": 19271000,
        "sellingAndMarketingExpenses": 0,
        "sellingGeneralAndAdministrativeExpenses": 19271000,
        "otherExpenses": 10759000,
        "operatingExpenses": 118571000,
        "costAndExpenses": 192397000,
        "interestIncome": 7211000,
        "interestExpense": 61287000,
        "depreciationAndAmortization": 99300000,
        "ebitda": 168940000,
        "ebitdaratio": 0.6786592322,
        "operatingIncome": 175106000,
        "operatingIncomeRatio": 0.7034290489,
        "totalOtherIncomeExpensesNet": -56573000,
        "incomeBeforeTax": 8353000,
        "incomeBeforeTaxRatio": 0.0335553484,
        "incomeTaxExpense": 573000,
        "netIncome": 18598000,
        "netIncomeRatio": 0.0747111661,
        "eps": 0.41,
        "epsdiluted": 0.41,
        "weightedAverageShsOut": 45012500,
        "weightedAverageShsOutDil": 45525000,
        "link": "https://www.sec.gov/Archives/edgar/data/894315/000156459015006227/0001564590-15-006227-index.htm",
        "finalLink": "https://www.sec.gov/Archives/edgar/data/894315/000156459015006227/ddr-10q_20150630.htm"
    },
    {
        "date": "2015-03-31",
        "symbol": "SITC",
        "reportedCurrency": "USD",
        "cik": "0000894315",
        "fillingDate": "2015-05-08",
        "acceptedDate": "2015-05-08 11:01:04",
        "calendarYear": "2015",
        "period": "Q1",
        "revenue": 250751000,
        "costOfRevenue": 76355000,
        "grossProfit": 174396000,
        "grossProfitRatio": 0.6954947338,
        "researchAndDevelopmentExpenses": 0,
        "generalAndAdministrativeExpenses": 18595000,
        "sellingAndMarketingExpenses": 0,
        "sellingGeneralAndAdministrativeExpenses": 18595000,
        "otherExpenses": 4646000,
        "operatingExpenses": 121610000,
        "costAndExpenses": 197965000,
        "interestIncome": 7161000,
        "interestExpense": 63020000,
        "depreciationAndAmortization": 103015000,
        "ebitda": 167669000,
        "ebitdaratio": 0.6686673234,
        "operatingIncome": 174396000,
        "operatingIncomeRatio": 0.6954947338,
        "totalOtherIncomeExpensesNet": -298874000,
        "incomeBeforeTax": -263108000,
        "incomeBeforeTaxRatio": -1.049279963,
        "incomeTaxExpense": 4900000,
        "netIncome": -243787000,
        "netIncomeRatio": -0.9722274288,
        "eps": -5.42,
        "epsdiluted": -5.42,
        "weightedAverageShsOut": 44975000,
        "weightedAverageShsOutDil": 44975000,
        "link": "https://www.sec.gov/Archives/edgar/data/894315/000156459015003681/0001564590-15-003681-index.htm",
        "finalLink": "https://www.sec.gov/Archives/edgar/data/894315/000156459015003681/ddr-10q_20150331.htm"
    },
    {
        "date": "2014-12-31",
        "symbol": "SITC",
        "reportedCurrency": "USD",
        "cik": "0000894315",
        "fillingDate": "2015-02-26",
        "acceptedDate": "2015-02-26 13:48:12",
        "calendarYear": "2014",
        "period": "Q4",
        "revenue": 248557000,
        "costOfRevenue": 70084000,
        "grossProfit": 178473000,
        "grossProfitRatio": 0.7180365067,
        "researchAndDevelopmentExpenses": 0,
        "generalAndAdministrativeExpenses": 25606000,
        "sellingAndMarketingExpenses": 0,
        "sellingGeneralAndAdministrativeExpenses": 25606000,
        "otherExpenses": 6990000,
        "operatingExpenses": 132338000,
        "costAndExpenses": 202422000,
        "interestIncome": 6989000,
        "interestExpense": 61014000,
        "depreciationAndAmortization": 106732000,
        "ebitda": 166214000,
        "ebitdaratio": 0.6687158278,
        "operatingIncome": 178473000,
        "operatingIncomeRatio": 0.7180365067,
        "totalOtherIncomeExpensesNet": -81502000,
        "incomeBeforeTax": -32576000,
        "incomeBeforeTaxRatio": -0.1310604811,
        "incomeTaxExpense": 742000,
        "netIncome": -10700000,
        "netIncomeRatio": -0.0430484758,
        "eps": -0.24,
        "epsdiluted": -0.24,
        "weightedAverageShsOut": 44875000,
        "weightedAverageShsOutDil": 44875000,
        "link": "https://www.sec.gov/Archives/edgar/data/894315/000156459015000995/0001564590-15-000995-index.htm",
        "finalLink": "https://www.sec.gov/Archives/edgar/data/894315/000156459015000995/ddr-10k_20141231.htm"
    },
    {
        "date": "2014-09-30",
        "symbol": "SITC",
        "reportedCurrency": "USD",
        "cik": "0000894315",
        "fillingDate": "2014-11-07",
        "acceptedDate": "2014-11-07 10:26:01",
        "calendarYear": "2014",
        "period": "Q3",
        "revenue": 242949000,
        "costOfRevenue": 72992000,
        "grossProfit": 169957000,
        "grossProfitRatio": 0.6995583435,
        "researchAndDevelopmentExpenses": 0,
        "generalAndAdministrativeExpenses": 19540000,
        "sellingAndMarketingExpenses": 0,
        "sellingGeneralAndAdministrativeExpenses": 19540000,
        "otherExpenses": 4836000,
        "operatingExpenses": 119020000,
        "costAndExpenses": 192012000,
        "interestIncome": 2652000,
        "interestExpense": 58115000,
        "depreciationAndAmortization": 99480000,
        "ebitda": 164993000,
        "ebitdaratio": 0.6791260717,
        "operatingIncome": 169957000,
        "operatingIncomeRatio": 0.6995583435,
        "totalOtherIncomeExpensesNet": -50724000,
        "incomeBeforeTax": 6101000,
        "incomeBeforeTaxRatio": 0.0251122664,
        "incomeTaxExpense": -212000,
        "netIncome": 68606000,
        "netIncomeRatio": 0.2823884848,
        "eps": 1.36,
        "epsdiluted": 1.36,
        "weightedAverageShsOut": 44750000,
        "weightedAverageShsOutDil": 44812500,
        "link": "https://www.sec.gov/Archives/edgar/data/894315/000156459014005246/0001564590-14-005246-index.htm",
        "finalLink": "https://www.sec.gov/Archives/edgar/data/894315/000156459014005246/ddr-10q_20140930.htm"
    },
    {
        "date": "2014-06-30",
        "symbol": "SITC",
        "reportedCurrency": "USD",
        "cik": "0000894315",
        "fillingDate": "2014-08-08",
        "acceptedDate": "2014-08-08 12:15:08",
        "calendarYear": "2014",
        "period": "Q2",
        "revenue": 245781000,
        "costOfRevenue": 72014000,
        "grossProfit": 173767000,
        "grossProfitRatio": 0.7069993205,
        "researchAndDevelopmentExpenses": 0,
        "generalAndAdministrativeExpenses": 19085000,
        "sellingAndMarketingExpenses": 0,
        "sellingGeneralAndAdministrativeExpenses": 19085000,
        "otherExpenses": 3369000,
        "operatingExpenses": 118911000,
        "costAndExpenses": 190925000,
        "interestIncome": 3158000,
        "interestExpense": 62573000,
        "depreciationAndAmortization": 99826000,
        "ebitda": 162340000,
        "ebitdaratio": 0.6605067113,
        "operatingIncome": 173767000,
        "operatingIncomeRatio": 0.7069993205,
        "totalOtherIncomeExpensesNet": -103575000,
        "incomeBeforeTax": 69429000,
        "incomeBeforeTaxRatio": 0.2824831863,
        "incomeTaxExpense": 649000,
        "netIncome": 76017000,
        "netIncomeRatio": 0.3092875365,
        "eps": 1.52,
        "epsdiluted": 1.52,
        "weightedAverageShsOut": 44725000,
        "weightedAverageShsOutDil": 44787500,
        "link": "https://www.sec.gov/Archives/edgar/data/894315/000156459014003378/0001564590-14-003378-index.htm",
        "finalLink": "https://www.sec.gov/Archives/edgar/data/894315/000156459014003378/ddr-10q_20140630.htm"
    },
    {
        "date": "2014-03-31",
        "symbol": "SITC",
        "reportedCurrency": "USD",
        "cik": "0000894315",
        "fillingDate": "2014-05-09",
        "acceptedDate": "2014-05-09 13:31:27",
        "calendarYear": "2014",
        "period": "Q1",
        "revenue": 246023000,
        "costOfRevenue": 73943000,
        "grossProfit": 172080000,
        "grossProfitRatio": 0.6994467997,
        "researchAndDevelopmentExpenses": 0,
        "generalAndAdministrativeExpenses": 20253000,
        "sellingAndMarketingExpenses": 0,
        "sellingGeneralAndAdministrativeExpenses": 20253000,
        "otherExpenses": 3610000,
        "operatingExpenses": 129015000,
        "costAndExpenses": 202958000,
        "interestIncome": 3127000,
        "interestExpense": 62881000,
        "depreciationAndAmortization": 108762000,
        "ebitda": 149379000,
        "ebitdaratio": 0.6071749389,
        "operatingIncome": 172080000,
        "operatingIncomeRatio": 0.6994467997,
        "totalOtherIncomeExpensesNet": -66693000,
        "incomeBeforeTax": -27530000,
        "incomeBeforeTaxRatio": -0.1119001069,
        "incomeTaxExpense": 688000,
        "netIncome": -16640000,
        "netIncomeRatio": -0.0676359527,
        "eps": -0.37,
        "epsdiluted": -0.37,
        "weightedAverageShsOut": 44700000,
        "weightedAverageShsOutDil": 44700000,
        "link": "https://www.sec.gov/Archives/edgar/data/894315/000156459014001996/0001564590-14-001996-index.htm",
        "finalLink": "https://www.sec.gov/Archives/edgar/data/894315/000156459014001996/ddr-10q_20140331.htm"
    },
    {
        "date": "2013-12-31",
        "symbol": "SITC",
        "reportedCurrency": "USD",
        "cik": "0000894315",
        "fillingDate": "2014-02-28",
        "acceptedDate": "2014-02-27 18:15:49",
        "calendarYear": "2013",
        "period": "Q4",
        "revenue": 256845000,
        "costOfRevenue": 73370000,
        "grossProfit": 183475000,
        "grossProfitRatio": 0.7143413343,
        "researchAndDevelopmentExpenses": 0,
        "generalAndAdministrativeExpenses": 20432000,
        "sellingAndMarketingExpenses": 0,
        "sellingGeneralAndAdministrativeExpenses": 20432000,
        "otherExpenses": -3341000,
        "operatingExpenses": 129727000,
        "costAndExpenses": 203097000,
        "interestIncome": 3173000,
        "interestExpense": 63738000,
        "depreciationAndAmortization": 109295000,
        "ebitda": 164151000,
        "ebitdaratio": 0.639105297,
        "operatingIncome": 69321000,
        "operatingIncomeRatio": 0.2698942942,
        "totalOtherIncomeExpensesNet": -33765000,
        "incomeBeforeTax": 3656000,
        "incomeBeforeTaxRatio": 0.0142342658,
        "incomeTaxExpense": 234000,
        "netIncome": 7210000,
        "netIncomeRatio": 0.0280714049,
        "eps": 0.16,
        "epsdiluted": 0.16,
        "weightedAverageShsOut": 44612500,
        "weightedAverageShsOutDil": 44612500,
        "link": "https://www.sec.gov/Archives/edgar/data/894315/000119312514073593/0001193125-14-073593-index.htm",
        "finalLink": "https://www.sec.gov/Archives/edgar/data/894315/000119312514073593/d636168d10k.htm"
    },
    {
        "date": "2013-09-30",
        "symbol": "SITC",
        "reportedCurrency": "USD",
        "cik": "0000894315",
        "fillingDate": "2013-11-08",
        "acceptedDate": "2013-11-08 09:55:06",
        "calendarYear": "2013",
        "period": "Q3",
        "revenue": 219368000,
        "costOfRevenue": 63269000,
        "grossProfit": 156099000,
        "grossProfitRatio": 0.711585099,
        "researchAndDevelopmentExpenses": 0,
        "generalAndAdministrativeExpenses": 19246000,
        "sellingAndMarketingExpenses": 0,
        "sellingGeneralAndAdministrativeExpenses": 19246000,
        "otherExpenses": -2282000,
        "operatingExpenses": 93387000,
        "costAndExpenses": 156656000,
        "interestIncome": 6691000,
        "interestExpense": 57936000,
        "depreciationAndAmortization": 74141000,
        "ebitda": 130863000,
        "ebitdaratio": 0.5965455308,
        "operatingIncome": 57967000,
        "operatingIncomeRatio": 0.2642454688,
        "totalOtherIncomeExpensesNet": -55810000,
        "incomeBeforeTax": -11171000,
        "incomeBeforeTaxRatio": -0.0509235622,
        "incomeTaxExpense": 406000,
        "netIncome": -375000,
        "netIncomeRatio": -0.0017094563,
        "eps": -0.0094,
        "epsdiluted": -0.0094,
        "weightedAverageShsOut": 39775000,
        "weightedAverageShsOutDil": 39775000,
        "link": "https://www.sec.gov/Archives/edgar/data/894315/000119312513434276/0001193125-13-434276-index.htm",
        "finalLink": "https://www.sec.gov/Archives/edgar/data/894315/000119312513434276/d602823d10q.htm"
    },
    {
        "date": "2013-06-30",
        "symbol": "SITC",
        "reportedCurrency": "USD",
        "cik": "0000894315",
        "fillingDate": "2013-08-08",
        "acceptedDate": "2013-08-08 14:08:08",
        "calendarYear": "2013",
        "period": "Q2",
        "revenue": 217087000,
        "costOfRevenue": 61967000,
        "grossProfit": 155120000,
        "grossProfitRatio": 0.7145522302,
        "researchAndDevelopmentExpenses": 0,
        "generalAndAdministrativeExpenses": 20117000,
        "sellingAndMarketingExpenses": 0,
        "sellingGeneralAndAdministrativeExpenses": 20117000,
        "otherExpenses": 1895000,
        "operatingExpenses": 90004000,
        "costAndExpenses": 151971000,
        "interestIncome": 5797000,
        "interestExpense": 55816000,
        "depreciationAndAmortization": 69887000,
        "ebitda": 122379000,
        "ebitdaratio": 0.5637325128,
        "operatingIncome": 34219000,
        "operatingIncomeRatio": 0.1576280477,
        "totalOtherIncomeExpensesNet": -59701000,
        "incomeBeforeTax": -17572000,
        "incomeBeforeTaxRatio": -0.0809445061,
        "incomeTaxExpense": 1716000,
        "netIncome": -23313000,
        "netIncomeRatio": -0.1073901247,
        "eps": -0.59,
        "epsdiluted": -0.59,
        "weightedAverageShsOut": 39625000,
        "weightedAverageShsOutDil": 39625000,
        "link": "https://www.sec.gov/Archives/edgar/data/894315/000119312513326429/0001193125-13-326429-index.htm",
        "finalLink": "https://www.sec.gov/Archives/edgar/data/894315/000119312513326429/d550153d10q.htm"
    },
    {
        "date": "2013-03-31",
        "symbol": "SITC",
        "reportedCurrency": "USD",
        "cik": "0000894315",
        "fillingDate": "2013-05-10",
        "acceptedDate": "2013-05-10 08:15:22",
        "calendarYear": "2013",
        "period": "Q1",
        "revenue": 210837000,
        "costOfRevenue": 61599000,
        "grossProfit": 149238000,
        "grossProfitRatio": 0.7078359112,
        "researchAndDevelopmentExpenses": 0,
        "generalAndAdministrativeExpenses": 19760000,
        "sellingAndMarketingExpenses": 0,
        "sellingGeneralAndAdministrativeExpenses": 19760000,
        "otherExpenses": -2901000,
        "operatingExpenses": 88740000,
        "costAndExpenses": 150339000,
        "interestIncome": 7877000,
        "interestExpense": 54894000,
        "depreciationAndAmortization": 68980000,
        "ebitda": 130418000,
        "ebitdaratio": 0.6185726414,
        "operatingIncome": 61564000,
        "operatingIncomeRatio": 0.2919980838,
        "totalOtherIncomeExpensesNet": -44512000,
        "incomeBeforeTax": 6608000,
        "incomeBeforeTaxRatio": 0.0313417474,
        "incomeTaxExpense": 367000,
        "netIncome": 6303000,
        "netIncomeRatio": 0.0298951323,
        "eps": 0.16,
        "epsdiluted": 0.16,
        "weightedAverageShsOut": 39150000,
        "weightedAverageShsOutDil": 39150000,
        "link": "https://www.sec.gov/Archives/edgar/data/894315/000119312513212597/0001193125-13-212597-index.htm",
        "finalLink": "https://www.sec.gov/Archives/edgar/data/894315/000119312513212597/d513785d10q.htm"
    },
    {
        "date": "2012-12-31",
        "symbol": "SITC",
        "reportedCurrency": "USD",
        "cik": "0000894315",
        "fillingDate": "2013-03-01",
        "acceptedDate": "2013-03-01 14:42:14",
        "calendarYear": "2012",
        "period": "Q4",
        "revenue": 210870000,
        "costOfRevenue": 60947000,
        "grossProfit": 149923000,
        "grossProfitRatio": 0.7109735856,
        "researchAndDevelopmentExpenses": 0,
        "generalAndAdministrativeExpenses": 19753000,
        "sellingAndMarketingExpenses": 0,
        "sellingGeneralAndAdministrativeExpenses": 19753000,
        "otherExpenses": -10737000,
        "operatingExpenses": 84912000,
        "costAndExpenses": 145859000,
        "interestIncome": 5970000,
        "interestExpense": 56148000,
        "depreciationAndAmortization": 65159000,
        "ebitda": 125177000,
        "ebitdaratio": 0.5936216626,
        "operatingIncome": 56000000,
        "operatingIncomeRatio": 0.2655664627,
        "totalOtherIncomeExpensesNet": -54939000,
        "incomeBeforeTax": -101000,
        "incomeBeforeTaxRatio": -0.0004789681,
        "incomeTaxExpense": 350000,
        "netIncome": -4000,
        "netIncomeRatio": -1.8969e-05,
        "eps": -0.0001,
        "epsdiluted": -0.0001,
        "weightedAverageShsOut": 43962500,
        "weightedAverageShsOutDil": 43962500,
        "link": "https://www.sec.gov/Archives/edgar/data/894315/000119312513087320/0001193125-13-087320-index.htm",
        "finalLink": "https://www.sec.gov/Archives/edgar/data/894315/000119312513087320/d447131d10k.htm"
    },
    {
        "date": "2012-09-30",
        "symbol": "SITC",
        "reportedCurrency": "USD",
        "cik": "0000894315",
        "fillingDate": "2012-11-09",
        "acceptedDate": "2012-11-09 06:32:13",
        "calendarYear": "2012",
        "period": "Q3",
        "revenue": 204983000,
        "costOfRevenue": 58184000,
        "grossProfit": 146799000,
        "grossProfitRatio": 0.7161520711,
        "researchAndDevelopmentExpenses": 0,
        "generalAndAdministrativeExpenses": 18547000,
        "sellingAndMarketingExpenses": 0,
        "sellingGeneralAndAdministrativeExpenses": 18547000,
        "otherExpenses": 61276000,
        "operatingExpenses": 79823000,
        "costAndExpenses": 138007000,
        "interestIncome": 5661000,
        "interestExpense": 55245000,
        "depreciationAndAmortization": 61276000,
        "ebitda": 144028000,
        "ebitdaratio": 0.702633877,
        "operatingIncome": 82247000,
        "operatingIncomeRatio": 0.4012381515,
        "totalOtherIncomeExpensesNet": -32471000,
        "incomeBeforeTax": 27270000,
        "incomeBeforeTaxRatio": 0.1330354224,
        "incomeTaxExpense": 264000,
        "netIncome": 26738000,
        "netIncomeRatio": 0.1304400853,
        "eps": 0.71,
        "epsdiluted": 0.71,
        "weightedAverageShsOut": 37775000,
        "weightedAverageShsOutDil": 37862500,
        "link": "https://www.sec.gov/Archives/edgar/data/894315/000119312512461670/0001193125-12-461670-index.htm",
        "finalLink": "https://www.sec.gov/Archives/edgar/data/894315/000119312512461670/d411781d10q.htm"
    },
    {
        "date": "2012-06-30",
        "symbol": "SITC",
        "reportedCurrency": "USD",
        "cik": "0000894315",
        "fillingDate": "2012-08-09",
        "acceptedDate": "2012-08-09 13:51:13",
        "calendarYear": "2012",
        "period": "Q2",
        "revenue": 194743000,
        "costOfRevenue": 56610000,
        "grossProfit": 138133000,
        "grossProfitRatio": 0.7093091921,
        "researchAndDevelopmentExpenses": 0,
        "generalAndAdministrativeExpenses": 19131000,
        "sellingAndMarketingExpenses": 0,
        "sellingGeneralAndAdministrativeExpenses": 19131000,
        "otherExpenses": 63561000,
        "operatingExpenses": 82692000,
        "costAndExpenses": 139302000,
        "interestIncome": 2328000,
        "interestExpense": 54617000,
        "depreciationAndAmortization": 63561000,
        "ebitda": 107788000,
        "ebitdaratio": 0.5534884437,
        "operatingIncome": 17488000,
        "operatingIncomeRatio": 0.0898004036,
        "totalOtherIncomeExpensesNet": -25632000,
        "incomeBeforeTax": -46044000,
        "incomeBeforeTaxRatio": -0.2364346857,
        "incomeTaxExpense": 371000,
        "netIncome": -37500000,
        "netIncomeRatio": -0.1925614785,
        "eps": -1.07,
        "epsdiluted": -1.07,
        "weightedAverageShsOut": 35050000,
        "weightedAverageShsOutDil": 35050000,
        "link": "https://www.sec.gov/Archives/edgar/data/894315/000119312512346854/0001193125-12-346854-index.htm",
        "finalLink": "https://www.sec.gov/Archives/edgar/data/894315/000119312512346854/d361526d10q.htm"
    },
    {
        "date": "2012-03-31",
        "symbol": "SITC",
        "reportedCurrency": "USD",
        "cik": "0000894315",
        "fillingDate": "2012-05-09",
        "acceptedDate": "2012-05-09 10:27:29",
        "calendarYear": "2012",
        "period": "Q1",
        "revenue": 195371000,
        "costOfRevenue": 59902000,
        "grossProfit": 135469000,
        "grossProfitRatio": 0.6933935948,
        "researchAndDevelopmentExpenses": 0,
        "generalAndAdministrativeExpenses": 19012000,
        "sellingAndMarketingExpenses": 0,
        "sellingGeneralAndAdministrativeExpenses": 19012000,
        "otherExpenses": 60306000,
        "operatingExpenses": 79318000,
        "costAndExpenses": 139220000,
        "interestIncome": 1841000,
        "interestExpense": 56746000,
        "depreciationAndAmortization": 60306000,
        "ebitda": 114661000,
        "ebitdaratio": 0.5868885351,
        "operatingIncome": 41868000,
        "operatingIncomeRatio": 0.2142999729,
        "totalOtherIncomeExpensesNet": -54737000,
        "incomeBeforeTax": -11787000,
        "incomeBeforeTaxRatio": -0.0603313695,
        "incomeTaxExpense": 179000,
        "netIncome": -15057000,
        "netIncomeRatio": -0.0770687564,
        "eps": -0.44,
        "epsdiluted": -0.44,
        "weightedAverageShsOut": 34400000,
        "weightedAverageShsOutDil": 34400000,
        "link": "https://www.sec.gov/Archives/edgar/data/894315/000119312512220681/0001193125-12-220681-index.htm",
        "finalLink": "https://www.sec.gov/Archives/edgar/data/894315/000119312512220681/d317289d10q.htm"
    },
    {
        "date": "2011-12-31",
        "symbol": "SITC",
        "reportedCurrency": "USD",
        "cik": "0000894315",
        "fillingDate": "2012-02-28",
        "acceptedDate": "2012-02-28 14:55:58",
        "calendarYear": "2011",
        "period": "Q4",
        "revenue": 180926000,
        "costOfRevenue": 49643000,
        "grossProfit": 131283000,
        "grossProfitRatio": 0.7256171031,
        "researchAndDevelopmentExpenses": 0,
        "generalAndAdministrativeExpenses": 19911000,
        "sellingAndMarketingExpenses": 0,
        "sellingGeneralAndAdministrativeExpenses": 19911000,
        "otherExpenses": 56159000,
        "operatingExpenses": 76070000,
        "costAndExpenses": 125713000,
        "interestIncome": 2157000,
        "interestExpense": 54500000,
        "depreciationAndAmortization": 56159000,
        "ebitda": 79032000,
        "ebitdaratio": 0.4368194732,
        "operatingIncome": 59709000,
        "operatingIncomeRatio": 0.3300189028,
        "totalOtherIncomeExpensesNet": -86840000,
        "incomeBeforeTax": -31627000,
        "incomeBeforeTaxRatio": -0.1748062744,
        "incomeTaxExpense": 3000,
        "netIncome": 5206000,
        "netIncomeRatio": 0.028774195,
        "eps": 0.15,
        "epsdiluted": 0.15,
        "weightedAverageShsOut": 34057313,
        "weightedAverageShsOutDil": 34131938,
        "link": "https://www.sec.gov/Archives/edgar/data/894315/000119312512084819/0001193125-12-084819-index.htm",
        "finalLink": "https://www.sec.gov/Archives/edgar/data/894315/000119312512084819/d256566d10k.htm"
    },
    {
        "date": "2011-09-30",
        "symbol": "SITC",
        "reportedCurrency": "USD",
        "cik": "0000894315",
        "fillingDate": "2011-11-08",
        "acceptedDate": "2011-11-08 12:17:52",
        "calendarYear": "2011",
        "period": "Q3",
        "revenue": 196448000,
        "costOfRevenue": 60492000,
        "grossProfit": 135956000,
        "grossProfitRatio": 0.6920711842,
        "researchAndDevelopmentExpenses": 0,
        "generalAndAdministrativeExpenses": 17954000,
        "sellingAndMarketingExpenses": 0,
        "sellingGeneralAndAdministrativeExpenses": 17954000,
        "otherExpenses": 56249000,
        "operatingExpenses": 74203000,
        "costAndExpenses": 134695000,
        "interestIncome": 2459000,
        "interestExpense": 58169000,
        "depreciationAndAmortization": 56249000,
        "ebitda": 65796000,
        "ebitdaratio": 0.3349283271,
        "operatingIncome": 15479000,
        "operatingIncomeRatio": 0.0787943883,
        "totalOtherIncomeExpensesNet": -59115000,
        "incomeBeforeTax": -47744000,
        "incomeBeforeTaxRatio": -0.2430363251,
        "incomeTaxExpense": 299000,
        "netIncome": -42989000,
        "netIncomeRatio": -0.2188314465,
        "eps": -1.25,
        "epsdiluted": -1.25,
        "weightedAverageShsOut": 34329875,
        "weightedAverageShsOutDil": 34329875,
        "link": "https://www.sec.gov/Archives/edgar/data/894315/000119312511301547/0001193125-11-301547-index.htm",
        "finalLink": "https://www.sec.gov/Archives/edgar/data/894315/000119312511301547/d244133d10q.htm"
    },
    {
        "date": "2011-06-30",
        "symbol": "SITC",
        "reportedCurrency": "USD",
        "cik": "0000894315",
        "fillingDate": "2011-08-08",
        "acceptedDate": "2011-08-08 11:04:19",
        "calendarYear": "2011",
        "period": "Q2",
        "revenue": 198495000,
        "costOfRevenue": 63837000,
        "grossProfit": 134658000,
        "grossProfitRatio": 0.6783949218,
        "researchAndDevelopmentExpenses": 0,
        "generalAndAdministrativeExpenses": 17979000,
        "sellingAndMarketingExpenses": 0,
        "sellingGeneralAndAdministrativeExpenses": 17979000,
        "otherExpenses": 56750000,
        "operatingExpenses": 74729000,
        "costAndExpenses": 138566000,
        "interestIncome": 2417000,
        "interestExpense": 59579000,
        "depreciationAndAmortization": 56750000,
        "ebitda": 121115000,
        "ebitdaratio": 0.6101665029,
        "operatingIncome": 46631000,
        "operatingIncomeRatio": 0.234922794,
        "totalOtherIncomeExpensesNet": -45066000,
        "incomeBeforeTax": -6020000,
        "incomeBeforeTaxRatio": -0.0303282199,
        "incomeTaxExpense": 435000,
        "netIncome": -13383000,
        "netIncomeRatio": -0.0674223532,
        "eps": -0.39,
        "epsdiluted": -0.39,
        "weightedAverageShsOut": 34287375,
        "weightedAverageShsOutDil": 34287375,
        "link": "https://www.sec.gov/Archives/edgar/data/894315/000095012311074180/0000950123-11-074180-index.htm",
        "finalLink": "https://www.sec.gov/Archives/edgar/data/894315/000095012311074180/l42762e10vq.htm"
    },
    {
        "date": "2011-03-31",
        "symbol": "SITC",
        "reportedCurrency": "USD",
        "cik": "0000894315",
        "fillingDate": "2011-05-09",
        "acceptedDate": "2011-05-09 09:33:08",
        "calendarYear": "2011",
        "period": "Q1",
        "revenue": 202984000,
        "costOfRevenue": 64945000,
        "grossProfit": 138039000,
        "grossProfitRatio": 0.6800486738,
        "researchAndDevelopmentExpenses": 0,
        "generalAndAdministrativeExpenses": 29378000,
        "sellingAndMarketingExpenses": 0,
        "sellingGeneralAndAdministrativeExpenses": 29378000,
        "otherExpenses": 56042000,
        "operatingExpenses": 85420000,
        "costAndExpenses": 150365000,
        "interestIncome": 2796000,
        "interestExpense": 60243000,
        "depreciationAndAmortization": 56042000,
        "ebitda": 113431000,
        "ebitdaratio": 0.5588174437,
        "operatingIncome": 95881000,
        "operatingIncomeRatio": 0.4723574272,
        "totalOtherIncomeExpensesNet": -11420000,
        "incomeBeforeTax": 38251000,
        "incomeBeforeTaxRatio": 0.1884434241,
        "incomeTaxExpense": 326000,
        "netIncome": 35312000,
        "netIncomeRatio": 0.1739644504,
        "eps": 1.1,
        "epsdiluted": 1.08,
        "weightedAverageShsOut": 31995750,
        "weightedAverageShsOutDil": 32822625,
        "link": "https://www.sec.gov/Archives/edgar/data/894315/000095012311047088/0000950123-11-047088-index.htm",
        "finalLink": "https://www.sec.gov/Archives/edgar/data/894315/000095012311047088/l42284e10vq.htm"
    },
    {
        "date": "2010-12-31",
        "symbol": "SITC",
        "reportedCurrency": "USD",
        "cik": "0000894315",
        "fillingDate": "2011-02-28",
        "acceptedDate": "2011-02-28 16:39:24",
        "calendarYear": "2010",
        "period": "Q4",
        "revenue": 202266000,
        "costOfRevenue": 59096000,
        "grossProfit": 143170000,
        "grossProfitRatio": 0.7078302829,
        "researchAndDevelopmentExpenses": 0,
        "generalAndAdministrativeExpenses": 23027000,
        "sellingAndMarketingExpenses": 0,
        "sellingGeneralAndAdministrativeExpenses": 23027000,
        "otherExpenses": 57318000,
        "operatingExpenses": 80345000,
        "costAndExpenses": 139441000,
        "interestIncome": 2921000,
        "interestExpense": 59655000,
        "depreciationAndAmortization": 57318000,
        "ebitda": 62178000,
        "ebitdaratio": 0.3074070778,
        "operatingIncome": 24939000,
        "operatingIncomeRatio": 0.1232980333,
        "totalOtherIncomeExpensesNet": -117620000,
        "incomeBeforeTax": -54795000,
        "incomeBeforeTaxRatio": -0.2709056391,
        "incomeTaxExpense": 49510000,
        "netIncome": -84226000,
        "netIncomeRatio": -0.4164120515,
        "eps": -2.69,
        "epsdiluted": -2.66,
        "weightedAverageShsOut": 31292375,
        "weightedAverageShsOutDil": 31705813,
        "link": "https://www.sec.gov/Archives/edgar/data/894315/000095012311019812/0000950123-11-019812-index.htm",
        "finalLink": "https://www.sec.gov/Archives/edgar/data/894315/000095012311019812/l40684e10vk.htm"
    },
    {
        "date": "2010-09-30",
        "symbol": "SITC",
        "reportedCurrency": "USD",
        "cik": "0000894315",
        "fillingDate": "2010-11-08",
        "acceptedDate": "2010-11-08 17:30:18",
        "calendarYear": "2010",
        "period": "Q3",
        "revenue": 198798000,
        "costOfRevenue": 63194000,
        "grossProfit": 135604000,
        "grossProfitRatio": 0.6821195384,
        "researchAndDevelopmentExpenses": 0,
        "generalAndAdministrativeExpenses": 20180000,
        "sellingAndMarketingExpenses": 0,
        "sellingGeneralAndAdministrativeExpenses": 20180000,
        "otherExpenses": 54903000,
        "operatingExpenses": 75083000,
        "costAndExpenses": 138277000,
        "interestIncome": 1614000,
        "interestExpense": 53774000,
        "depreciationAndAmortization": 54903000,
        "ebitda": 93586000,
        "ebitdaratio": 0.4707592632,
        "operatingIncome": 40584000,
        "operatingIncomeRatio": 0.204146923,
        "totalOtherIncomeExpensesNet": -52064000,
        "incomeBeforeTax": -16347000,
        "incomeBeforeTaxRatio": -0.0822291975,
        "incomeTaxExpense": 1120000,
        "netIncome": -14310000,
        "netIncomeRatio": -0.0719826155,
        "eps": -0.46,
        "epsdiluted": -0.46,
        "weightedAverageShsOut": 31142375,
        "weightedAverageShsOutDil": 31142375,
        "link": "https://www.sec.gov/Archives/edgar/data/894315/000095012310102601/0000950123-10-102601-index.htm",
        "finalLink": "https://www.sec.gov/Archives/edgar/data/894315/000095012310102601/l40862e10vq.htm"
    },
    {
        "date": "2010-06-30",
        "symbol": "SITC",
        "reportedCurrency": "USD",
        "cik": "0000894315",
        "fillingDate": "2010-08-06",
        "acceptedDate": "2010-08-06 11:09:17",
        "calendarYear": "2010",
        "period": "Q2",
        "revenue": 202016000,
        "costOfRevenue": 63714000,
        "grossProfit": 138302000,
        "grossProfitRatio": 0.6846091399,
        "researchAndDevelopmentExpenses": 0,
        "generalAndAdministrativeExpenses": 19090000,
        "sellingAndMarketingExpenses": 0,
        "sellingGeneralAndAdministrativeExpenses": 19090000,
        "otherExpenses": 56738000,
        "operatingExpenses": 75828000,
        "costAndExpenses": 139542000,
        "interestIncome": 1525000,
        "interestExpense": 59692000,
        "depreciationAndAmortization": 56738000,
        "ebitda": 51805000,
        "ebitdaratio": 0.256440084,
        "operatingIncome": -30473000,
        "operatingIncomeRatio": -0.1508444876,
        "totalOtherIncomeExpensesNet": -28473000,
        "incomeBeforeTax": -117456000,
        "incomeBeforeTaxRatio": -0.5814192935,
        "incomeTaxExpense": -3590000,
        "netIncome": -86575000,
        "netIncomeRatio": -0.4285551639,
        "eps": -2.79,
        "epsdiluted": -2.79,
        "weightedAverageShsOut": 31066625,
        "weightedAverageShsOutDil": 31066625,
        "link": "https://www.sec.gov/Archives/edgar/data/894315/000095012310073930/0000950123-10-073930-index.htm",
        "finalLink": "https://www.sec.gov/Archives/edgar/data/894315/000095012310073930/l40119e10vq.htm"
    },
    {
        "date": "2010-03-31",
        "symbol": "SITC",
        "reportedCurrency": "USD",
        "cik": "0000894315",
        "fillingDate": "2010-05-07",
        "acceptedDate": "2010-05-07 10:27:50",
        "calendarYear": "2010",
        "period": "Q1",
        "revenue": 206701000,
        "costOfRevenue": 36101000,
        "grossProfit": 170600000,
        "grossProfitRatio": 0.8253467569,
        "researchAndDevelopmentExpenses": 0,
        "generalAndAdministrativeExpenses": 23275000,
        "sellingAndMarketingExpenses": 0,
        "sellingGeneralAndAdministrativeExpenses": 23275000,
        "otherExpenses": 57069000,
        "operatingExpenses": 109284000,
        "costAndExpenses": 145385000,
        "interestIncome": 1330000,
        "interestExpense": 59909000,
        "depreciationAndAmortization": 57069000,
        "ebitda": 92398000,
        "ebitdaratio": 0.447012835,
        "operatingIncome": 36679000,
        "operatingIncomeRatio": 0.1774495527,
        "totalOtherIncomeExpensesNet": -55554000,
        "incomeBeforeTax": -26169000,
        "incomeBeforeTaxRatio": -0.1266031611,
        "incomeTaxExpense": 1017000,
        "netIncome": -24247000,
        "netIncomeRatio": -0.1173047058,
        "eps": -0.85,
        "epsdiluted": -0.85,
        "weightedAverageShsOut": 28391625,
        "weightedAverageShsOutDil": 28391625,
        "link": "https://www.sec.gov/Archives/edgar/data/894315/000095012310046052/0000950123-10-046052-index.htm",
        "finalLink": "https://www.sec.gov/Archives/edgar/data/894315/000095012310046052/l39434e10vq.htm"
    },
    {
        "date": "2009-12-31",
        "symbol": "SITC",
        "reportedCurrency": "USD",
        "cik": "0000894315",
        "fillingDate": "2010-02-26",
        "acceptedDate": "2010-02-26 15:28:37",
        "calendarYear": "2009",
        "period": "Q4",
        "revenue": 205365000,
        "costOfRevenue": 64238000,
        "grossProfit": 141127000,
        "grossProfitRatio": 0.6872008375,
        "researchAndDevelopmentExpenses": 0,
        "generalAndAdministrativeExpenses": 20896000,
        "sellingAndMarketingExpenses": 0,
        "sellingGeneralAndAdministrativeExpenses": 20896000,
        "otherExpenses": 55633000,
        "operatingExpenses": 76529000,
        "costAndExpenses": 140767000,
        "interestIncome": 2563000,
        "interestExpense": 62778000,
        "depreciationAndAmortization": 55633000,
        "ebitda": 43226000,
        "ebitdaratio": 0.2104837728,
        "operatingIncome": -18004000,
        "operatingIncomeRatio": -0.0876682979,
        "totalOtherIncomeExpensesNet": -57181000,
        "incomeBeforeTax": -75185000,
        "incomeBeforeTaxRatio": -0.3661042534,
        "incomeTaxExpense": -1218000,
        "netIncome": -79564000,
        "netIncomeRatio": -0.3874272637,
        "eps": -3.3,
        "epsdiluted": -3.3,
        "weightedAverageShsOut": 24121813,
        "weightedAverageShsOutDil": 24121813,
        "link": "https://www.sec.gov/Archives/edgar/data/894315/000095012310018046/0000950123-10-018046-index.htm",
        "finalLink": "https://www.sec.gov/Archives/edgar/data/894315/000095012310018046/l38471e10vk.htm"
    },
    {
        "date": "2009-09-30",
        "symbol": "SITC",
        "reportedCurrency": "USD",
        "cik": "0000894315",
        "fillingDate": "2009-11-06",
        "acceptedDate": "2009-11-06 16:42:39",
        "calendarYear": "2009",
        "period": "Q3",
        "revenue": 202264000,
        "costOfRevenue": 64917000,
        "grossProfit": 137347000,
        "grossProfitRatio": 0.6790481747,
        "researchAndDevelopmentExpenses": 0,
        "generalAndAdministrativeExpenses": 25886000,
        "sellingAndMarketingExpenses": 0,
        "sellingGeneralAndAdministrativeExpenses": 25886000,
        "otherExpenses": 53621000,
        "operatingExpenses": 79507000,
        "costAndExpenses": 144424000,
        "interestIncome": 3289000,
        "interestExpense": 57268000,
        "depreciationAndAmortization": 53621000,
        "ebitda": -152904000,
        "ebitdaratio": -0.7559625044,
        "operatingIncome": -79939000,
        "operatingIncomeRatio": -0.3952210972,
        "totalOtherIncomeExpensesNet": -65587000,
        "incomeBeforeTax": -152265000,
        "incomeBeforeTaxRatio": -0.752803267,
        "incomeTaxExpense": 639000,
        "netIncome": -137846000,
        "netIncomeRatio": -0.6815152474,
        "eps": -6.68,
        "epsdiluted": -6.68,
        "weightedAverageShsOut": 20634125,
        "weightedAverageShsOutDil": 20634125,
        "link": "https://www.sec.gov/Archives/edgar/data/894315/000095012309059375/0000950123-09-059375-index.htm",
        "finalLink": "https://www.sec.gov/Archives/edgar/data/894315/000095012309059375/l37774e10vq.htm"
    },
    {
        "date": "2009-06-30",
        "symbol": "SITC",
        "reportedCurrency": "USD",
        "cik": "0000894315",
        "fillingDate": "2009-08-07",
        "acceptedDate": "2009-08-06 21:58:59",
        "calendarYear": "2009",
        "period": "Q2",
        "revenue": 204309000,
        "costOfRevenue": 62963000,
        "grossProfit": 141346000,
        "grossProfitRatio": 0.6918246382,
        "researchAndDevelopmentExpenses": 0,
        "generalAndAdministrativeExpenses": 28412000,
        "sellingAndMarketingExpenses": 0,
        "sellingGeneralAndAdministrativeExpenses": 28412000,
        "otherExpenses": 58641000,
        "operatingExpenses": 87053000,
        "costAndExpenses": 150016000,
        "interestIncome": 3228000,
        "interestExpense": 59962000,
        "depreciationAndAmortization": 58641000,
        "ebitda": -26052000,
        "ebitdaratio": -0.1275127381,
        "operatingIncome": -165703000,
        "operatingIncomeRatio": -0.8110411191,
        "totalOtherIncomeExpensesNet": -34208000,
        "incomeBeforeTax": -199911000,
        "incomeBeforeTaxRatio": -0.9784737824,
        "incomeTaxExpense": 920000,
        "netIncome": -226585000,
        "netIncomeRatio": -1.1090309286,
        "eps": -12.57,
        "epsdiluted": -12.57,
        "weightedAverageShsOut": 18028375,
        "weightedAverageShsOutDil": 18028375,
        "link": "https://www.sec.gov/Archives/edgar/data/894315/000095012309031503/0000950123-09-031503-index.htm",
        "finalLink": "https://www.sec.gov/Archives/edgar/data/894315/000095012309031503/l37000e10vq.htm"
    },
    {
        "date": "2009-03-31",
        "symbol": "SITC",
        "reportedCurrency": "USD",
        "cik": "0000894315",
        "fillingDate": "2009-05-11",
        "acceptedDate": "2009-05-08 19:00:01",
        "calendarYear": "2009",
        "period": "Q1",
        "revenue": 219766000,
        "costOfRevenue": 65368000,
        "grossProfit": 154398000,
        "grossProfitRatio": 0.7025563554,
        "researchAndDevelopmentExpenses": 0,
        "generalAndAdministrativeExpenses": 19171000,
        "sellingAndMarketingExpenses": 0,
        "sellingGeneralAndAdministrativeExpenses": 19171000,
        "otherExpenses": 62941000,
        "operatingExpenses": 82112000,
        "costAndExpenses": 147480000,
        "interestIncome": 3029000,
        "interestExpense": 60834000,
        "depreciationAndAmortization": 62941000,
        "ebitda": 138607000,
        "ebitdaratio": 0.6307026565,
        "operatingIncome": 147210000,
        "operatingIncomeRatio": 0.6698488392,
        "totalOtherIncomeExpensesNet": -73518000,
        "incomeBeforeTax": 71968000,
        "incomeBeforeTaxRatio": 0.3274755877,
        "incomeTaxExpense": -1025000,
        "netIncome": 87401000,
        "netIncomeRatio": 0.3977002812,
        "eps": 4.72,
        "epsdiluted": 4.72,
        "weightedAverageShsOut": 16060625,
        "weightedAverageShsOutDil": 16210500,
        "link": "https://www.sec.gov/Archives/edgar/data/894315/000095015209005016/0000950152-09-005016-index.htm",
        "finalLink": "https://www.sec.gov/Archives/edgar/data/894315/000095015209005016/l36175ae10vq.htm"
    },
    {
        "date": "2008-12-31",
        "symbol": "SITC",
        "reportedCurrency": "USD",
        "cik": "0000894315",
        "fillingDate": "2009-02-27",
        "acceptedDate": "2009-02-27 17:23:42",
        "calendarYear": "2008",
        "period": "Q4",
        "revenue": 228180000,
        "costOfRevenue": 150607000,
        "grossProfit": 77573000,
        "grossProfitRatio": 0.3399640635,
        "researchAndDevelopmentExpenses": 0,
        "generalAndAdministrativeExpenses": 36112000,
        "sellingAndMarketingExpenses": 0,
        "sellingGeneralAndAdministrativeExpenses": 36112000,
        "otherExpenses": -264465000,
        "operatingExpenses": 16881000,
        "costAndExpenses": 167488000,
        "interestIncome": 5473000,
        "interestExpense": 61430000,
        "depreciationAndAmortization": 64488000,
        "ebitda": -55149000,
        "ebitdaratio": -0.2416907704,
        "operatingIncome": -118212000,
        "operatingIncomeRatio": -0.5180646858,
        "totalOtherIncomeExpensesNet": -43232000,
        "incomeBeforeTax": -179642000,
        "incomeBeforeTaxRatio": -0.7872819704,
        "incomeTaxExpense": 179642000,
        "netIncome": -179642000,
        "netIncomeRatio": -0.7872819704,
        "eps": -10.73,
        "epsdiluted": -10.73,
        "weightedAverageShsOut": 16735548,
        "weightedAverageShsOutDil": 16745533,
        "link": "https://www.sec.gov/Archives/edgar/data/894315/000095015209001977/0000950152-09-001977-index.htm",
        "finalLink": "https://www.sec.gov/Archives/edgar/data/894315/000095015209001977/l35487ae10vk.htm"
    },
    {
        "date": "2008-09-30",
        "symbol": "SITC",
        "reportedCurrency": "USD",
        "cik": "0000894315",
        "fillingDate": "2008-11-07",
        "acceptedDate": "2008-11-07 14:37:19",
        "calendarYear": "2008",
        "period": "Q3",
        "revenue": 233913000,
        "costOfRevenue": 35992000,
        "grossProfit": 197921000,
        "grossProfitRatio": 0.8461308264,
        "researchAndDevelopmentExpenses": 0,
        "generalAndAdministrativeExpenses": 19560000,
        "sellingAndMarketingExpenses": 0,
        "sellingGeneralAndAdministrativeExpenses": 19560000,
        "otherExpenses": 91704000,
        "operatingExpenses": 147256000,
        "costAndExpenses": 147256000,
        "interestIncome": 1663000,
        "interestExpense": 60651000,
        "depreciationAndAmortization": 63297000,
        "ebitda": 138638000,
        "ebitdaratio": 0.5926904447,
        "operatingIncome": 82752000,
        "operatingIncomeRatio": 0.3537725565,
        "totalOtherIncomeExpensesNet": -64931000,
        "incomeBeforeTax": 20810000,
        "incomeBeforeTaxRatio": 0.0889647006,
        "incomeTaxExpense": -16414000,
        "netIncome": 38515000,
        "netIncomeRatio": 0.1646552351,
        "eps": 2.29,
        "epsdiluted": 2.29,
        "weightedAverageShsOut": 16851348,
        "weightedAverageShsOutDil": 16851348,
        "link": "https://www.sec.gov/Archives/edgar/data/894315/000095015208008941/0000950152-08-008941-index.htm",
        "finalLink": "https://www.sec.gov/Archives/edgar/data/894315/000095015208008941/l34257ae10vq.htm"
    },
    {
        "date": "2008-06-30",
        "symbol": "SITC",
        "reportedCurrency": "USD",
        "cik": "0000894315",
        "fillingDate": "2008-08-11",
        "acceptedDate": "2008-08-11 16:36:32",
        "calendarYear": "2008",
        "period": "Q2",
        "revenue": 232706000,
        "costOfRevenue": 34985000,
        "grossProfit": 197721000,
        "grossProfitRatio": 0.8496600861,
        "researchAndDevelopmentExpenses": 0,
        "generalAndAdministrativeExpenses": 21333000,
        "sellingAndMarketingExpenses": 0,
        "sellingGeneralAndAdministrativeExpenses": 21333000,
        "otherExpenses": 87947000,
        "operatingExpenses": 109280000,
        "costAndExpenses": 144265000,
        "interestIncome": 547000,
        "interestExpense": 61174000,
        "depreciationAndAmortization": 59809000,
        "ebitda": 154244000,
        "ebitdaratio": 0.6628277741,
        "operatingIncome": 101408000,
        "operatingIncomeRatio": 0.4357773328,
        "totalOtherIncomeExpensesNet": -49162000,
        "incomeBeforeTax": 40472000,
        "incomeBeforeTaxRatio": 0.1739190223,
        "incomeTaxExpense": 307000,
        "netIncome": 39927000,
        "netIncomeRatio": 0.1715770113,
        "eps": 2.68,
        "epsdiluted": 2.65,
        "weightedAverageShsOut": 14923750,
        "weightedAverageShsOutDil": 15042750,
        "link": "https://www.sec.gov/Archives/edgar/data/894315/000095015208006348/0000950152-08-006348-index.htm",
        "finalLink": "https://www.sec.gov/Archives/edgar/data/894315/000095015208006348/l32618ae10vq.htm"
    },
    {
        "date": "2008-03-31",
        "symbol": "SITC",
        "reportedCurrency": "USD",
        "cik": "0000894315",
        "fillingDate": "2008-05-12",
        "acceptedDate": "2008-05-12 13:50:50",
        "calendarYear": "2008",
        "period": "Q1",
        "revenue": 241896000,
        "costOfRevenue": 36869000,
        "grossProfit": 205027000,
        "grossProfitRatio": 0.8475832589,
        "researchAndDevelopmentExpenses": 0,
        "generalAndAdministrativeExpenses": 20715000,
        "sellingAndMarketingExpenses": 0,
        "sellingGeneralAndAdministrativeExpenses": 20715000,
        "otherExpenses": 84814000,
        "operatingExpenses": 105529000,
        "costAndExpenses": 142398000,
        "interestIncome": 574000,
        "interestExpense": 62214000,
        "depreciationAndAmortization": 57139000,
        "ebitda": 160153000,
        "ebitdaratio": 0.6620737838,
        "operatingIncome": 106683000,
        "operatingIncomeRatio": 0.4410283758,
        "totalOtherIncomeExpensesNet": -56940000,
        "incomeBeforeTax": 42386000,
        "incomeBeforeTaxRatio": 0.1752240632,
        "incomeTaxExpense": 1045000,
        "netIncome": 43424000,
        "netIncomeRatio": 0.1795151635,
        "eps": 2.8,
        "epsdiluted": 2.8,
        "weightedAverageShsOut": 15491622,
        "weightedAverageShsOutDil": 15491622,
        "link": "https://www.sec.gov/Archives/edgar/data/894315/000095015208003825/0000950152-08-003825-index.htm",
        "finalLink": "https://www.sec.gov/Archives/edgar/data/894315/000095015208003825/l31374ae10vq.htm"
    },
    {
        "date": "2007-12-31",
        "symbol": "SITC",
        "reportedCurrency": "USD",
        "cik": "0000894315",
        "fillingDate": "2008-02-29",
        "acceptedDate": "2008-02-29 13:26:19",
        "calendarYear": "2007",
        "period": "Q4",
        "revenue": 238531000,
        "costOfRevenue": 37874000,
        "grossProfit": 200657000,
        "grossProfitRatio": 0.8412197995,
        "researchAndDevelopmentExpenses": 0,
        "generalAndAdministrativeExpenses": 20940000,
        "sellingAndMarketingExpenses": 0,
        "sellingGeneralAndAdministrativeExpenses": 20940000,
        "otherExpenses": 81938000,
        "operatingExpenses": 102878000,
        "costAndExpenses": 140752000,
        "interestIncome": 0,
        "interestExpense": 0,
        "depreciationAndAmortization": 55905000,
        "ebitda": 153684000,
        "ebitdaratio": 0.6442936138,
        "operatingIncome": 43436000,
        "operatingIncomeRatio": 0.1820979244,
        "totalOtherIncomeExpensesNet": -56288000,
        "incomeBeforeTax": 41491000,
        "incomeBeforeTaxRatio": 0.173943848,
        "incomeTaxExpense": 645000,
        "netIncome": 42791000,
        "netIncomeRatio": 0.1793938733,
        "eps": 2.65,
        "epsdiluted": 2.65,
        "weightedAverageShsOut": 16127520,
        "weightedAverageShsOutDil": 16170372,
        "link": "https://www.sec.gov/Archives/edgar/data/894315/000095015208001552/0000950152-08-001552-index.htm",
        "finalLink": "https://www.sec.gov/Archives/edgar/data/894315/000095015208001552/l29656ae10vk.htm"
    },
    {
        "date": "2007-09-30",
        "symbol": "SITC",
        "reportedCurrency": "USD",
        "cik": "0000894315",
        "fillingDate": "2007-11-09",
        "acceptedDate": "2007-11-09 15:54:56",
        "calendarYear": "2007",
        "period": "Q3",
        "revenue": 234061000,
        "costOfRevenue": 33270000,
        "grossProfit": 200791000,
        "grossProfitRatio": 0.857857567,
        "researchAndDevelopmentExpenses": 0,
        "generalAndAdministrativeExpenses": 19626000,
        "sellingAndMarketingExpenses": 0,
        "sellingGeneralAndAdministrativeExpenses": 19626000,
        "otherExpenses": 83337000,
        "operatingExpenses": 102963000,
        "costAndExpenses": 136233000,
        "interestIncome": 0,
        "interestExpense": 61666000,
        "depreciationAndAmortization": 56565000,
        "ebitda": 152809000,
        "ebitdaratio": 0.6528597246,
        "operatingIncome": 43767000,
        "operatingIncomeRatio": 0.1869897164,
        "totalOtherIncomeExpensesNet": -3090000,
        "incomeBeforeTax": 40677000,
        "incomeBeforeTaxRatio": 0.1737880296,
        "incomeTaxExpense": 484000,
        "netIncome": 43283000,
        "netIncomeRatio": 0.1849218793,
        "eps": 1.95,
        "epsdiluted": 1.87,
        "weightedAverageShsOut": 16803826,
        "weightedAverageShsOutDil": 17450127,
        "link": "https://www.sec.gov/Archives/edgar/data/894315/000095015207008853/0000950152-07-008853-index.htm",
        "finalLink": "https://www.sec.gov/Archives/edgar/data/894315/000095015207008853/l28353ae10vq.htm"
    },
    {
        "date": "2007-06-30",
        "symbol": "SITC",
        "reportedCurrency": "USD",
        "cik": "0000894315",
        "fillingDate": "2007-08-09",
        "acceptedDate": "2007-08-09 14:47:17",
        "calendarYear": "2007",
        "period": "Q2",
        "revenue": 255428000,
        "costOfRevenue": 0,
        "grossProfit": 255428000,
        "grossProfitRatio": 1,
        "researchAndDevelopmentExpenses": 0,
        "generalAndAdministrativeExpenses": 19161000,
        "sellingAndMarketingExpenses": 0,
        "sellingGeneralAndAdministrativeExpenses": 19161000,
        "otherExpenses": 120635000,
        "operatingExpenses": 139796000,
        "costAndExpenses": 139796000,
        "interestIncome": 0,
        "interestExpense": 73554000,
        "depreciationAndAmortization": 54772000,
        "ebitda": 170629000,
        "ebitdaratio": 0.6680121208,
        "operatingIncome": 126728000,
        "operatingIncomeRatio": 0.4961398124,
        "totalOtherIncomeExpensesNet": -49677000,
        "incomeBeforeTax": 65047000,
        "incomeBeforeTaxRatio": 0.2546588471,
        "incomeTaxExpense": -709000,
        "netIncome": 127437000,
        "netIncomeRatio": 0.4989155457,
        "eps": 6.49,
        "epsdiluted": 6.42,
        "weightedAverageShsOut": 17169888,
        "weightedAverageShsOutDil": 17362808,
        "link": "https://www.sec.gov/Archives/edgar/data/894315/000095015207006651/0000950152-07-006651-index.htm",
        "finalLink": "https://www.sec.gov/Archives/edgar/data/894315/000095015207006651/l27074ae10vq.htm"
    },
    {
        "date": "2007-03-31",
        "symbol": "SITC",
        "reportedCurrency": "USD",
        "cik": "0000894315",
        "fillingDate": "2007-05-10",
        "acceptedDate": "2007-05-10 14:36:45",
        "calendarYear": "2007",
        "period": "Q1",
        "revenue": 230379000,
        "costOfRevenue": 0,
        "grossProfit": 230379000,
        "grossProfitRatio": 1,
        "researchAndDevelopmentExpenses": 0,
        "generalAndAdministrativeExpenses": 21518000,
        "sellingAndMarketingExpenses": 0,
        "sellingGeneralAndAdministrativeExpenses": 21518000,
        "otherExpenses": 110707000,
        "operatingExpenses": 132225000,
        "costAndExpenses": 132225000,
        "interestIncome": 0,
        "interestExpense": 60471000,
        "depreciationAndAmortization": 54444000,
        "ebitda": 148274000,
        "ebitdaratio": 0.6436090095,
        "operatingIncome": 47483000,
        "operatingIncomeRatio": 0.2061081956,
        "totalOtherIncomeExpensesNet": -56572000,
        "incomeBeforeTax": 44355000,
        "incomeBeforeTaxRatio": 0.1925305692,
        "incomeTaxExpense": -15053000,
        "netIncome": 62536000,
        "netIncomeRatio": 0.2714483525,
        "eps": 3.03,
        "epsdiluted": 3.03,
        "weightedAverageShsOut": 16094727,
        "weightedAverageShsOutDil": 16094727,
        "link": "https://www.sec.gov/Archives/edgar/data/894315/000095015207004263/0000950152-07-004263-index.htm",
        "finalLink": "https://www.sec.gov/Archives/edgar/data/894315/000095015207004263/l25860ae10vq.htm"
    },
    {
        "date": "2006-12-31",
        "symbol": "SITC",
        "reportedCurrency": "USD",
        "cik": "0000894315",
        "fillingDate": "2007-02-21",
        "acceptedDate": "2007-02-21 16:51:35",
        "calendarYear": "2006",
        "period": "Q4",
        "revenue": 211756000,
        "costOfRevenue": 0,
        "grossProfit": 211756000,
        "grossProfitRatio": 1,
        "researchAndDevelopmentExpenses": 0,
        "generalAndAdministrativeExpenses": 14874000,
        "sellingAndMarketingExpenses": 0,
        "sellingGeneralAndAdministrativeExpenses": 14874000,
        "otherExpenses": 104558000,
        "operatingExpenses": 119432000,
        "costAndExpenses": 119432000,
        "interestIncome": 0,
        "interestExpense": 0,
        "depreciationAndAmortization": 48910000,
        "ebitda": 141234000,
        "ebitdaratio": 0.666965753,
        "operatingIncome": 56862000,
        "operatingIncomeRatio": 0.2685260394,
        "totalOtherIncomeExpensesNet": -48715000,
        "incomeBeforeTax": 43609000,
        "incomeBeforeTaxRatio": 0.2059398553,
        "incomeTaxExpense": -5127000,
        "netIncome": 61989000,
        "netIncomeRatio": 0.2927378681,
        "eps": 4.11,
        "epsdiluted": 4.09,
        "weightedAverageShsOut": 15100567,
        "weightedAverageShsOutDil": 15142264,
        "link": "https://www.sec.gov/Archives/edgar/data/894315/000095015207001346/0000950152-07-001346-index.htm",
        "finalLink": "https://www.sec.gov/Archives/edgar/data/894315/000095015207001346/l24241ae10vk.htm"
    },
    {
        "date": "2006-09-30",
        "symbol": "SITC",
        "reportedCurrency": "USD",
        "cik": "0000894315",
        "fillingDate": "2006-11-09",
        "acceptedDate": "2006-11-09 15:51:57",
        "calendarYear": "2006",
        "period": "Q3",
        "revenue": 205606000,
        "costOfRevenue": 3600,
        "grossProfit": 205602400,
        "grossProfitRatio": 0.9999824908,
        "researchAndDevelopmentExpenses": 0,
        "generalAndAdministrativeExpenses": 14974000,
        "sellingAndMarketingExpenses": 0,
        "sellingGeneralAndAdministrativeExpenses": 14974000,
        "otherExpenses": 102117000,
        "operatingExpenses": 117091000,
        "costAndExpenses": 117091000,
        "interestIncome": 0,
        "interestExpense": 0,
        "depreciationAndAmortization": 48835000,
        "ebitda": 129146000,
        "ebitdaratio": 0.6281236929,
        "operatingIncome": 63127000,
        "operatingIncomeRatio": 0.3070289778,
        "totalOtherIncomeExpensesNet": 1968000,
        "incomeBeforeTax": 47396000,
        "incomeBeforeTaxRatio": 0.2305185646,
        "incomeTaxExpense": 315000,
        "netIncome": 62812000,
        "netIncomeRatio": 0.3054969213,
        "eps": 3.24,
        "epsdiluted": 3.24,
        "weightedAverageShsOut": 15106802,
        "weightedAverageShsOutDil": 15106802,
        "link": "https://www.sec.gov/Archives/edgar/data/894315/000095015206009133/0000950152-06-009133-index.htm",
        "finalLink": "https://www.sec.gov/Archives/edgar/data/894315/000095015206009133/l22661ae10vq.htm"
    },
    {
        "date": "2006-06-30",
        "symbol": "SITC",
        "reportedCurrency": "USD",
        "cik": "0000894315",
        "fillingDate": "2006-08-09",
        "acceptedDate": "2006-08-09 11:07:40",
        "calendarYear": "2006",
        "period": "Q2",
        "revenue": 200122000,
        "costOfRevenue": 0,
        "grossProfit": 200122000,
        "grossProfitRatio": 1,
        "researchAndDevelopmentExpenses": 0,
        "generalAndAdministrativeExpenses": 15422000,
        "sellingAndMarketingExpenses": 0,
        "sellingGeneralAndAdministrativeExpenses": 15422000,
        "otherExpenses": 99554000,
        "operatingExpenses": 114976000,
        "costAndExpenses": 114976000,
        "interestIncome": 0,
        "interestExpense": 0,
        "depreciationAndAmortization": 47969000,
        "ebitda": 124652000,
        "ebitdaratio": 0.6228800432,
        "operatingIncome": 75956000,
        "operatingIncomeRatio": 0.3795484754,
        "totalOtherIncomeExpensesNet": -3540000,
        "incomeBeforeTax": 37966000,
        "incomeBeforeTaxRatio": 0.1897142743,
        "incomeTaxExpense": -2779000,
        "netIncome": 78735000,
        "netIncomeRatio": 0.3934350046,
        "eps": 4.25,
        "epsdiluted": 4.25,
        "weightedAverageShsOut": 15264834,
        "weightedAverageShsOutDil": 15264834,
        "link": "https://www.sec.gov/Archives/edgar/data/894315/000095015206006740/0000950152-06-006740-index.htm",
        "finalLink": "https://www.sec.gov/Archives/edgar/data/894315/000095015206006740/l21345ae10vq.htm"
    },
    {
        "date": "2006-03-31",
        "symbol": "SITC",
        "reportedCurrency": "USD",
        "cik": "0000894315",
        "fillingDate": "2006-05-10",
        "acceptedDate": "2006-05-10 12:31:14",
        "calendarYear": "2006",
        "period": "Q1",
        "revenue": 202526000,
        "costOfRevenue": 0,
        "grossProfit": 202526000,
        "grossProfitRatio": 1,
        "researchAndDevelopmentExpenses": 0,
        "generalAndAdministrativeExpenses": 15410000,
        "sellingAndMarketingExpenses": 0,
        "sellingGeneralAndAdministrativeExpenses": 15410000,
        "otherExpenses": 95981000,
        "operatingExpenses": 111391000,
        "costAndExpenses": 111391000,
        "interestIncome": 0,
        "interestExpense": 0,
        "depreciationAndAmortization": 46943000,
        "ebitda": 135503000,
        "ebitdaratio": 0.6690647127,
        "operatingIncome": 50176000,
        "operatingIncomeRatio": 0.2477509061,
        "totalOtherIncomeExpensesNet": -6102000,
        "incomeBeforeTax": 45225000,
        "incomeBeforeTaxRatio": 0.2233046621,
        "incomeTaxExpense": 449000,
        "netIncome": 49727000,
        "netIncomeRatio": 0.2455339068,
        "eps": 3.29,
        "epsdiluted": 3.29,
        "weightedAverageShsOut": 15101339,
        "weightedAverageShsOutDil": 15101339,
        "link": "https://www.sec.gov/Archives/edgar/data/894315/000095015206004215/0000950152-06-004215-index.htm",
        "finalLink": "https://www.sec.gov/Archives/edgar/data/894315/000095015206004215/l19176ae10vq.htm"
    },
    {
        "date": "2005-12-31",
        "symbol": "SITC",
        "reportedCurrency": "USD",
        "cik": "0000894315",
        "fillingDate": "2006-03-02",
        "acceptedDate": "2006-03-01 18:54:05",
        "calendarYear": "2005",
        "period": "Q4",
        "revenue": 196851000,
        "costOfRevenue": 0,
        "grossProfit": 196851000,
        "grossProfitRatio": 1,
        "researchAndDevelopmentExpenses": 0,
        "generalAndAdministrativeExpenses": 13860000,
        "sellingAndMarketingExpenses": 0,
        "sellingGeneralAndAdministrativeExpenses": 13860000,
        "otherExpenses": 98703000,
        "operatingExpenses": 112563000,
        "costAndExpenses": 112563000,
        "interestIncome": 0,
        "interestExpense": 0,
        "depreciationAndAmortization": 47547000,
        "ebitda": 131835000,
        "ebitdaratio": 0.6697197373,
        "operatingIncome": 48648000,
        "operatingIncomeRatio": 0.2471310788,
        "totalOtherIncomeExpensesNet": -38027000,
        "incomeBeforeTax": 46261000,
        "incomeBeforeTaxRatio": 0.2350051562,
        "incomeTaxExpense": -213000,
        "netIncome": 48861000,
        "netIncomeRatio": 0.2482131155,
        "eps": 3.26,
        "epsdiluted": 3.24,
        "weightedAverageShsOut": 15006879,
        "weightedAverageShsOutDil": 15079100,
        "link": "https://www.sec.gov/Archives/edgar/data/894315/000095015206001617/0000950152-06-001617-index.htm",
        "finalLink": "https://www.sec.gov/Archives/edgar/data/894315/000095015206001617/l17858ae10vk.htm"
    },
    {
        "date": "2005-09-30",
        "symbol": "SITC",
        "reportedCurrency": "USD",
        "cik": "0000894315",
        "fillingDate": "2005-11-09",
        "acceptedDate": "2005-11-09 10:46:23",
        "calendarYear": "2005",
        "period": "Q3",
        "revenue": 181072000,
        "costOfRevenue": 0,
        "grossProfit": 181072000,
        "grossProfitRatio": 1,
        "researchAndDevelopmentExpenses": 0,
        "generalAndAdministrativeExpenses": 14146000,
        "sellingAndMarketingExpenses": 0,
        "sellingGeneralAndAdministrativeExpenses": 14146000,
        "otherExpenses": 84762000,
        "operatingExpenses": 98908000,
        "costAndExpenses": 98908000,
        "interestIncome": 0,
        "interestExpense": 0,
        "depreciationAndAmortization": 39965000,
        "ebitda": 121026000,
        "ebitdaratio": 0.6683860564,
        "operatingIncome": 60287000,
        "operatingIncomeRatio": 0.3329449059,
        "totalOtherIncomeExpensesNet": -32980000,
        "incomeBeforeTax": 48939000,
        "incomeBeforeTaxRatio": 0.2702737033,
        "incomeTaxExpense": 10000,
        "netIncome": 60277000,
        "netIncomeRatio": 0.3328896792,
        "eps": 3.1,
        "epsdiluted": 3.1,
        "weightedAverageShsOut": 14991881,
        "weightedAverageShsOutDil": 14991881,
        "link": "https://www.sec.gov/Archives/edgar/data/894315/000095015205008983/0000950152-05-008983-index.htm",
        "finalLink": "https://www.sec.gov/Archives/edgar/data/894315/000095015205008983/l16627ae10vq.htm"
    },
    {
        "date": "2005-06-30",
        "symbol": "SITC",
        "reportedCurrency": "USD",
        "cik": "0000894315",
        "fillingDate": "2005-08-09",
        "acceptedDate": "2005-08-09 14:11:01",
        "calendarYear": "2005",
        "period": "Q2",
        "revenue": 183177000,
        "costOfRevenue": 0,
        "grossProfit": 183177000,
        "grossProfitRatio": 1,
        "researchAndDevelopmentExpenses": 0,
        "generalAndAdministrativeExpenses": 12964000,
        "sellingAndMarketingExpenses": 0,
        "sellingGeneralAndAdministrativeExpenses": 12964000,
        "otherExpenses": 86134000,
        "operatingExpenses": 99098000,
        "costAndExpenses": 99098000,
        "interestIncome": 0,
        "interestExpense": 0,
        "depreciationAndAmortization": 39620000,
        "ebitda": 119785000,
        "ebitdaratio": 0.6539303515,
        "operatingIncome": 68352000,
        "operatingIncomeRatio": 0.3731472838,
        "totalOtherIncomeExpensesNet": -34698000,
        "incomeBeforeTax": 47721000,
        "incomeBeforeTaxRatio": 0.2605185149,
        "incomeTaxExpense": 398000,
        "netIncome": 67954000,
        "netIncomeRatio": 0.3709745219,
        "eps": 3.61,
        "epsdiluted": 3.61,
        "weightedAverageShsOut": 15022300,
        "weightedAverageShsOutDil": 15022300,
        "link": "https://www.sec.gov/Archives/edgar/data/894315/000095015205006762/0000950152-05-006762-index.htm",
        "finalLink": "https://www.sec.gov/Archives/edgar/data/894315/000095015205006762/l14979ae10vq.htm"
    },
    {
        "date": "2005-03-31",
        "symbol": "SITC",
        "reportedCurrency": "USD",
        "cik": "0000894315",
        "fillingDate": "2005-05-10",
        "acceptedDate": "2005-05-10 15:37:33",
        "calendarYear": "2005",
        "period": "Q1",
        "revenue": 179048000,
        "costOfRevenue": 0,
        "grossProfit": 179048000,
        "grossProfitRatio": 1,
        "researchAndDevelopmentExpenses": 0,
        "generalAndAdministrativeExpenses": 13643000,
        "sellingAndMarketingExpenses": 0,
        "sellingGeneralAndAdministrativeExpenses": 13643000,
        "otherExpenses": 88196000,
        "operatingExpenses": 101839000,
        "costAndExpenses": 101839000,
        "interestIncome": 0,
        "interestExpense": 0,
        "depreciationAndAmortization": 41397000,
        "ebitda": 114488000,
        "ebitdaratio": 0.6394262991,
        "operatingIncome": 105717000,
        "operatingIncomeRatio": 0.5904394352,
        "totalOtherIncomeExpensesNet": -33744000,
        "incomeBeforeTax": 42464000,
        "incomeBeforeTaxRatio": 0.2371654528,
        "incomeTaxExpense": 167000,
        "netIncome": 105550000,
        "netIncomeRatio": 0.5895067245,
        "eps": 6.13,
        "epsdiluted": 6.06,
        "weightedAverageShsOut": 14970515,
        "weightedAverageShsOutDil": 15148736,
        "link": "https://www.sec.gov/Archives/edgar/data/894315/000095015205004254/0000950152-05-004254-index.htm",
        "finalLink": "https://www.sec.gov/Archives/edgar/data/894315/000095015205004254/l13299ae10vq.htm"
    },
    {
        "date": "2004-12-31",
        "symbol": "SITC",
        "reportedCurrency": "USD",
        "cik": "0000894315",
        "fillingDate": "2005-03-16",
        "acceptedDate": "2005-03-16 16:21:14",
        "calendarYear": "2004",
        "period": "Q4",
        "revenue": 161543000,
        "costOfRevenue": 0,
        "grossProfit": 161543000,
        "grossProfitRatio": 1,
        "researchAndDevelopmentExpenses": 0,
        "generalAndAdministrativeExpenses": 14146000,
        "sellingAndMarketingExpenses": 0,
        "sellingGeneralAndAdministrativeExpenses": 14146000,
        "otherExpenses": 78158000,
        "operatingExpenses": 92304000,
        "costAndExpenses": 92304000,
        "interestIncome": 0,
        "interestExpense": 0,
        "depreciationAndAmortization": 37241000,
        "ebitda": 106480000,
        "ebitdaratio": 0.659143386,
        "operatingIncome": 87060000,
        "operatingIncomeRatio": 0.5389277158,
        "totalOtherIncomeExpensesNet": -27300000,
        "incomeBeforeTax": 41939000,
        "incomeBeforeTaxRatio": 0.259615087,
        "incomeTaxExpense": -788000,
        "netIncome": 87848000,
        "netIncomeRatio": 0.543805674,
        "eps": 6.2,
        "epsdiluted": 6.12,
        "weightedAverageShsOut": 14176566,
        "weightedAverageShsOutDil": 14355292,
        "link": "https://www.sec.gov/Archives/edgar/data/894315/000095015205002220/0000950152-05-002220-index.htm",
        "finalLink": "https://www.sec.gov/Archives/edgar/data/894315/000095015205002220/l11783ae10vk.htm"
    },
    {
        "date": "2004-09-30",
        "symbol": "SITC",
        "reportedCurrency": "USD",
        "cik": "0000894315",
        "fillingDate": "2004-11-09",
        "acceptedDate": "2004-11-09 13:23:09",
        "calendarYear": "2004",
        "period": "Q3",
        "revenue": 165099000,
        "costOfRevenue": 0,
        "grossProfit": 165099000,
        "grossProfitRatio": 1,
        "researchAndDevelopmentExpenses": 0,
        "generalAndAdministrativeExpenses": 11486000,
        "sellingAndMarketingExpenses": 0,
        "sellingGeneralAndAdministrativeExpenses": 11486000,
        "otherExpenses": 78503000,
        "operatingExpenses": 89989000,
        "costAndExpenses": 89989000,
        "interestIncome": 0,
        "interestExpense": 0,
        "depreciationAndAmortization": 37561000,
        "ebitda": 109311000,
        "ebitdaratio": 0.6620936529,
        "operatingIncome": 45681000,
        "operatingIncomeRatio": 0.2766885323,
        "totalOtherIncomeExpensesNet": -31083000,
        "incomeBeforeTax": 44102000,
        "incomeBeforeTaxRatio": 0.2671245737,
        "incomeTaxExpense": 1365000,
        "netIncome": 44316000,
        "netIncomeRatio": 0.2684207657,
        "eps": 3.14,
        "epsdiluted": 3.14,
        "weightedAverageShsOut": 14110160,
        "weightedAverageShsOutDil": 14110160,
        "link": "https://www.sec.gov/Archives/edgar/data/894315/000095015204008092/0000950152-04-008092-index.htm",
        "finalLink": "https://www.sec.gov/Archives/edgar/data/894315/000095015204008092/l09942ae10vq.htm"
    },
    {
        "date": "2004-06-30",
        "symbol": "SITC",
        "reportedCurrency": "USD",
        "cik": "0000894315",
        "fillingDate": "2004-08-09",
        "acceptedDate": "2004-08-09 15:31:52",
        "calendarYear": "2004",
        "period": "Q2",
        "revenue": 148725000,
        "costOfRevenue": 0,
        "grossProfit": 148725000,
        "grossProfitRatio": 1,
        "researchAndDevelopmentExpenses": 0,
        "generalAndAdministrativeExpenses": 11050000,
        "sellingAndMarketingExpenses": 0,
        "sellingGeneralAndAdministrativeExpenses": 11050000,
        "otherExpenses": 67881000,
        "operatingExpenses": 78931000,
        "costAndExpenses": 78931000,
        "interestIncome": 0,
        "interestExpense": 0,
        "depreciationAndAmortization": 31930000,
        "ebitda": 100762000,
        "ebitdaratio": 0.6775054631,
        "operatingIncome": 87033000,
        "operatingIncomeRatio": 0.5851941503,
        "totalOtherIncomeExpensesNet": -22542000,
        "incomeBeforeTax": 47001000,
        "incomeBeforeTaxRatio": 0.3160262229,
        "incomeTaxExpense": 221000,
        "netIncome": 86812000,
        "netIncomeRatio": 0.5837081862,
        "eps": 5.62,
        "epsdiluted": 5.55,
        "weightedAverageShsOut": 13209206,
        "weightedAverageShsOutDil": 13380755,
        "link": "https://www.sec.gov/Archives/edgar/data/894315/000095015204006040/0000950152-04-006040-index.htm",
        "finalLink": "https://www.sec.gov/Archives/edgar/data/894315/000095015204006040/l08614ae10vq.htm"
    },
    {
        "date": "2004-03-31",
        "symbol": "SITC",
        "reportedCurrency": "USD",
        "cik": "0000894315",
        "fillingDate": "2004-05-10",
        "acceptedDate": "2004-05-10 14:44:02",
        "calendarYear": "2004",
        "period": "Q1",
        "revenue": 126329000,
        "costOfRevenue": 0,
        "grossProfit": 126329000,
        "grossProfitRatio": 1,
        "researchAndDevelopmentExpenses": 0,
        "generalAndAdministrativeExpenses": 10444000,
        "sellingAndMarketingExpenses": 0,
        "sellingGeneralAndAdministrativeExpenses": 10444000,
        "otherExpenses": 115895000,
        "operatingExpenses": 126339000,
        "costAndExpenses": 126339000,
        "interestIncome": 0,
        "interestExpense": 0,
        "depreciationAndAmortization": 25101000,
        "ebitda": 81374000,
        "ebitdaratio": 0.6441434667,
        "operatingIncome": 51457000,
        "operatingIncomeRatio": 0.4073253172,
        "totalOtherIncomeExpensesNet": -5149000,
        "incomeBeforeTax": 51936000,
        "incomeBeforeTaxRatio": 0.411117004,
        "incomeTaxExpense": 671000,
        "netIncome": 50786000,
        "netIncomeRatio": 0.4020137894,
        "eps": 3.39,
        "epsdiluted": 3.32,
        "weightedAverageShsOut": 11856198,
        "weightedAverageShsOutDil": 12113941,
        "link": "https://www.sec.gov/Archives/edgar/data/894315/000095015204003806/0000950152-04-003806-index.htm",
        "finalLink": "https://www.sec.gov/Archives/edgar/data/894315/000095015204003806/l06866ae10vq.htm"
    },
    {
        "date": "2003-12-31",
        "symbol": "SITC",
        "reportedCurrency": "USD",
        "cik": "0000894315",
        "fillingDate": "2004-03-15",
        "acceptedDate": "2004-03-15 12:21:10",
        "calendarYear": "2003",
        "period": "Q4",
        "revenue": 125574000,
        "costOfRevenue": 0,
        "grossProfit": 125574000,
        "grossProfitRatio": 1,
        "researchAndDevelopmentExpenses": 0,
        "generalAndAdministrativeExpenses": 12819000,
        "sellingAndMarketingExpenses": 0,
        "sellingGeneralAndAdministrativeExpenses": 12819000,
        "otherExpenses": 114751000,
        "operatingExpenses": 127570000,
        "costAndExpenses": 127570000,
        "interestIncome": 119671000,
        "interestExpense": 91486000,
        "depreciationAndAmortization": 25536000,
        "ebitda": 23540000,
        "ebitdaratio": 0.1874591874,
        "operatingIncome": 91486000,
        "operatingIncomeRatio": 0.7285425327,
        "totalOtherIncomeExpensesNet": 1996000,
        "incomeBeforeTax": 91486000,
        "incomeBeforeTaxRatio": 0.7285425327,
        "incomeTaxExpense": -91486000,
        "netIncome": 91486000,
        "netIncomeRatio": 0.7285425327,
        "eps": 7.88,
        "epsdiluted": 7.73,
        "weightedAverageShsOut": 11603026,
        "weightedAverageShsOutDil": 11831896,
        "link": "https://www.sec.gov/Archives/edgar/data/894315/000095015204001932/0000950152-04-001932-index.htm",
        "finalLink": "https://www.sec.gov/Archives/edgar/data/894315/000095015204001932/l05623ae10vk.htm"
    },
    {
        "date": "2003-09-30",
        "symbol": "SITC",
        "reportedCurrency": "USD",
        "cik": "0000894315",
        "fillingDate": "2003-11-14",
        "acceptedDate": "2003-11-14 12:55:42",
        "calendarYear": "2003",
        "period": "Q3",
        "revenue": 124177000,
        "costOfRevenue": 0,
        "grossProfit": 124177000,
        "grossProfitRatio": 1,
        "researchAndDevelopmentExpenses": 0,
        "generalAndAdministrativeExpenses": 9088000,
        "sellingAndMarketingExpenses": 0,
        "sellingGeneralAndAdministrativeExpenses": 9088000,
        "otherExpenses": 115030000,
        "operatingExpenses": 124118000,
        "costAndExpenses": 124118000,
        "interestIncome": 0,
        "interestExpense": 0,
        "depreciationAndAmortization": 24760000,
        "ebitda": 82295000,
        "ebitdaratio": 0.6627233707,
        "operatingIncome": 41858000,
        "operatingIncomeRatio": 0.3370833568,
        "totalOtherIncomeExpensesNet": -15324000,
        "incomeBeforeTax": 35174000,
        "incomeBeforeTaxRatio": 0.2832569638,
        "incomeTaxExpense": -130000,
        "netIncome": 41988000,
        "netIncomeRatio": 0.3381302496,
        "eps": 3.58,
        "epsdiluted": 3.46,
        "weightedAverageShsOut": 11727968,
        "weightedAverageShsOutDil": 12146824,
        "link": "https://www.sec.gov/Archives/edgar/data/894315/000095015203009762/0000950152-03-009762-index.htm",
        "finalLink": "https://www.sec.gov/Archives/edgar/data/894315/000095015203009762/l03448ae10vq.htm"
    },
    {
        "date": "2003-06-30",
        "symbol": "SITC",
        "reportedCurrency": "USD",
        "cik": "0000894315",
        "fillingDate": "2003-08-14",
        "acceptedDate": "2003-08-14 14:19:16",
        "calendarYear": "2003",
        "period": "Q2",
        "revenue": 123799000,
        "costOfRevenue": 0,
        "grossProfit": 123799000,
        "grossProfitRatio": 1,
        "researchAndDevelopmentExpenses": 0,
        "generalAndAdministrativeExpenses": 11189000,
        "sellingAndMarketingExpenses": 0,
        "sellingGeneralAndAdministrativeExpenses": 11189000,
        "otherExpenses": 112418000,
        "operatingExpenses": 123607000,
        "costAndExpenses": 123607000,
        "interestIncome": 0,
        "interestExpense": 68402000,
        "depreciationAndAmortization": 24296000,
        "ebitda": 81500000,
        "ebitdaratio": 0.6583251884,
        "operatingIncome": 68402000,
        "operatingIncomeRatio": 0.5525246569,
        "totalOtherIncomeExpensesNet": -15089000,
        "incomeBeforeTax": 68402000,
        "incomeBeforeTaxRatio": 0.5525246569,
        "incomeTaxExpense": -68402000,
        "netIncome": 68402000,
        "netIncomeRatio": 0.5525246569,
        "eps": 4.83,
        "epsdiluted": 4.76,
        "weightedAverageShsOut": 11827070,
        "weightedAverageShsOutDil": 12006268,
        "link": "https://www.sec.gov/Archives/edgar/data/894315/000095015203007725/0000950152-03-007725-index.htm",
        "finalLink": "https://www.sec.gov/Archives/edgar/data/894315/000095015203007725/l01980ae10vq.htm"
    },
    {
        "date": "2003-03-31",
        "symbol": "SITC",
        "reportedCurrency": "USD",
        "cik": "0000894315",
        "fillingDate": "2003-05-15",
        "acceptedDate": "2003-05-15 12:32:16",
        "calendarYear": "2003",
        "period": "Q1",
        "revenue": 103391000,
        "costOfRevenue": 0,
        "grossProfit": 103391000,
        "grossProfitRatio": 1,
        "researchAndDevelopmentExpenses": 0,
        "generalAndAdministrativeExpenses": 7724000,
        "sellingAndMarketingExpenses": 0,
        "sellingGeneralAndAdministrativeExpenses": 7724000,
        "otherExpenses": 83600000,
        "operatingExpenses": 91324000,
        "costAndExpenses": 91324000,
        "interestIncome": 0,
        "interestExpense": 38385000,
        "depreciationAndAmortization": 20038000,
        "ebitda": 20050000,
        "ebitdaratio": 0.1939240359,
        "operatingIncome": 38385000,
        "operatingIncomeRatio": 0.3712605546,
        "totalOtherIncomeExpensesNet": 40914000,
        "incomeBeforeTax": 38385000,
        "incomeBeforeTaxRatio": 0.3712605546,
        "incomeTaxExpense": -38385000,
        "netIncome": 38385000,
        "netIncomeRatio": 0.3712605546,
        "eps": 3.97,
        "epsdiluted": 3.86,
        "weightedAverageShsOut": 9674708,
        "weightedAverageShsOutDil": 9936187,
        "link": "https://www.sec.gov/Archives/edgar/data/894315/000095015203005559/0000950152-03-005559-index.htm",
        "finalLink": "https://www.sec.gov/Archives/edgar/data/894315/000095015203005559/l00232ae10vq.htm"
    },
    {
        "date": "2002-12-31",
        "symbol": "SITC",
        "reportedCurrency": "USD",
        "cik": "0000894315",
        "fillingDate": "2003-03-12",
        "acceptedDate": "2003-03-12 10:41:50",
        "calendarYear": "2002",
        "period": "Q4",
        "revenue": 93206000,
        "costOfRevenue": 0,
        "grossProfit": 93206000,
        "grossProfitRatio": 1,
        "researchAndDevelopmentExpenses": 0,
        "generalAndAdministrativeExpenses": 9380000,
        "sellingAndMarketingExpenses": 0,
        "sellingGeneralAndAdministrativeExpenses": 9380000,
        "otherExpenses": 82692000,
        "operatingExpenses": 92072000,
        "costAndExpenses": 92072000,
        "interestIncome": 86280000,
        "interestExpense": 29618000,
        "depreciationAndAmortization": 20483000,
        "ebitda": 21617000,
        "ebitdaratio": 0.2319271292,
        "operatingIncome": 29618000,
        "operatingIncomeRatio": 0.3177692423,
        "totalOtherIncomeExpensesNet": 28484000,
        "incomeBeforeTax": 29618000,
        "incomeBeforeTaxRatio": 0.3177692423,
        "incomeTaxExpense": -29618000,
        "netIncome": 29618000,
        "netIncomeRatio": 0.3177692423,
        "eps": 3.2,
        "epsdiluted": 3.13,
        "weightedAverageShsOut": 9250156,
        "weightedAverageShsOutDil": 9463378,
        "link": "https://www.sec.gov/Archives/edgar/data/894315/000095015203002826/0000950152-03-002826-index.htm",
        "finalLink": "https://www.sec.gov/Archives/edgar/data/894315/000095015203002826/l99103ae10vk.htm"
    },
    {
        "date": "2002-09-30",
        "symbol": "SITC",
        "reportedCurrency": "USD",
        "cik": "0000894315",
        "fillingDate": "2002-11-14",
        "acceptedDate": "2002-11-14 18:36:12",
        "calendarYear": "2002",
        "period": "Q3",
        "revenue": 92509000,
        "costOfRevenue": 0,
        "grossProfit": 92509000,
        "grossProfitRatio": 1,
        "researchAndDevelopmentExpenses": 0,
        "generalAndAdministrativeExpenses": 6632000,
        "sellingAndMarketingExpenses": 0,
        "sellingGeneralAndAdministrativeExpenses": 6632000,
        "otherExpenses": 85734000,
        "operatingExpenses": 92366000,
        "costAndExpenses": 92366000,
        "interestIncome": 0,
        "interestExpense": 25177000,
        "depreciationAndAmortization": 18617000,
        "ebitda": 136923000,
        "ebitdaratio": 1.4801046385,
        "operatingIncome": 25177000,
        "operatingIncomeRatio": 0.2721573036,
        "totalOtherIncomeExpensesNet": -136923000,
        "incomeBeforeTax": 25177000,
        "incomeBeforeTaxRatio": 0.2721573036,
        "incomeTaxExpense": -25177000,
        "netIncome": 25177000,
        "netIncomeRatio": 0.2721573036,
        "eps": 2.81,
        "epsdiluted": 2.76,
        "weightedAverageShsOut": 8974216,
        "weightedAverageShsOutDil": 9119691,
        "link": "https://www.sec.gov/Archives/edgar/data/894315/000095015202008517/0000950152-02-008517-index.htm",
        "finalLink": "https://www.sec.gov/Archives/edgar/data/894315/000095015202008517/l96881ae10vq.htm"
    },
    {
        "date": "2002-06-30",
        "symbol": "SITC",
        "reportedCurrency": "USD",
        "cik": "0000894315",
        "fillingDate": "2002-08-14",
        "acceptedDate": "2002-08-14 18:15:15",
        "calendarYear": "2002",
        "period": "Q2",
        "revenue": 85797000,
        "costOfRevenue": 0,
        "grossProfit": 85797000,
        "grossProfitRatio": 1,
        "researchAndDevelopmentExpenses": 0,
        "generalAndAdministrativeExpenses": 6893000,
        "sellingAndMarketingExpenses": 0,
        "sellingGeneralAndAdministrativeExpenses": 6893000,
        "otherExpenses": 76706000,
        "operatingExpenses": 83599000,
        "costAndExpenses": 83599000,
        "interestIncome": 0,
        "interestExpense": 23244000,
        "depreciationAndAmortization": 17520000,
        "ebitda": 133643000,
        "ebitdaratio": 1.5576651864,
        "operatingIncome": 23244000,
        "operatingIncomeRatio": 0.2709185636,
        "totalOtherIncomeExpensesNet": 0,
        "incomeBeforeTax": 23244000,
        "incomeBeforeTaxRatio": 0.2709185636,
        "incomeTaxExpense": -23244000,
        "netIncome": 23244000,
        "netIncomeRatio": 0.2709185636,
        "eps": 2.6,
        "epsdiluted": 2.56,
        "weightedAverageShsOut": 8936773,
        "weightedAverageShsOutDil": 9095838,
        "link": "https://www.sec.gov/Archives/edgar/data/894315/000095015202006448/0000950152-02-006448-index.htm",
        "finalLink": "https://www.sec.gov/Archives/edgar/data/894315/000095015202006448/l95201ae10vq.htm"
    },
    {
        "date": "2002-03-31",
        "symbol": "SITC",
        "reportedCurrency": "USD",
        "cik": "0000894315",
        "fillingDate": "2002-05-15",
        "acceptedDate": "2002-05-15 15:20:31",
        "calendarYear": "2002",
        "period": "Q1",
        "revenue": 86214000,
        "costOfRevenue": 0,
        "grossProfit": 86214000,
        "grossProfitRatio": 1,
        "researchAndDevelopmentExpenses": 0,
        "generalAndAdministrativeExpenses": 6486000,
        "sellingAndMarketingExpenses": 0,
        "sellingGeneralAndAdministrativeExpenses": 6486000,
        "otherExpenses": 78953000,
        "operatingExpenses": 85439000,
        "costAndExpenses": 85439000,
        "interestIncome": 0,
        "interestExpense": 23931000,
        "depreciationAndAmortization": 21231000,
        "ebitda": 135188000,
        "ebitdaratio": 1.5680515925,
        "operatingIncome": 23931000,
        "operatingIncomeRatio": 0.2775767277,
        "totalOtherIncomeExpensesNet": 0,
        "incomeBeforeTax": 23931000,
        "incomeBeforeTaxRatio": 0.2775767277,
        "incomeTaxExpense": -23931000,
        "netIncome": 23931000,
        "netIncomeRatio": 0.2775767277,
        "eps": 2.83,
        "epsdiluted": 2.79,
        "weightedAverageShsOut": 8458329,
        "weightedAverageShsOutDil": 8582586,
        "link": "https://www.sec.gov/Archives/edgar/data/894315/000095015202004317/0000950152-02-004317-index.htm",
        "finalLink": "https://www.sec.gov/Archives/edgar/data/894315/000095015202004317/l93838ae10-q.htm"
    },
    {
        "date": "2001-12-31",
        "symbol": "SITC",
        "reportedCurrency": "USD",
        "cik": "0000894315",
        "fillingDate": "2002-03-08",
        "acceptedDate": "2002-03-08 00:00:00",
        "calendarYear": "2001",
        "period": "Q4",
        "revenue": 85540000,
        "costOfRevenue": 0,
        "grossProfit": 85540000,
        "grossProfitRatio": 1,
        "researchAndDevelopmentExpenses": 0,
        "generalAndAdministrativeExpenses": 6537000,
        "sellingAndMarketingExpenses": 0,
        "sellingGeneralAndAdministrativeExpenses": 6537000,
        "otherExpenses": 79311000,
        "operatingExpenses": 85848000,
        "costAndExpenses": 85848000,
        "interestIncome": 77017000,
        "interestExpense": 20196000,
        "depreciationAndAmortization": 19234000,
        "ebitda": 18926000,
        "ebitdaratio": 0.2212532149,
        "operatingIncome": 20196000,
        "operatingIncomeRatio": 0.2361000701,
        "totalOtherIncomeExpensesNet": 92372000,
        "incomeBeforeTax": 20196000,
        "incomeBeforeTaxRatio": 0.2361000701,
        "incomeTaxExpense": -20196000,
        "netIncome": 20196000,
        "netIncomeRatio": 0.2361000701,
        "eps": 2.51,
        "epsdiluted": 2.48,
        "weightedAverageShsOut": 8055186,
        "weightedAverageShsOutDil": 8150016,
        "link": "https://www.sec.gov/Archives/edgar/data/894315/000095015202001612/0000950152-02-001612-index.htm",
        "finalLink": "https://www.sec.gov/Archives/edgar/data/894315/000095015202001612/l92528ae10-k.htm"
    },
    {
        "date": "2001-09-30",
        "symbol": "SITC",
        "reportedCurrency": "USD",
        "cik": "0000894315",
        "fillingDate": "2001-11-14",
        "acceptedDate": "2001-11-14 00:00:00",
        "calendarYear": "2001",
        "period": "Q3",
        "revenue": 83001000,
        "costOfRevenue": 0,
        "grossProfit": 83001000,
        "grossProfitRatio": 1,
        "researchAndDevelopmentExpenses": 0,
        "generalAndAdministrativeExpenses": 5907000,
        "sellingAndMarketingExpenses": 0,
        "sellingGeneralAndAdministrativeExpenses": 5907000,
        "otherExpenses": 79148000,
        "operatingExpenses": 85055000,
        "costAndExpenses": 85055000,
        "interestIncome": 0,
        "interestExpense": 20352000,
        "depreciationAndAmortization": 16869000,
        "ebitda": 14815000,
        "ebitdaratio": 0.1784918254,
        "operatingIncome": 20352000,
        "operatingIncomeRatio": 0.245201865,
        "totalOtherIncomeExpensesNet": 2054000,
        "incomeBeforeTax": 20352000,
        "incomeBeforeTaxRatio": 0.245201865,
        "incomeTaxExpense": -20352000,
        "netIncome": 20352000,
        "netIncomeRatio": 0.245201865,
        "eps": 2.71,
        "epsdiluted": 2.6,
        "weightedAverageShsOut": 7509208,
        "weightedAverageShsOutDil": 7822092,
        "link": "https://www.sec.gov/Archives/edgar/data/894315/000095015201505840/0000950152-01-505840-index.htm",
        "finalLink": "https://www.sec.gov/Archives/edgar/data/894315/000095015201505840/l90980ae10-q.htm"
    },
    {
        "date": "2001-06-30",
        "symbol": "SITC",
        "reportedCurrency": "USD",
        "cik": "0000894315",
        "fillingDate": "2001-08-14",
        "acceptedDate": "2001-08-14 00:00:00",
        "calendarYear": "2001",
        "period": "Q2",
        "revenue": 78595000,
        "costOfRevenue": 0,
        "grossProfit": 78595000,
        "grossProfitRatio": 1,
        "researchAndDevelopmentExpenses": 0,
        "generalAndAdministrativeExpenses": 6230000,
        "sellingAndMarketingExpenses": 0,
        "sellingGeneralAndAdministrativeExpenses": 6230000,
        "otherExpenses": 72869000,
        "operatingExpenses": 79099000,
        "costAndExpenses": 79099000,
        "interestIncome": 0,
        "interestExpense": 29305000,
        "depreciationAndAmortization": 14501000,
        "ebitda": 122334000,
        "ebitdaratio": 1.5565112284,
        "operatingIncome": 29305000,
        "operatingIncomeRatio": 0.372860869,
        "totalOtherIncomeExpensesNet": 0,
        "incomeBeforeTax": 29305000,
        "incomeBeforeTaxRatio": 0.372860869,
        "incomeTaxExpense": -29305000,
        "netIncome": 29305000,
        "netIncomeRatio": 0.372860869,
        "eps": 2.96,
        "epsdiluted": 2.88,
        "weightedAverageShsOut": 7618765,
        "weightedAverageShsOutDil": 7847724,
        "link": "https://www.sec.gov/Archives/edgar/data/894315/000095015201503951/0000950152-01-503951-index.htm",
        "finalLink": "https://www.sec.gov/Archives/edgar/data/894315/000095015201503951/l89565ae10-q.htm"
    },
    {
        "date": "2001-03-31",
        "symbol": "SITC",
        "reportedCurrency": "USD",
        "cik": "0000894315",
        "fillingDate": "2001-05-11",
        "acceptedDate": "2001-05-11 00:00:00",
        "calendarYear": "2001",
        "period": "Q1",
        "revenue": 73708000,
        "costOfRevenue": 0,
        "grossProfit": 73708000,
        "grossProfitRatio": 1,
        "researchAndDevelopmentExpenses": 0,
        "generalAndAdministrativeExpenses": 5701000,
        "sellingAndMarketingExpenses": 0,
        "sellingGeneralAndAdministrativeExpenses": 5701000,
        "otherExpenses": 29972000,
        "operatingExpenses": 35673000,
        "costAndExpenses": 35673000,
        "interestIncome": 0,
        "interestExpense": 22517000,
        "depreciationAndAmortization": 13888000,
        "ebitda": 51923000,
        "ebitdaratio": 0.7044418516,
        "operatingIncome": 22517000,
        "operatingIncomeRatio": 0.3054892278,
        "totalOtherIncomeExpensesNet": -38035000,
        "incomeBeforeTax": 22517000,
        "incomeBeforeTaxRatio": 0.3054892278,
        "incomeTaxExpense": -22517000,
        "netIncome": 22517000,
        "netIncomeRatio": 0.3054892278,
        "eps": 3,
        "epsdiluted": 3,
        "weightedAverageShsOut": 7508769,
        "weightedAverageShsOutDil": 7508769,
        "link": "https://www.sec.gov/Archives/edgar/data/894315/000095015201501782/0000950152-01-501782-index.htm",
        "finalLink": "https://www.sec.gov/Archives/edgar/data/894315/000095015201501782/l87925ae10-q.htm"
    },
    {
        "date": "2000-12-31",
        "symbol": "SITC",
        "reportedCurrency": "USD",
        "cik": "0000894315",
        "fillingDate": "2001-04-02",
        "acceptedDate": "2001-04-02 00:00:00",
        "calendarYear": "2000",
        "period": "Q4",
        "revenue": 73914000,
        "costOfRevenue": 0,
        "grossProfit": 73914000,
        "grossProfitRatio": 1,
        "researchAndDevelopmentExpenses": 0,
        "generalAndAdministrativeExpenses": 5531000,
        "sellingAndMarketingExpenses": 0,
        "sellingGeneralAndAdministrativeExpenses": 5531000,
        "otherExpenses": 29868000,
        "operatingExpenses": 35399000,
        "costAndExpenses": 35399000,
        "interestIncome": 0,
        "interestExpense": 23118000,
        "depreciationAndAmortization": 13576000,
        "ebitda": 52091000,
        "ebitdaratio": 0.7047514679,
        "operatingIncome": 23118000,
        "operatingIncomeRatio": 0.3127688936,
        "totalOtherIncomeExpensesNet": -38515000,
        "incomeBeforeTax": 23118000,
        "incomeBeforeTaxRatio": 0.3127688936,
        "incomeTaxExpense": -23118000,
        "netIncome": 23118000,
        "netIncomeRatio": 0.3127688936,
        "eps": 3.02,
        "epsdiluted": 3.02,
        "weightedAverageShsOut": 7648574,
        "weightedAverageShsOutDil": 7648574,
        "link": "https://www.sec.gov/Archives/edgar/data/894315/000095015201002029/0000950152-01-002029-index.htm",
        "finalLink": "https://www.sec.gov/Archives/edgar/data/894315/000095015201002029/l86783ae10-k.txt"
    },
    {
        "date": "2000-09-30",
        "symbol": "SITC",
        "reportedCurrency": "USD",
        "cik": "0000894315",
        "fillingDate": "2000-11-14",
        "acceptedDate": "2000-11-14 00:00:00",
        "calendarYear": "2000",
        "period": "Q3",
        "revenue": 71363000,
        "costOfRevenue": 0,
        "grossProfit": 71363000,
        "grossProfitRatio": 1,
        "researchAndDevelopmentExpenses": 0,
        "generalAndAdministrativeExpenses": 4751000,
        "sellingAndMarketingExpenses": 0,
        "sellingGeneralAndAdministrativeExpenses": 4751000,
        "otherExpenses": 28293000,
        "operatingExpenses": 33044000,
        "costAndExpenses": 33044000,
        "interestIncome": 0,
        "interestExpense": 21025000,
        "depreciationAndAmortization": 13768000,
        "ebitda": 52087000,
        "ebitdaratio": 0.7298880372,
        "operatingIncome": 21025000,
        "operatingIncomeRatio": 0.2946204616,
        "totalOtherIncomeExpensesNet": 0,
        "incomeBeforeTax": 21025000,
        "incomeBeforeTaxRatio": 0.2946204616,
        "incomeTaxExpense": -21025000,
        "netIncome": 21025000,
        "netIncomeRatio": 0.2946204616,
        "eps": 2.77,
        "epsdiluted": 2.77,
        "weightedAverageShsOut": 7579359,
        "weightedAverageShsOutDil": 7579359,
        "link": "https://www.sec.gov/Archives/edgar/data/894315/000095015200007930/0000950152-00-007930-index.htm",
        "finalLink": "https://www.sec.gov/Archives/edgar/data/894315/000095015200007930/l84499ae10-q.htm"
    },
    {
        "date": "2000-06-30",
        "symbol": "SITC",
        "reportedCurrency": "USD",
        "cik": "0000894315",
        "fillingDate": "2000-08-14",
        "acceptedDate": "2000-08-14 00:00:00",
        "calendarYear": "2000",
        "period": "Q2",
        "revenue": 71710000,
        "costOfRevenue": 0,
        "grossProfit": 71710000,
        "grossProfitRatio": 1,
        "researchAndDevelopmentExpenses": 0,
        "generalAndAdministrativeExpenses": 5081000,
        "sellingAndMarketingExpenses": 0,
        "sellingGeneralAndAdministrativeExpenses": 5081000,
        "otherExpenses": 66349000,
        "operatingExpenses": 71430000,
        "costAndExpenses": 71430000,
        "interestIncome": 0,
        "interestExpense": 18713000,
        "depreciationAndAmortization": 13609000,
        "ebitda": 105601000,
        "ebitdaratio": 1.4726119091,
        "operatingIncome": 18713000,
        "operatingIncomeRatio": 0.2609538419,
        "totalOtherIncomeExpensesNet": 0,
        "incomeBeforeTax": 18713000,
        "incomeBeforeTaxRatio": 0.2609538419,
        "incomeTaxExpense": 0,
        "netIncome": 18713000,
        "netIncomeRatio": 0.2609538419,
        "eps": 2.46,
        "epsdiluted": 2.46,
        "weightedAverageShsOut": 7609889,
        "weightedAverageShsOutDil": 7609889,
        "link": "https://www.sec.gov/Archives/edgar/data/894315/000095015200006024/0000950152-00-006024-index.htm",
        "finalLink": "https://www.sec.gov/Archives/edgar/data/894315/000095015200006024/e10-q.txt"
    },
    {
        "date": "2000-03-31",
        "symbol": "SITC",
        "reportedCurrency": "USD",
        "cik": "0000894315",
        "fillingDate": "2000-05-15",
        "acceptedDate": "2000-05-15 00:00:00",
        "calendarYear": "2000",
        "period": "Q1",
        "revenue": 68806000,
        "costOfRevenue": 0,
        "grossProfit": 68806000,
        "grossProfitRatio": 1,
        "researchAndDevelopmentExpenses": 0,
        "generalAndAdministrativeExpenses": 5087000,
        "sellingAndMarketingExpenses": 0,
        "sellingGeneralAndAdministrativeExpenses": 5087000,
        "otherExpenses": 64149000,
        "operatingExpenses": 69236000,
        "costAndExpenses": 69236000,
        "interestIncome": 0,
        "interestExpense": 37976000,
        "depreciationAndAmortization": 13703000,
        "ebitda": 13273000,
        "ebitdaratio": 0.1929046885,
        "operatingIncome": 37976000,
        "operatingIncomeRatio": 0.5519286109,
        "totalOtherIncomeExpensesNet": 430000,
        "incomeBeforeTax": 37976000,
        "incomeBeforeTaxRatio": 0.5519286109,
        "incomeTaxExpense": -37976000,
        "netIncome": 37976000,
        "netIncomeRatio": 0.5519286109,
        "eps": 3.82,
        "epsdiluted": 3.68,
        "weightedAverageShsOut": 8153560,
        "weightedAverageShsOutDil": 8473307,
        "link": "https://www.sec.gov/Archives/edgar/data/894315/000095015200004157/0000950152-00-004157-index.html",
        "finalLink": "https://www.sec.gov/Archives/edgar/data/894315/000095015200004157/"
    },
    {
        "date": "1999-12-31",
        "symbol": "SITC",
        "reportedCurrency": "USD",
        "cik": "0000894315",
        "fillingDate": "2000-03-30",
        "acceptedDate": "2000-03-30 00:00:00",
        "calendarYear": "1999",
        "period": "Q4",
        "revenue": 51133000,
        "costOfRevenue": 0,
        "grossProfit": 51133000,
        "grossProfitRatio": 1,
        "researchAndDevelopmentExpenses": 0,
        "generalAndAdministrativeExpenses": 4574000,
        "sellingAndMarketingExpenses": 0,
        "sellingGeneralAndAdministrativeExpenses": 4574000,
        "otherExpenses": 193640000,
        "operatingExpenses": 198214000,
        "costAndExpenses": 198214000,
        "interestIncome": 0,
        "interestExpense": 0,
        "depreciationAndAmortization": 220011000,
        "ebitda": -147081000,
        "ebitdaratio": -2.8764398725,
        "operatingIncome": -198214000,
        "operatingIncomeRatio": -3.8764398725,
        "totalOtherIncomeExpensesNet": 220011000,
        "incomeBeforeTax": 21797000,
        "incomeBeforeTaxRatio": 0.4262804842,
        "incomeTaxExpense": 0,
        "netIncome": 21797000,
        "netIncomeRatio": 0.4262804842,
        "eps": 2.62,
        "epsdiluted": 2.53,
        "weightedAverageShsOut": 8331618,
        "weightedAverageShsOutDil": 8625855,
        "link": "https://www.sec.gov/Archives/edgar/data/894315/000095015200002543/0000950152-00-002543-index.html",
        "finalLink": "https://www.sec.gov/Archives/edgar/data/894315/000095015200002543/"
    },
    {
        "date": "1999-09-30",
        "symbol": "SITC",
        "reportedCurrency": "USD",
        "cik": "0000894315",
        "fillingDate": "1999-11-15",
        "acceptedDate": "1999-11-15 00:00:00",
        "calendarYear": "1999",
        "period": "Q3",
        "revenue": 72300000,
        "costOfRevenue": 0,
        "grossProfit": 72300000,
        "grossProfitRatio": 1,
        "researchAndDevelopmentExpenses": 0,
        "generalAndAdministrativeExpenses": 4000000,
        "sellingAndMarketingExpenses": 0,
        "sellingGeneralAndAdministrativeExpenses": 4000000,
        "otherExpenses": 0,
        "operatingExpenses": -25900000,
        "costAndExpenses": -25900000,
        "interestIncome": 0,
        "interestExpense": 25900000,
        "depreciationAndAmortization": -3300000,
        "ebitda": 98200000,
        "ebitdaratio": 1.3582295989,
        "operatingIncome": 25900000,
        "operatingIncomeRatio": 0.3582295989,
        "totalOtherIncomeExpensesNet": -98200000,
        "incomeBeforeTax": 22600000,
        "incomeBeforeTaxRatio": 0.3125864454,
        "incomeTaxExpense": -22600000,
        "netIncome": 22600000,
        "netIncomeRatio": 0.3125864454,
        "eps": 2.68,
        "epsdiluted": 2.58,
        "weightedAverageShsOut": 8427436,
        "weightedAverageShsOutDil": 8764534,
        "link": "https://www.sec.gov/Archives/edgar/data/894315/000095015299009154/0000950152-99-009154-index.html",
        "finalLink": "https://www.sec.gov/Archives/edgar/data/894315/000095015299009154/"
    },
    {
        "date": "1999-06-30",
        "symbol": "SITC",
        "reportedCurrency": "USD",
        "cik": "0000894315",
        "fillingDate": "1999-08-16",
        "acceptedDate": "1999-08-16 00:00:00",
        "calendarYear": "1999",
        "period": "Q2",
        "revenue": 69100000,
        "costOfRevenue": 0,
        "grossProfit": 69100000,
        "grossProfitRatio": 1,
        "researchAndDevelopmentExpenses": 0,
        "generalAndAdministrativeExpenses": 4600000,
        "sellingAndMarketingExpenses": 0,
        "sellingGeneralAndAdministrativeExpenses": 4600000,
        "otherExpenses": 0,
        "operatingExpenses": -24900000,
        "costAndExpenses": -24900000,
        "interestIncome": 0,
        "interestExpense": 24900000,
        "depreciationAndAmortization": -3800000,
        "ebitda": 94000000,
        "ebitdaratio": 1.3603473227,
        "operatingIncome": 24900000,
        "operatingIncomeRatio": 0.3603473227,
        "totalOtherIncomeExpensesNet": -94000000,
        "incomeBeforeTax": 21100000,
        "incomeBeforeTaxRatio": 0.3053545586,
        "incomeTaxExpense": -21100000,
        "netIncome": 21100000,
        "netIncomeRatio": 0.3053545586,
        "eps": 2.45,
        "epsdiluted": 2.34,
        "weightedAverageShsOut": 8622237,
        "weightedAverageShsOutDil": 9014157,
        "link": "https://www.sec.gov/Archives/edgar/data/894315/000095015299006981/0000950152-99-006981-index.html",
        "finalLink": "https://www.sec.gov/Archives/edgar/data/894315/000095015299006981/"
    },
    {
        "date": "1999-03-31",
        "symbol": "SITC",
        "reportedCurrency": "USD",
        "cik": "0000894315",
        "fillingDate": "1999-05-17",
        "acceptedDate": "1999-05-17 00:00:00",
        "calendarYear": "1999",
        "period": "Q1",
        "revenue": 71400000,
        "costOfRevenue": 0,
        "grossProfit": 71400000,
        "grossProfitRatio": 1,
        "researchAndDevelopmentExpenses": 0,
        "generalAndAdministrativeExpenses": 4600000,
        "sellingAndMarketingExpenses": 0,
        "sellingGeneralAndAdministrativeExpenses": 4600000,
        "otherExpenses": 0,
        "operatingExpenses": -25200000,
        "costAndExpenses": -25200000,
        "interestIncome": 0,
        "interestExpense": 25200000,
        "depreciationAndAmortization": -3300000,
        "ebitda": 96600000,
        "ebitdaratio": 1.3529411765,
        "operatingIncome": 25200000,
        "operatingIncomeRatio": 0.3529411765,
        "totalOtherIncomeExpensesNet": -96600000,
        "incomeBeforeTax": 21900000,
        "incomeBeforeTaxRatio": 0.3067226891,
        "incomeTaxExpense": -21900000,
        "netIncome": 21900000,
        "netIncomeRatio": 0.3067226891,
        "eps": 2.61,
        "epsdiluted": 2.51,
        "weightedAverageShsOut": 8376232,
        "weightedAverageShsOutDil": 8725241,
        "link": "https://www.sec.gov/Archives/edgar/data/894315/000095015299004628/0000950152-99-004628-index.html",
        "finalLink": "https://www.sec.gov/Archives/edgar/data/894315/"
    },
    {
        "date": "1998-12-31",
        "symbol": "SITC",
        "reportedCurrency": "USD",
        "cik": "0000894315",
        "fillingDate": "1999-03-31",
        "acceptedDate": "1999-03-31 00:00:00",
        "calendarYear": "1998",
        "period": "Q4",
        "revenue": 52168000,
        "costOfRevenue": 0,
        "grossProfit": 52168000,
        "grossProfitRatio": 1,
        "researchAndDevelopmentExpenses": 0,
        "generalAndAdministrativeExpenses": 3718000,
        "sellingAndMarketingExpenses": 0,
        "sellingGeneralAndAdministrativeExpenses": 3718000,
        "otherExpenses": 278852000,
        "operatingExpenses": 282570000,
        "costAndExpenses": 282570000,
        "interestIncome": 0,
        "interestExpense": 0,
        "depreciationAndAmortization": 303492000,
        "ebitda": -230402000,
        "ebitdaratio": -4.4165388744,
        "operatingIncome": -282570000,
        "operatingIncomeRatio": -5.4165388744,
        "totalOtherIncomeExpensesNet": 303492000,
        "incomeBeforeTax": 20922000,
        "incomeBeforeTaxRatio": 0.4010504524,
        "incomeTaxExpense": -20922000,
        "netIncome": 20922000,
        "netIncomeRatio": 0.4010504524,
        "eps": 2.57,
        "epsdiluted": 2.47,
        "weightedAverageShsOut": 8128853,
        "weightedAverageShsOutDil": 8464204,
        "link": "https://www.sec.gov/Archives/edgar/data/894315/000095015299002869/0000950152-99-002869-index.html",
        "finalLink": "https://www.sec.gov/Archives/edgar/data/894315/"
    },
    {
        "date": "1998-09-30",
        "symbol": "SITC",
        "reportedCurrency": "USD",
        "cik": "0000894315",
        "fillingDate": "1998-11-16",
        "acceptedDate": "1998-11-16 00:00:00",
        "calendarYear": "1998",
        "period": "Q3",
        "revenue": 67900000,
        "costOfRevenue": 0,
        "grossProfit": 67900000,
        "grossProfitRatio": 1,
        "researchAndDevelopmentExpenses": 0,
        "generalAndAdministrativeExpenses": 3200000,
        "sellingAndMarketingExpenses": 0,
        "sellingGeneralAndAdministrativeExpenses": 3200000,
        "otherExpenses": 0,
        "operatingExpenses": -25500000,
        "costAndExpenses": -25500000,
        "interestIncome": 0,
        "interestExpense": 25500000,
        "depreciationAndAmortization": -4800000,
        "ebitda": 93600000,
        "ebitdaratio": 1.3784977909,
        "operatingIncome": 25500000,
        "operatingIncomeRatio": 0.3755522828,
        "totalOtherIncomeExpensesNet": -93600000,
        "incomeBeforeTax": 20700000,
        "incomeBeforeTaxRatio": 0.3048600884,
        "incomeTaxExpense": -20700000,
        "netIncome": 20700000,
        "netIncomeRatio": 0.3048600884,
        "eps": 2.64,
        "epsdiluted": 2.54,
        "weightedAverageShsOut": 7840716,
        "weightedAverageShsOutDil": 8154345,
        "link": "https://www.sec.gov/Archives/edgar/data/894315/000095015298009058/0000950152-98-009058-index.html",
        "finalLink": "https://www.sec.gov/Archives/edgar/data/894315/"
    },
    {
        "date": "1998-06-30",
        "symbol": "SITC",
        "reportedCurrency": "USD",
        "cik": "0000894315",
        "fillingDate": "1998-08-14",
        "acceptedDate": "1998-08-14 00:00:00",
        "calendarYear": "1998",
        "period": "Q2",
        "revenue": 56500000,
        "costOfRevenue": 0,
        "grossProfit": 56500000,
        "grossProfitRatio": 1,
        "researchAndDevelopmentExpenses": 0,
        "generalAndAdministrativeExpenses": 3100000,
        "sellingAndMarketingExpenses": 0,
        "sellingGeneralAndAdministrativeExpenses": 3100000,
        "otherExpenses": 0,
        "operatingExpenses": -20800000,
        "costAndExpenses": -20800000,
        "interestIncome": 0,
        "interestExpense": 20800000,
        "depreciationAndAmortization": -1700000,
        "ebitda": 77300000,
        "ebitdaratio": 1.3681415929,
        "operatingIncome": 20800000,
        "operatingIncomeRatio": 0.3681415929,
        "totalOtherIncomeExpensesNet": -77300000,
        "incomeBeforeTax": 19100000,
        "incomeBeforeTaxRatio": 0.3380530973,
        "incomeTaxExpense": -19100000,
        "netIncome": 19100000,
        "netIncomeRatio": 0.3380530973,
        "eps": 1.95,
        "epsdiluted": 1.95,
        "weightedAverageShsOut": 7961221,
        "weightedAverageShsOutDil": 7961221,
        "link": "https://www.sec.gov/Archives/edgar/data/894315/000095015298006854/0000950152-98-006854-index.html",
        "finalLink": "https://www.sec.gov/Archives/edgar/data/894315/"
    },
    {
        "date": "1998-03-31",
        "symbol": "SITC",
        "reportedCurrency": "USD",
        "cik": "0000894315",
        "fillingDate": "1998-05-15",
        "acceptedDate": "1998-05-15 00:00:00",
        "calendarYear": "1998",
        "period": "Q1",
        "revenue": 51700000,
        "costOfRevenue": 0,
        "grossProfit": 51700000,
        "grossProfitRatio": 1,
        "researchAndDevelopmentExpenses": 0,
        "generalAndAdministrativeExpenses": 2900000,
        "sellingAndMarketingExpenses": 0,
        "sellingGeneralAndAdministrativeExpenses": 2900000,
        "otherExpenses": 0,
        "operatingExpenses": -19200000,
        "costAndExpenses": -19200000,
        "interestIncome": 0,
        "interestExpense": 19200000,
        "depreciationAndAmortization": -2100000,
        "ebitda": 71000000,
        "ebitdaratio": 1.3733075435,
        "operatingIncome": 19200000,
        "operatingIncomeRatio": 0.3713733075,
        "totalOtherIncomeExpensesNet": -2100000,
        "incomeBeforeTax": 17100000,
        "incomeBeforeTaxRatio": 0.330754352,
        "incomeTaxExpense": -17100000,
        "netIncome": 17100000,
        "netIncomeRatio": 0.330754352,
        "eps": 1.8,
        "epsdiluted": 1.73,
        "weightedAverageShsOut": 7488684,
        "weightedAverageShsOutDil": 7800712,
        "link": "https://www.sec.gov/Archives/edgar/data/894315/000095015298004693/0000950152-98-004693-index.html",
        "finalLink": "https://www.sec.gov/Archives/edgar/data/894315/"
    },
    {
        "date": "1997-12-31",
        "symbol": "SITC",
        "reportedCurrency": "USD",
        "cik": "0000894315",
        "fillingDate": "1998-03-31",
        "acceptedDate": "1998-03-31 00:00:00",
        "calendarYear": "1997",
        "period": "Q4",
        "revenue": 35940000,
        "costOfRevenue": 0,
        "grossProfit": 35940000,
        "grossProfitRatio": 1,
        "researchAndDevelopmentExpenses": 0,
        "generalAndAdministrativeExpenses": 3455000,
        "sellingAndMarketingExpenses": 0,
        "sellingGeneralAndAdministrativeExpenses": 3455000,
        "otherExpenses": 195991000,
        "operatingExpenses": 199446000,
        "costAndExpenses": 199446000,
        "interestIncome": 0,
        "interestExpense": 0,
        "depreciationAndAmortization": 216768000,
        "ebitda": -163506000,
        "ebitdaratio": -4.5494156928,
        "operatingIncome": -199446000,
        "operatingIncomeRatio": -5.5494156928,
        "totalOtherIncomeExpensesNet": 216768000,
        "incomeBeforeTax": 17322000,
        "incomeBeforeTaxRatio": 0.4819699499,
        "incomeTaxExpense": -17322000,
        "netIncome": 17322000,
        "netIncomeRatio": 0.4819699499,
        "eps": 2.36,
        "epsdiluted": 2.31,
        "weightedAverageShsOut": 7332502,
        "weightedAverageShsOutDil": 7488516,
        "link": "https://www.sec.gov/Archives/edgar/data/894315/000095015298002795/0000950152-98-002795-index.html",
        "finalLink": "https://www.sec.gov/Archives/edgar/data/894315/"
    },
    {
        "date": "1997-09-30",
        "symbol": "SITC",
        "reportedCurrency": "USD",
        "cik": "0000894315",
        "fillingDate": "1997-11-14",
        "acceptedDate": "1997-11-14 00:00:00",
        "calendarYear": "1997",
        "period": "Q3",
        "revenue": 45900000,
        "costOfRevenue": 0,
        "grossProfit": 45900000,
        "grossProfitRatio": 1,
        "researchAndDevelopmentExpenses": 0,
        "generalAndAdministrativeExpenses": 2600000,
        "sellingAndMarketingExpenses": 0,
        "sellingGeneralAndAdministrativeExpenses": 2600000,
        "otherExpenses": 0,
        "operatingExpenses": -17300000,
        "costAndExpenses": -17300000,
        "interestIncome": 0,
        "interestExpense": 17300000,
        "depreciationAndAmortization": -600000,
        "ebitda": 65800000,
        "ebitdaratio": 1.4335511983,
        "operatingIncome": 17300000,
        "operatingIncomeRatio": 0.3769063181,
        "totalOtherIncomeExpensesNet": -65800000,
        "incomeBeforeTax": 16700000,
        "incomeBeforeTaxRatio": 0.3638344227,
        "incomeTaxExpense": -16700000,
        "netIncome": 16700000,
        "netIncomeRatio": 0.3638344227,
        "eps": 1.8,
        "epsdiluted": 1.73,
        "weightedAverageShsOut": 7322269,
        "weightedAverageShsOutDil": 7627363,
        "link": "https://www.sec.gov/Archives/edgar/data/894315/000095015297008059/0000950152-97-008059-index.html",
        "finalLink": "https://www.sec.gov/Archives/edgar/data/894315/"
    },
    {
        "date": "1997-06-30",
        "symbol": "SITC",
        "reportedCurrency": "USD",
        "cik": "0000894315",
        "fillingDate": "1997-08-14",
        "acceptedDate": "1997-08-14 00:00:00",
        "calendarYear": "1997",
        "period": "Q2",
        "revenue": 43500000,
        "costOfRevenue": 0,
        "grossProfit": 43500000,
        "grossProfitRatio": 1,
        "researchAndDevelopmentExpenses": 0,
        "generalAndAdministrativeExpenses": 2700000,
        "sellingAndMarketingExpenses": 0,
        "sellingGeneralAndAdministrativeExpenses": 2700000,
        "otherExpenses": 0,
        "operatingExpenses": -16200000,
        "costAndExpenses": -16200000,
        "interestIncome": 0,
        "interestExpense": 16200000,
        "depreciationAndAmortization": -300000,
        "ebitda": 59700000,
        "ebitdaratio": 1.3724137931,
        "operatingIncome": 16200000,
        "operatingIncomeRatio": 0.3724137931,
        "totalOtherIncomeExpensesNet": -59700000,
        "incomeBeforeTax": 15900000,
        "incomeBeforeTaxRatio": 0.3655172414,
        "incomeTaxExpense": -15900000,
        "netIncome": 15900000,
        "netIncomeRatio": 0.3655172414,
        "eps": 1.8,
        "epsdiluted": 1.73,
        "weightedAverageShsOut": 6878495,
        "weightedAverageShsOutDil": 7165099,
        "link": "https://www.sec.gov/Archives/edgar/data/894315/000095015297006028/0000950152-97-006028-index.html",
        "finalLink": "https://www.sec.gov/Archives/edgar/data/894315/"
    },
    {
        "date": "1997-03-31",
        "symbol": "SITC",
        "reportedCurrency": "USD",
        "cik": "0000894315",
        "fillingDate": "1997-05-15",
        "acceptedDate": "1997-05-15 00:00:00",
        "calendarYear": "1997",
        "period": "Q1",
        "revenue": 43600000,
        "costOfRevenue": 0,
        "grossProfit": 43600000,
        "grossProfitRatio": 1,
        "researchAndDevelopmentExpenses": 0,
        "generalAndAdministrativeExpenses": 2500000,
        "sellingAndMarketingExpenses": 0,
        "sellingGeneralAndAdministrativeExpenses": 2500000,
        "otherExpenses": 0,
        "operatingExpenses": -15300000,
        "costAndExpenses": -15300000,
        "interestIncome": 0,
        "interestExpense": 15300000,
        "depreciationAndAmortization": 2300000,
        "ebitda": 58900000,
        "ebitdaratio": 1.3509174312,
        "operatingIncome": 15300000,
        "operatingIncomeRatio": 0.3509174312,
        "totalOtherIncomeExpensesNet": 2300000,
        "incomeBeforeTax": 17600000,
        "incomeBeforeTaxRatio": 0.4036697248,
        "incomeTaxExpense": 0,
        "netIncome": 17600000,
        "netIncomeRatio": 0.4036697248,
        "eps": 2.09,
        "epsdiluted": 2.09,
        "weightedAverageShsOut": 6742685,
        "weightedAverageShsOutDil": 6742685,
        "link": "https://www.sec.gov/Archives/edgar/data/894315/000095015297004008/0000950152-97-004008-index.html",
        "finalLink": "https://www.sec.gov/Archives/edgar/data/894315/"
    },
    {
        "date": "1996-12-31",
        "symbol": "SITC",
        "reportedCurrency": "USD",
        "cik": "0000894315",
        "fillingDate": "1997-03-31",
        "acceptedDate": "1997-03-31 00:00:00",
        "calendarYear": "1996",
        "period": "Q4",
        "revenue": 27905798,
        "costOfRevenue": 0,
        "grossProfit": 27905798,
        "grossProfitRatio": 1,
        "researchAndDevelopmentExpenses": 0,
        "generalAndAdministrativeExpenses": 2435616,
        "sellingAndMarketingExpenses": 0,
        "sellingGeneralAndAdministrativeExpenses": 2435616,
        "otherExpenses": 155425959,
        "operatingExpenses": 157861575,
        "costAndExpenses": 157861575,
        "interestIncome": 0,
        "interestExpense": 0,
        "depreciationAndAmortization": 170203810,
        "ebitda": -129955777,
        "ebitdaratio": -4.6569453774,
        "operatingIncome": -157861575,
        "operatingIncomeRatio": -5.6569453774,
        "totalOtherIncomeExpensesNet": 170203810,
        "incomeBeforeTax": 12342235,
        "incomeBeforeTaxRatio": 0.4422821021,
        "incomeTaxExpense": 0,
        "netIncome": 12342235,
        "netIncomeRatio": 0.4422821021,
        "eps": 1.71,
        "epsdiluted": 1.71,
        "weightedAverageShsOut": 7202775,
        "weightedAverageShsOutDil": 7202775,
        "link": "https://www.sec.gov/Archives/edgar/data/894315/000095015297002498/0000950152-97-002498-index.html",
        "finalLink": "https://www.sec.gov/Archives/edgar/data/894315/"
    },
    {
        "date": "1996-09-30",
        "symbol": "SITC",
        "reportedCurrency": "USD",
        "cik": "0000894315",
        "fillingDate": "1996-11-14",
        "acceptedDate": "1996-11-14 00:00:00",
        "calendarYear": "1996",
        "period": "Q3",
        "revenue": 36700000,
        "costOfRevenue": 0,
        "grossProfit": 36700000,
        "grossProfitRatio": 1,
        "researchAndDevelopmentExpenses": 0,
        "generalAndAdministrativeExpenses": 2300000,
        "sellingAndMarketingExpenses": 0,
        "sellingGeneralAndAdministrativeExpenses": 2300000,
        "otherExpenses": 0,
        "operatingExpenses": -13500000,
        "costAndExpenses": -13500000,
        "interestIncome": 0,
        "interestExpense": 13500000,
        "depreciationAndAmortization": -600000,
        "ebitda": 50200000,
        "ebitdaratio": 1.3678474114,
        "operatingIncome": 13500000,
        "operatingIncomeRatio": 0.3678474114,
        "totalOtherIncomeExpensesNet": -50200000,
        "incomeBeforeTax": 12900000,
        "incomeBeforeTaxRatio": 0.3514986376,
        "incomeTaxExpense": -12900000,
        "netIncome": 12900000,
        "netIncomeRatio": 0.3514986376,
        "eps": 1.59,
        "epsdiluted": 1.59,
        "weightedAverageShsOut": 7662865,
        "weightedAverageShsOutDil": 7662865,
        "link": "https://www.sec.gov/Archives/edgar/data/894315/000095015296006126/0000950152-96-006126-index.html",
        "finalLink": "https://www.sec.gov/Archives/edgar/data/894315/"
    },
    {
        "date": "1996-06-30",
        "symbol": "SITC",
        "reportedCurrency": "USD",
        "cik": "0000894315",
        "fillingDate": "1996-08-14",
        "acceptedDate": "1996-08-14 00:00:00",
        "calendarYear": "1996",
        "period": "Q2",
        "revenue": 33700000,
        "costOfRevenue": 0,
        "grossProfit": 33700000,
        "grossProfitRatio": 1,
        "researchAndDevelopmentExpenses": 0,
        "generalAndAdministrativeExpenses": 2000000,
        "sellingAndMarketingExpenses": 0,
        "sellingGeneralAndAdministrativeExpenses": 2000000,
        "otherExpenses": 0,
        "operatingExpenses": -12100000,
        "costAndExpenses": -12100000,
        "interestIncome": 0,
        "interestExpense": 12100000,
        "depreciationAndAmortization": 1000000,
        "ebitda": 45800000,
        "ebitdaratio": 1.3590504451,
        "operatingIncome": 12100000,
        "operatingIncomeRatio": 0.3590504451,
        "totalOtherIncomeExpensesNet": 1000000,
        "incomeBeforeTax": 13100000,
        "incomeBeforeTaxRatio": 0.3887240356,
        "incomeTaxExpense": 0,
        "netIncome": 13100000,
        "netIncomeRatio": 0.3887240356,
        "eps": 2.16,
        "epsdiluted": 2.16,
        "weightedAverageShsOut": 6061950,
        "weightedAverageShsOutDil": 6061950,
        "link": "https://www.sec.gov/Archives/edgar/data/894315/000095015296004175/0000950152-96-004175-index.html",
        "finalLink": "https://www.sec.gov/Archives/edgar/data/894315/"
    },
    {
        "date": "1996-03-31",
        "symbol": "SITC",
        "reportedCurrency": "USD",
        "cik": "0000894315",
        "fillingDate": "1996-05-15",
        "acceptedDate": "1996-05-15 00:00:00",
        "calendarYear": "1996",
        "period": "Q1",
        "revenue": 32600000,
        "costOfRevenue": 0,
        "grossProfit": 32600000,
        "grossProfitRatio": 1,
        "researchAndDevelopmentExpenses": 0,
        "generalAndAdministrativeExpenses": 1700000,
        "sellingAndMarketingExpenses": 0,
        "sellingGeneralAndAdministrativeExpenses": 1700000,
        "otherExpenses": 0,
        "operatingExpenses": -12300000,
        "costAndExpenses": -12300000,
        "interestIncome": 0,
        "interestExpense": 12300000,
        "depreciationAndAmortization": -1100000,
        "ebitda": 44900000,
        "ebitdaratio": 1.3773006135,
        "operatingIncome": 12300000,
        "operatingIncomeRatio": 0.3773006135,
        "totalOtherIncomeExpensesNet": -44900000,
        "incomeBeforeTax": 11200000,
        "incomeBeforeTaxRatio": 0.3435582822,
        "incomeTaxExpense": -11200000,
        "netIncome": 11200000,
        "netIncomeRatio": 0.3435582822,
        "eps": 1.44,
        "epsdiluted": 1.44,
        "weightedAverageShsOut": 5985954,
        "weightedAverageShsOutDil": 5985954,
        "link": "https://www.sec.gov/Archives/edgar/data/894315/000095015296002490/0000950152-96-002490-index.html",
        "finalLink": "https://www.sec.gov/Archives/edgar/data/894315/"
    },
    {
        "date": "1995-12-31",
        "symbol": "SITC",
        "reportedCurrency": "USD",
        "cik": "0000894315",
        "fillingDate": "1995-12-31",
        "acceptedDate": "1995-12-31 00:00:00",
        "calendarYear": "1995",
        "period": "Q4",
        "revenue": 29700000,
        "costOfRevenue": 0,
        "grossProfit": 29700000,
        "grossProfitRatio": 1,
        "researchAndDevelopmentExpenses": 0,
        "generalAndAdministrativeExpenses": 1500000,
        "sellingAndMarketingExpenses": 0,
        "sellingGeneralAndAdministrativeExpenses": 1500000,
        "otherExpenses": 0,
        "operatingExpenses": -11800000,
        "costAndExpenses": -11800000,
        "interestIncome": 0,
        "interestExpense": 11800000,
        "depreciationAndAmortization": -3400000,
        "ebitda": 41500000,
        "ebitdaratio": 1.3973063973,
        "operatingIncome": 11800000,
        "operatingIncomeRatio": 0.3973063973,
        "totalOtherIncomeExpensesNet": -41500000,
        "incomeBeforeTax": 8400000,
        "incomeBeforeTaxRatio": 0.2828282828,
        "incomeTaxExpense": -8400000,
        "netIncome": 8400000,
        "netIncomeRatio": 0.2828282828,
        "eps": 1.57,
        "epsdiluted": 1.57,
        "weightedAverageShsOut": 5353867,
        "weightedAverageShsOutDil": 5353867,
        "link": null,
        "finalLink": null
    },
    {
        "date": "1995-09-30",
        "symbol": "SITC",
        "reportedCurrency": "USD",
        "cik": "0000894315",
        "fillingDate": "1995-09-30",
        "acceptedDate": "1995-09-30 00:00:00",
        "calendarYear": "1995",
        "period": "Q3",
        "revenue": 27200000,
        "costOfRevenue": 0,
        "grossProfit": 27200000,
        "grossProfitRatio": 1,
        "researchAndDevelopmentExpenses": 0,
        "generalAndAdministrativeExpenses": 1600000,
        "sellingAndMarketingExpenses": 0,
        "sellingGeneralAndAdministrativeExpenses": 1600000,
        "otherExpenses": 0,
        "operatingExpenses": -11000000,
        "costAndExpenses": -11000000,
        "interestIncome": 0,
        "interestExpense": 11000000,
        "depreciationAndAmortization": -3900000,
        "ebitda": 38200000,
        "ebitdaratio": 1.4044117647,
        "operatingIncome": 11000000,
        "operatingIncomeRatio": 0.4044117647,
        "totalOtherIncomeExpensesNet": -38200000,
        "incomeBeforeTax": 7100000,
        "incomeBeforeTaxRatio": 0.2610294118,
        "incomeTaxExpense": -7100000,
        "netIncome": 7100000,
        "netIncomeRatio": 0.2610294118,
        "eps": 1.37,
        "epsdiluted": 1.37,
        "weightedAverageShsOut": 5182228,
        "weightedAverageShsOutDil": 5182228,
        "link": null,
        "finalLink": null
    },
    {
        "date": "1995-06-30",
        "symbol": "SITC",
        "reportedCurrency": "USD",
        "cik": "0000894315",
        "fillingDate": "1995-06-30",
        "acceptedDate": "1995-06-30 00:00:00",
        "calendarYear": "1995",
        "period": "Q2",
        "revenue": 26400000,
        "costOfRevenue": 0,
        "grossProfit": 26400000,
        "grossProfitRatio": 1,
        "researchAndDevelopmentExpenses": 0,
        "generalAndAdministrativeExpenses": 1700000,
        "sellingAndMarketingExpenses": 0,
        "sellingGeneralAndAdministrativeExpenses": 1700000,
        "otherExpenses": 0,
        "operatingExpenses": -10200000,
        "costAndExpenses": -10200000,
        "interestIncome": 0,
        "interestExpense": 10200000,
        "depreciationAndAmortization": -6400000,
        "ebitda": 36600000,
        "ebitdaratio": 1.3863636364,
        "operatingIncome": 10200000,
        "operatingIncomeRatio": 0.3863636364,
        "totalOtherIncomeExpensesNet": -32800000,
        "incomeBeforeTax": 3800000,
        "incomeBeforeTaxRatio": 0.1439393939,
        "incomeTaxExpense": -3800000,
        "netIncome": 3800000,
        "netIncomeRatio": 0.1439393939,
        "eps": 0.72,
        "epsdiluted": 0.72,
        "weightedAverageShsOut": 5269815,
        "weightedAverageShsOutDil": 5269815,
        "link": null,
        "finalLink": null
    },
    {
        "date": "1995-03-31",
        "symbol": "SITC",
        "reportedCurrency": "USD",
        "cik": "0000894315",
        "fillingDate": "1995-03-31",
        "acceptedDate": "1995-03-31 00:00:00",
        "calendarYear": "1995",
        "period": "Q1",
        "revenue": 25300000,
        "costOfRevenue": 0,
        "grossProfit": 25300000,
        "grossProfitRatio": 1,
        "researchAndDevelopmentExpenses": 0,
        "generalAndAdministrativeExpenses": 1600000,
        "sellingAndMarketingExpenses": 0,
        "sellingGeneralAndAdministrativeExpenses": 1600000,
        "otherExpenses": 0,
        "operatingExpenses": -10600000,
        "costAndExpenses": -10600000,
        "interestIncome": 0,
        "interestExpense": 10600000,
        "depreciationAndAmortization": -4500000,
        "ebitda": 35900000,
        "ebitdaratio": 1.418972332,
        "operatingIncome": 10600000,
        "operatingIncomeRatio": 0.418972332,
        "totalOtherIncomeExpensesNet": -4500000,
        "incomeBeforeTax": 6100000,
        "incomeBeforeTaxRatio": 0.2411067194,
        "incomeTaxExpense": -6100000,
        "netIncome": 6100000,
        "netIncomeRatio": 0.2411067194,
        "eps": 1.23,
        "epsdiluted": 1.23,
        "weightedAverageShsOut": 4976141,
        "weightedAverageShsOutDil": 4976141,
        "link": null,
        "finalLink": null
    },
    {
        "date": "1994-12-31",
        "symbol": "SITC",
        "reportedCurrency": "USD",
        "cik": "0000894315",
        "fillingDate": "1994-12-31",
        "acceptedDate": "1994-12-31 00:00:00",
        "calendarYear": "1994",
        "period": "Q4",
        "revenue": 22600000,
        "costOfRevenue": 0,
        "grossProfit": 22600000,
        "grossProfitRatio": 1,
        "researchAndDevelopmentExpenses": 0,
        "generalAndAdministrativeExpenses": 1400000,
        "sellingAndMarketingExpenses": 0,
        "sellingGeneralAndAdministrativeExpenses": 1400000,
        "otherExpenses": 0,
        "operatingExpenses": -9200000,
        "costAndExpenses": -9200000,
        "interestIncome": 0,
        "interestExpense": 9200000,
        "depreciationAndAmortization": -3600000,
        "ebitda": 31800000,
        "ebitdaratio": 1.407079646,
        "operatingIncome": 9200000,
        "operatingIncomeRatio": 0.407079646,
        "totalOtherIncomeExpensesNet": -3600000,
        "incomeBeforeTax": 5600000,
        "incomeBeforeTaxRatio": 0.2477876106,
        "incomeTaxExpense": -5600000,
        "netIncome": 5600000,
        "netIncomeRatio": 0.2477876106,
        "eps": 1.3,
        "epsdiluted": 1.29,
        "weightedAverageShsOut": 4315009,
        "weightedAverageShsOutDil": 4348252,
        "link": null,
        "finalLink": null
    },
    {
        "date": "1994-09-30",
        "symbol": "SITC",
        "reportedCurrency": "USD",
        "cik": "0000894315",
        "fillingDate": "1994-09-30",
        "acceptedDate": "1994-09-30 00:00:00",
        "calendarYear": "1994",
        "period": "Q3",
        "revenue": 21000000,
        "costOfRevenue": 0,
        "grossProfit": 21000000,
        "grossProfitRatio": 1,
        "researchAndDevelopmentExpenses": 0,
        "generalAndAdministrativeExpenses": 1400000,
        "sellingAndMarketingExpenses": 0,
        "sellingGeneralAndAdministrativeExpenses": 1400000,
        "otherExpenses": 0,
        "operatingExpenses": -8600000,
        "costAndExpenses": -8600000,
        "interestIncome": 0,
        "interestExpense": 8600000,
        "depreciationAndAmortization": -3400000,
        "ebitda": 29600000,
        "ebitdaratio": 1.4095238095,
        "operatingIncome": 8600000,
        "operatingIncomeRatio": 0.4095238095,
        "totalOtherIncomeExpensesNet": -3400000,
        "incomeBeforeTax": 5200000,
        "incomeBeforeTaxRatio": 0.2476190476,
        "incomeTaxExpense": -5200000,
        "netIncome": 5200000,
        "netIncomeRatio": 0.2476190476,
        "eps": 1.23,
        "epsdiluted": 1.23,
        "weightedAverageShsOut": 4241956,
        "weightedAverageShsOutDil": 4241956,
        "link": null,
        "finalLink": null
    },
    {
        "date": "1994-06-30",
        "symbol": "SITC",
        "reportedCurrency": "USD",
        "cik": "0000894315",
        "fillingDate": "1994-06-30",
        "acceptedDate": "1994-06-30 00:00:00",
        "calendarYear": "1994",
        "period": "Q2",
        "revenue": 19700000,
        "costOfRevenue": 0,
        "grossProfit": 19700000,
        "grossProfitRatio": 1,
        "researchAndDevelopmentExpenses": 0,
        "generalAndAdministrativeExpenses": 1500000,
        "sellingAndMarketingExpenses": 0,
        "sellingGeneralAndAdministrativeExpenses": 1500000,
        "otherExpenses": 0,
        "operatingExpenses": -7900000,
        "costAndExpenses": -7900000,
        "interestIncome": 0,
        "interestExpense": 7900000,
        "depreciationAndAmortization": -2600000,
        "ebitda": 27600000,
        "ebitdaratio": 1.4010152284,
        "operatingIncome": 7900000,
        "operatingIncomeRatio": 0.4010152284,
        "totalOtherIncomeExpensesNet": -27600000,
        "incomeBeforeTax": 5300000,
        "incomeBeforeTaxRatio": 0.269035533,
        "incomeTaxExpense": -5300000,
        "netIncome": 5300000,
        "netIncomeRatio": 0.269035533,
        "eps": 1.23,
        "epsdiluted": 1.23,
        "weightedAverageShsOut": 4323532,
        "weightedAverageShsOutDil": 4323532,
        "link": null,
        "finalLink": null
    },
    {
        "date": "1994-03-31",
        "symbol": "SITC",
        "reportedCurrency": "USD",
        "cik": "0000894315",
        "fillingDate": "1994-03-31",
        "acceptedDate": "1994-03-31 00:00:00",
        "calendarYear": "1994",
        "period": "Q1",
        "revenue": 18500000,
        "costOfRevenue": 0,
        "grossProfit": 18500000,
        "grossProfitRatio": 1,
        "researchAndDevelopmentExpenses": 0,
        "generalAndAdministrativeExpenses": 1300000,
        "sellingAndMarketingExpenses": 0,
        "sellingGeneralAndAdministrativeExpenses": 1300000,
        "otherExpenses": 0,
        "operatingExpenses": -7700000,
        "costAndExpenses": -7700000,
        "interestIncome": 0,
        "interestExpense": 7700000,
        "depreciationAndAmortization": -2500000,
        "ebitda": 26200000,
        "ebitdaratio": 1.4162162162,
        "operatingIncome": 7700000,
        "operatingIncomeRatio": 0.4162162162,
        "totalOtherIncomeExpensesNet": -26200000,
        "incomeBeforeTax": 5200000,
        "incomeBeforeTaxRatio": 0.2810810811,
        "incomeTaxExpense": -5200000,
        "netIncome": 5200000,
        "netIncomeRatio": 0.2810810811,
        "eps": 1.23,
        "epsdiluted": 1.23,
        "weightedAverageShsOut": 4241956,
        "weightedAverageShsOutDil": 4241956,
        "link": null,
        "finalLink": null
    },
    {
        "date": "1993-12-31",
        "symbol": "SITC",
        "reportedCurrency": "USD",
        "cik": "0000894315",
        "fillingDate": "1993-12-31",
        "acceptedDate": "1993-12-31 00:00:00",
        "calendarYear": "1993",
        "period": "Q4",
        "revenue": 13200000,
        "costOfRevenue": 0,
        "grossProfit": 13200000,
        "grossProfitRatio": 1,
        "researchAndDevelopmentExpenses": 0,
        "generalAndAdministrativeExpenses": 1100000,
        "sellingAndMarketingExpenses": 0,
        "sellingGeneralAndAdministrativeExpenses": 1100000,
        "otherExpenses": 0,
        "operatingExpenses": -6700000,
        "costAndExpenses": -6700000,
        "interestIncome": 0,
        "interestExpense": 6700000,
        "depreciationAndAmortization": -6900000,
        "ebitda": 19900000,
        "ebitdaratio": 1.5075757576,
        "operatingIncome": 6700000,
        "operatingIncomeRatio": 0.5075757576,
        "totalOtherIncomeExpensesNet": -19900000,
        "incomeBeforeTax": -200000,
        "incomeBeforeTaxRatio": -0.0151515152,
        "incomeTaxExpense": 200000,
        "netIncome": -200000,
        "netIncomeRatio": -0.0151515152,
        "eps": -0.0542,
        "epsdiluted": -0.0542,
        "weightedAverageShsOut": 3690244,
        "weightedAverageShsOutDil": 3690244,
        "link": null,
        "finalLink": null
    },
    {
        "date": "1993-09-30",
        "symbol": "SITC",
        "reportedCurrency": "USD",
        "cik": "0000894315",
        "fillingDate": "1993-09-30",
        "acceptedDate": "1993-09-30 00:00:00",
        "calendarYear": "1993",
        "period": "Q3",
        "revenue": 14300000,
        "costOfRevenue": 0,
        "grossProfit": 14300000,
        "grossProfitRatio": 1,
        "researchAndDevelopmentExpenses": 0,
        "generalAndAdministrativeExpenses": 1100000,
        "sellingAndMarketingExpenses": 0,
        "sellingGeneralAndAdministrativeExpenses": 1100000,
        "otherExpenses": 0,
        "operatingExpenses": -6000000,
        "costAndExpenses": -6000000,
        "interestIncome": 0,
        "interestExpense": 6000000,
        "depreciationAndAmortization": -2900000,
        "ebitda": 20300000,
        "ebitdaratio": 1.4195804196,
        "operatingIncome": 6000000,
        "operatingIncomeRatio": 0.4195804196,
        "totalOtherIncomeExpensesNet": -20300000,
        "incomeBeforeTax": 3100000,
        "incomeBeforeTaxRatio": 0.2167832168,
        "incomeTaxExpense": -3100000,
        "netIncome": 3100000,
        "netIncomeRatio": 0.2167832168,
        "eps": 1.01,
        "epsdiluted": 1.01,
        "weightedAverageShsOut": 3070757,
        "weightedAverageShsOutDil": 3070757,
        "link": null,
        "finalLink": null
    },
    {
        "date": "1993-06-30",
        "symbol": "SITC",
        "reportedCurrency": "USD",
        "cik": "0000894315",
        "fillingDate": "1993-06-30",
        "acceptedDate": "1993-06-30 00:00:00",
        "calendarYear": "1993",
        "period": "Q2",
        "revenue": 12400000,
        "costOfRevenue": 0,
        "grossProfit": 12400000,
        "grossProfitRatio": 1,
        "researchAndDevelopmentExpenses": 0,
        "generalAndAdministrativeExpenses": 900000,
        "sellingAndMarketingExpenses": 0,
        "sellingGeneralAndAdministrativeExpenses": 900000,
        "otherExpenses": 0,
        "operatingExpenses": -5500000,
        "costAndExpenses": -5500000,
        "interestIncome": 0,
        "interestExpense": 5500000,
        "depreciationAndAmortization": -2700000,
        "ebitda": 17900000,
        "ebitdaratio": 1.4435483871,
        "operatingIncome": 5500000,
        "operatingIncomeRatio": 0.4435483871,
        "totalOtherIncomeExpensesNet": -2700000,
        "incomeBeforeTax": 2800000,
        "incomeBeforeTaxRatio": 0.2258064516,
        "incomeTaxExpense": -2800000,
        "netIncome": 2800000,
        "netIncomeRatio": 0.2258064516,
        "eps": 0.87,
        "epsdiluted": 0.87,
        "weightedAverageShsOut": 3235851,
        "weightedAverageShsOutDil": 3235851,
        "link": null,
        "finalLink": null
    },
    {
        "date": "1993-03-31",
        "symbol": "SITC",
        "reportedCurrency": "USD",
        "cik": "0000894315",
        "fillingDate": "1993-03-31",
        "acceptedDate": "1993-03-31 00:00:00",
        "calendarYear": "1993",
        "period": "Q1",
        "revenue": 11800000,
        "costOfRevenue": 0,
        "grossProfit": 11800000,
        "grossProfitRatio": 1,
        "researchAndDevelopmentExpenses": 0,
        "generalAndAdministrativeExpenses": 900000,
        "sellingAndMarketingExpenses": 0,
        "sellingGeneralAndAdministrativeExpenses": 900000,
        "otherExpenses": 0,
        "operatingExpenses": -7900000,
        "costAndExpenses": -7900000,
        "interestIncome": 0,
        "interestExpense": 7900000,
        "depreciationAndAmortization": -10200000,
        "ebitda": 19700000,
        "ebitdaratio": 1.6694915254,
        "operatingIncome": 7900000,
        "operatingIncomeRatio": 0.6694915254,
        "totalOtherIncomeExpensesNet": -10200000,
        "incomeBeforeTax": -2300000,
        "incomeBeforeTaxRatio": -0.1949152542,
        "incomeTaxExpense": 2300000,
        "netIncome": -2300000,
        "netIncomeRatio": -0.1949152542,
        "eps": -0.71,
        "epsdiluted": -0.71,
        "weightedAverageShsOut": 3222352,
        "weightedAverageShsOutDil": 3222352,
        "link": null,
        "finalLink": null
    }
]