[
    {
        "date": "2022-12-31",
        "symbol": "SIVB",
        "reportedCurrency": "USD",
        "cik": "0000719739",
        "fillingDate": "2023-02-24",
        "acceptedDate": "2023-02-24 10:43:08",
        "calendarYear": "2022",
        "period": "Q4",
        "revenue": 1528000000,
        "costOfRevenue": 0,
        "grossProfit": 1528000000,
        "grossProfitRatio": 1,
        "researchAndDevelopmentExpenses": 0,
        "generalAndAdministrativeExpenses": 685000000,
        "sellingAndMarketingExpenses": 0,
        "sellingGeneralAndAdministrativeExpenses": 685000000,
        "otherExpenses": 72000000,
        "operatingExpenses": -344000000,
        "costAndExpenses": 1768000000,
        "interestIncome": 1756000000,
        "interestExpense": 718000000,
        "depreciationAndAmortization": -155000000,
        "ebitda": 1251000000,
        "ebitdaratio": 0.8187172775,
        "operatingIncome": 1184000000,
        "operatingIncomeRatio": 0.7748691099,
        "totalOtherIncomeExpensesNet": -805000000,
        "incomeBeforeTax": 379000000,
        "incomeBeforeTaxRatio": 0.2480366492,
        "incomeTaxExpense": 74000000,
        "netIncome": 315000000,
        "netIncomeRatio": 0.2061518325,
        "eps": 5.33,
        "epsdiluted": 5.3,
        "weightedAverageShsOut": 59113000,
        "weightedAverageShsOutDil": 59455000,
        "link": "https://www.sec.gov/Archives/edgar/data/719739/000071973923000021/0000719739-23-000021-index.htm",
        "finalLink": "https://www.sec.gov/Archives/edgar/data/719739/000071973923000021/sivb-20221231.htm"
    },
    {
        "date": "2022-09-30",
        "symbol": "SIVB",
        "reportedCurrency": "USD",
        "cik": "0000719739",
        "fillingDate": "2022-11-07",
        "acceptedDate": "2022-11-07 06:54:52",
        "calendarYear": "2022",
        "period": "Q3",
        "revenue": 1521000000,
        "costOfRevenue": 0,
        "grossProfit": 36000000,
        "grossProfitRatio": 0.0236686391,
        "researchAndDevelopmentExpenses": 0,
        "generalAndAdministrativeExpenses": 609000000,
        "sellingAndMarketingExpenses": 0,
        "sellingGeneralAndAdministrativeExpenses": 609000000,
        "otherExpenses": 362000000,
        "operatingExpenses": 971000000,
        "costAndExpenses": 971000000,
        "interestIncome": 1521000000,
        "interestExpense": 323000000,
        "depreciationAndAmortization": 55000000,
        "ebitda": 1062000000,
        "ebitdaratio": 0.6982248521,
        "operatingIncome": 1007000000,
        "operatingIncomeRatio": 0.6620644313,
        "totalOtherIncomeExpensesNet": -414000000,
        "incomeBeforeTax": 593000000,
        "incomeBeforeTaxRatio": 0.3898750822,
        "incomeTaxExpense": 175000000,
        "netIncome": 469000000,
        "netIncomeRatio": 0.3083497699,
        "eps": 7.26,
        "epsdiluted": 7.21,
        "weightedAverageShsOut": 59096000,
        "weightedAverageShsOutDil": 59549000,
        "link": "https://www.sec.gov/Archives/edgar/data/719739/000071973922000081/0000719739-22-000081-index.htm",
        "finalLink": "https://www.sec.gov/Archives/edgar/data/719739/000071973922000081/sivb-20220930.htm"
    },
    {
        "date": "2022-06-30",
        "symbol": "SIVB",
        "reportedCurrency": "USD",
        "cik": "0000719739",
        "fillingDate": "2022-08-08",
        "acceptedDate": "2022-08-08 07:19:20",
        "calendarYear": "2022",
        "period": "Q2",
        "revenue": 1274000000,
        "costOfRevenue": 0,
        "grossProfit": 255000000,
        "grossProfitRatio": 0.2001569859,
        "researchAndDevelopmentExpenses": 0,
        "generalAndAdministrativeExpenses": 545000000,
        "sellingAndMarketingExpenses": 0,
        "sellingGeneralAndAdministrativeExpenses": 545000000,
        "otherExpenses": -146000000,
        "operatingExpenses": 399000000,
        "costAndExpenses": 399000000,
        "interestIncome": 1274000000,
        "interestExpense": 107000000,
        "depreciationAndAmortization": 50000000,
        "ebitda": 704000000,
        "ebitdaratio": 0.5525902669,
        "operatingIncome": 654000000,
        "operatingIncomeRatio": 0.5133437991,
        "totalOtherIncomeExpensesNet": 629000000,
        "incomeBeforeTax": 485000000,
        "incomeBeforeTaxRatio": 0.3806907378,
        "incomeTaxExpense": 132000000,
        "netIncome": 373000000,
        "netIncomeRatio": 0.2927786499,
        "eps": 6.27,
        "epsdiluted": 6.27,
        "weightedAverageShsOut": 58935000,
        "weightedAverageShsOutDil": 59454000,
        "link": "https://www.sec.gov/Archives/edgar/data/719739/000071973922000055/0000719739-22-000055-index.htm",
        "finalLink": "https://www.sec.gov/Archives/edgar/data/719739/000071973922000055/sivb-20220630.htm"
    },
    {
        "date": "2022-03-31",
        "symbol": "SIVB",
        "reportedCurrency": "USD",
        "cik": "0000719739",
        "fillingDate": "2022-05-06",
        "acceptedDate": "2022-05-06 16:19:36",
        "calendarYear": "2022",
        "period": "Q1",
        "revenue": 1122000000,
        "costOfRevenue": 0,
        "grossProfit": 477000000,
        "grossProfitRatio": 0.4251336898,
        "researchAndDevelopmentExpenses": 0,
        "generalAndAdministrativeExpenses": 614000000,
        "sellingAndMarketingExpenses": 0,
        "sellingGeneralAndAdministrativeExpenses": 614000000,
        "otherExpenses": -288000000,
        "operatingExpenses": 326000000,
        "costAndExpenses": 326000000,
        "interestIncome": 1122000000,
        "interestExpense": 40000000,
        "depreciationAndAmortization": 50000000,
        "ebitda": 853000000,
        "ebitdaratio": 0.7602495544,
        "operatingIncome": 803000000,
        "operatingIncomeRatio": 0.7156862745,
        "totalOtherIncomeExpensesNet": -88000000,
        "incomeBeforeTax": 715000000,
        "incomeBeforeTaxRatio": 0.637254902,
        "incomeTaxExpense": 182000000,
        "netIncome": 515000000,
        "netIncomeRatio": 0.4590017825,
        "eps": 8.64,
        "epsdiluted": 8.64,
        "weightedAverageShsOut": 58800000,
        "weightedAverageShsOutDil": 59599000,
        "link": "https://www.sec.gov/Archives/edgar/data/719739/000071973922000040/0000719739-22-000040-index.htm",
        "finalLink": "https://www.sec.gov/Archives/edgar/data/719739/000071973922000040/sivb-20220331.htm"
    },
    {
        "date": "2021-12-31",
        "symbol": "SIVB",
        "reportedCurrency": "USD",
        "cik": "0000719739",
        "fillingDate": "2022-03-01",
        "acceptedDate": "2022-03-01 07:13:07",
        "calendarYear": "2021",
        "period": "Q4",
        "revenue": 1500000000,
        "costOfRevenue": 0,
        "grossProfit": 1500000000,
        "grossProfitRatio": 1,
        "researchAndDevelopmentExpenses": 0,
        "generalAndAdministrativeExpenses": 623000000,
        "sellingAndMarketingExpenses": 0,
        "sellingGeneralAndAdministrativeExpenses": 623000000,
        "otherExpenses": -1551000000,
        "operatingExpenses": -1480850000,
        "costAndExpenses": -928000000,
        "interestIncome": 975000000,
        "interestExpense": 36000000,
        "depreciationAndAmortization": 45000000,
        "ebitda": 617000000,
        "ebitdaratio": 0.4113333333,
        "operatingIncome": 572000000,
        "operatingIncomeRatio": 0.3813333333,
        "totalOtherIncomeExpensesNet": -22000000,
        "incomeBeforeTax": 550000000,
        "incomeBeforeTaxRatio": 0.3666666667,
        "incomeTaxExpense": 142000000,
        "netIncome": 408000000,
        "netIncomeRatio": 0.272,
        "eps": 6.95,
        "epsdiluted": 6.84,
        "weightedAverageShsOut": 58703000,
        "weightedAverageShsOutDil": 59624000,
        "link": "https://www.sec.gov/Archives/edgar/data/719739/000071973922000023/0000719739-22-000023-index.htm",
        "finalLink": "https://www.sec.gov/Archives/edgar/data/719739/000071973922000023/sivb-20211231.htm"
    },
    {
        "date": "2021-09-30",
        "symbol": "SIVB",
        "reportedCurrency": "USD",
        "cik": "0000719739",
        "fillingDate": "2021-11-08",
        "acceptedDate": "2021-11-05 20:15:05",
        "calendarYear": "2021",
        "period": "Q3",
        "revenue": 884000000,
        "costOfRevenue": 0,
        "grossProfit": 1524000000,
        "grossProfitRatio": 1.7239819005,
        "researchAndDevelopmentExpenses": 0,
        "generalAndAdministrativeExpenses": 567000000,
        "sellingAndMarketingExpenses": 0,
        "sellingGeneralAndAdministrativeExpenses": 567000000,
        "otherExpenses": -1523000000,
        "operatingExpenses": -956000000,
        "costAndExpenses": -956000000,
        "interestIncome": 884000000,
        "interestExpense": 32000000,
        "depreciationAndAmortization": 45000000,
        "ebitda": 613000000,
        "ebitdaratio": 0.693438914,
        "operatingIncome": 568000000,
        "operatingIncomeRatio": 0.6425339367,
        "totalOtherIncomeExpensesNet": 56000000,
        "incomeBeforeTax": 624000000,
        "incomeBeforeTaxRatio": 0.7058823529,
        "incomeTaxExpense": 149000000,
        "netIncome": 387000000,
        "netIncomeRatio": 0.4377828054,
        "eps": 6.7,
        "epsdiluted": 6.61,
        "weightedAverageShsOut": 57723000,
        "weightedAverageShsOutDil": 58521000,
        "link": "https://www.sec.gov/Archives/edgar/data/719739/000071973921000071/0000719739-21-000071-index.htm",
        "finalLink": "https://www.sec.gov/Archives/edgar/data/719739/000071973921000071/sivb-20210930.htm"
    },
    {
        "date": "2021-06-30",
        "symbol": "SIVB",
        "reportedCurrency": "USD",
        "cik": "0000719739",
        "fillingDate": "2021-08-06",
        "acceptedDate": "2021-08-06 08:29:51",
        "calendarYear": "2021",
        "period": "Q2",
        "revenue": 1470000000,
        "costOfRevenue": 0,
        "grossProfit": 1470000000,
        "grossProfitRatio": 1,
        "researchAndDevelopmentExpenses": 0,
        "generalAndAdministrativeExpenses": 447000000,
        "sellingAndMarketingExpenses": 0,
        "sellingGeneralAndAdministrativeExpenses": 447000000,
        "otherExpenses": -1206000000,
        "operatingExpenses": -759000000,
        "costAndExpenses": -759000000,
        "interestIncome": 751000000,
        "interestExpense": 23000000,
        "depreciationAndAmortization": 30051000,
        "ebitda": 741051000,
        "ebitdaratio": 0.5041163265,
        "operatingIncome": 711000000,
        "operatingIncomeRatio": 0.4836734694,
        "totalOtherIncomeExpensesNet": 90000000,
        "incomeBeforeTax": 801000000,
        "incomeBeforeTaxRatio": 0.5448979592,
        "incomeTaxExpense": 173000000,
        "netIncome": 515000000,
        "netIncomeRatio": 0.3503401361,
        "eps": 9.48,
        "epsdiluted": 9.34,
        "weightedAverageShsOut": 54353000,
        "weightedAverageShsOutDil": 55152000,
        "link": "https://www.sec.gov/Archives/edgar/data/719739/000071973921000060/0000719739-21-000060-index.htm",
        "finalLink": "https://www.sec.gov/Archives/edgar/data/719739/000071973921000060/sivb-20210630.htm"
    },
    {
        "date": "2021-03-31",
        "symbol": "SIVB",
        "reportedCurrency": "USD",
        "cik": "0000719739",
        "fillingDate": "2021-05-10",
        "acceptedDate": "2021-05-10 08:27:00",
        "calendarYear": "2021",
        "period": "Q1",
        "revenue": 678746000,
        "costOfRevenue": 0,
        "grossProfit": 1382224000,
        "grossProfitRatio": 2.0364377838,
        "researchAndDevelopmentExpenses": 0,
        "generalAndAdministrativeExpenses": 466850000,
        "sellingAndMarketingExpenses": 0,
        "sellingGeneralAndAdministrativeExpenses": 466850000,
        "otherExpenses": -1105778000,
        "operatingExpenses": -638928000,
        "costAndExpenses": -638928000,
        "interestIncome": 678746000,
        "interestExpense": 19167000,
        "depreciationAndAmortization": 30949000,
        "ebitda": 774245000,
        "ebitdaratio": 1.1406991717,
        "operatingIncome": 743296000,
        "operatingIncomeRatio": 1.0951018496,
        "totalOtherIncomeExpensesNet": 5783000,
        "incomeBeforeTax": 749079000,
        "incomeBeforeTaxRatio": 1.1036219735,
        "incomeTaxExpense": 187315000,
        "netIncome": 536814000,
        "netIncomeRatio": 0.7908908487,
        "eps": 10.29,
        "epsdiluted": 10.11,
        "weightedAverageShsOut": 52180000,
        "weightedAverageShsOutDil": 53076000,
        "link": "https://www.sec.gov/Archives/edgar/data/719739/000071973921000036/0000719739-21-000036-index.htm",
        "finalLink": "https://www.sec.gov/Archives/edgar/data/719739/000071973921000036/sivb-20210331.htm"
    },
    {
        "date": "2020-12-31",
        "symbol": "SIVB",
        "reportedCurrency": "USD",
        "cik": "0000719739",
        "fillingDate": "2021-03-01",
        "acceptedDate": "2021-03-01 08:29:10",
        "calendarYear": "2020",
        "period": "Q4",
        "revenue": 1193033000,
        "costOfRevenue": 0,
        "grossProfit": 1193033000,
        "grossProfitRatio": 1,
        "researchAndDevelopmentExpenses": 0,
        "generalAndAdministrativeExpenses": 436331000,
        "sellingAndMarketingExpenses": 0,
        "sellingGeneralAndAdministrativeExpenses": 436331000,
        "otherExpenses": 0,
        "operatingExpenses": -963734000,
        "costAndExpenses": -963734000,
        "interestIncome": 607558000,
        "interestExpense": 16078000,
        "depreciationAndAmortization": 27233000,
        "ebitda": 584317000,
        "ebitdaratio": 0.4897743818,
        "operatingIncome": 557084000,
        "operatingIncomeRatio": 0.4669476871,
        "totalOtherIncomeExpensesNet": 29813000,
        "incomeBeforeTax": 586897000,
        "incomeBeforeTaxRatio": 0.4919369372,
        "incomeTaxExpense": 148096000,
        "netIncome": 392910000,
        "netIncomeRatio": 0.3293370762,
        "eps": 7.58,
        "epsdiluted": 7.49,
        "weightedAverageShsOut": 51817000,
        "weightedAverageShsOutDil": 52466000,
        "link": "https://www.sec.gov/Archives/edgar/data/719739/000071973921000023/0000719739-21-000023-index.htm",
        "finalLink": "https://www.sec.gov/Archives/edgar/data/719739/000071973921000023/sivb-20201231.htm"
    },
    {
        "date": "2020-09-30",
        "symbol": "SIVB",
        "reportedCurrency": "USD",
        "cik": "0000719739",
        "fillingDate": "2020-11-05",
        "acceptedDate": "2020-11-05 16:07:26",
        "calendarYear": "2020",
        "period": "Q3",
        "revenue": 543127000,
        "costOfRevenue": 0,
        "grossProfit": 1058907000,
        "grossProfitRatio": 1.9496489771,
        "researchAndDevelopmentExpenses": 0,
        "generalAndAdministrativeExpenses": 344539000,
        "sellingAndMarketingExpenses": 0,
        "sellingGeneralAndAdministrativeExpenses": 344539000,
        "otherExpenses": -779487000,
        "operatingExpenses": -434948000,
        "costAndExpenses": -434948000,
        "interestIncome": 543127000,
        "interestExpense": 15387000,
        "depreciationAndAmortization": 23957000,
        "ebitda": 647916000,
        "ebitdaratio": 1.1929364587,
        "operatingIncome": 623959000,
        "operatingIncomeRatio": 1.1488270699,
        "totalOtherIncomeExpensesNet": 12361000,
        "incomeBeforeTax": 636320000,
        "incomeBeforeTaxRatio": 1.1715860195,
        "incomeTaxExpense": 162265000,
        "netIncome": 446307000,
        "netIncomeRatio": 0.8217359844,
        "eps": 8.62,
        "epsdiluted": 8.56,
        "weightedAverageShsOut": 51773000,
        "weightedAverageShsOutDil": 52147000,
        "link": "https://www.sec.gov/Archives/edgar/data/719739/000071973920000074/0000719739-20-000074-index.htm",
        "finalLink": "https://www.sec.gov/Archives/edgar/data/719739/000071973920000074/sivb-20200930.htm"
    },
    {
        "date": "2020-06-30",
        "symbol": "SIVB",
        "reportedCurrency": "USD",
        "cik": "0000719739",
        "fillingDate": "2020-08-07",
        "acceptedDate": "2020-08-07 20:22:27",
        "calendarYear": "2020",
        "period": "Q2",
        "revenue": 860757000,
        "costOfRevenue": 0,
        "grossProfit": 860757000,
        "grossProfitRatio": 1,
        "researchAndDevelopmentExpenses": 0,
        "generalAndAdministrativeExpenses": 336637000,
        "sellingAndMarketingExpenses": 0,
        "sellingGeneralAndAdministrativeExpenses": 336637000,
        "otherExpenses": -865400000,
        "operatingExpenses": -528763000,
        "costAndExpenses": -528763000,
        "interestIncome": 523523000,
        "interestExpense": 10596000,
        "depreciationAndAmortization": 24826000,
        "ebitda": 356820000,
        "ebitdaratio": 0.4145420833,
        "operatingIncome": 331994000,
        "operatingIncomeRatio": 0.3857000292,
        "totalOtherIncomeExpensesNet": 3664000,
        "incomeBeforeTax": 335658000,
        "incomeBeforeTaxRatio": 0.3899567474,
        "incomeTaxExpense": 87869000,
        "netIncome": 233529000,
        "netIncomeRatio": 0.271306536,
        "eps": 4.53,
        "epsdiluted": 4.51,
        "weightedAverageShsOut": 51581000,
        "weightedAverageShsOutDil": 51795000,
        "link": "https://www.sec.gov/Archives/edgar/data/719739/000071973920000055/0000719739-20-000055-index.htm",
        "finalLink": "https://www.sec.gov/Archives/edgar/data/719739/000071973920000055/sivb-6302020x10q.htm"
    },
    {
        "date": "2020-03-31",
        "symbol": "SIVB",
        "reportedCurrency": "USD",
        "cik": "0000719739",
        "fillingDate": "2020-05-11",
        "acceptedDate": "2020-05-11 09:26:52",
        "calendarYear": "2020",
        "period": "Q1",
        "revenue": 807152000,
        "costOfRevenue": 0,
        "grossProfit": 807152000,
        "grossProfitRatio": 1,
        "researchAndDevelopmentExpenses": 0,
        "generalAndAdministrativeExpenses": 282558000,
        "sellingAndMarketingExpenses": 0,
        "sellingGeneralAndAdministrativeExpenses": 282558000,
        "otherExpenses": -861466000,
        "operatingExpenses": -578908000,
        "costAndExpenses": -578908000,
        "interestIncome": 567402000,
        "interestExpense": 43265000,
        "depreciationAndAmortization": 24824000,
        "ebitda": 253068000,
        "ebitdaratio": 0.3135320237,
        "operatingIncome": 228244000,
        "operatingIncomeRatio": 0.2827769739,
        "totalOtherIncomeExpensesNet": -45238000,
        "incomeBeforeTax": 183006000,
        "incomeBeforeTaxRatio": 0.2267305291,
        "incomeTaxExpense": 49357000,
        "netIncome": 135622000,
        "netIncomeRatio": 0.1680253533,
        "eps": 2.63,
        "epsdiluted": 2.61,
        "weightedAverageShsOut": 51565000,
        "weightedAverageShsOutDil": 51944000,
        "link": "https://www.sec.gov/Archives/edgar/data/719739/000071973920000036/0000719739-20-000036-index.htm",
        "finalLink": "https://www.sec.gov/Archives/edgar/data/719739/000071973920000036/sivb-3312020x10q.htm"
    },
    {
        "date": "2019-12-31",
        "symbol": "SIVB",
        "reportedCurrency": "USD",
        "cik": "0000719739",
        "fillingDate": "2020-02-28",
        "acceptedDate": "2020-02-28 16:20:25",
        "calendarYear": "2019",
        "period": "Q4",
        "revenue": 838721000,
        "costOfRevenue": 0,
        "grossProfit": 838721000,
        "grossProfitRatio": 1,
        "researchAndDevelopmentExpenses": 0,
        "generalAndAdministrativeExpenses": 305162000,
        "sellingAndMarketingExpenses": 0,
        "sellingGeneralAndAdministrativeExpenses": 305162000,
        "otherExpenses": 0,
        "operatingExpenses": -802191000,
        "costAndExpenses": -802191000,
        "interestIncome": 588735000,
        "interestExpense": 55067000,
        "depreciationAndAmortization": 22309000,
        "ebitda": 434293000,
        "ebitdaratio": 0.5178038943,
        "operatingIncome": 411984000,
        "operatingIncomeRatio": 0.491205061,
        "totalOtherIncomeExpensesNet": -43107000,
        "incomeBeforeTax": 368877000,
        "incomeBeforeTaxRatio": 0.4398089472,
        "incomeTaxExpense": 94061000,
        "netIncome": 262856000,
        "netIncomeRatio": 0.3134009999,
        "eps": 5.1,
        "epsdiluted": 5.06,
        "weightedAverageShsOut": 51587000,
        "weightedAverageShsOutDil": 51959000,
        "link": "https://www.sec.gov/Archives/edgar/data/719739/000071973920000016/0000719739-20-000016-index.htm",
        "finalLink": "https://www.sec.gov/Archives/edgar/data/719739/000071973920000016/sivb-12312019x10k.htm"
    },
    {
        "date": "2019-09-30",
        "symbol": "SIVB",
        "reportedCurrency": "USD",
        "cik": "0000719739",
        "fillingDate": "2019-11-12",
        "acceptedDate": "2019-11-12 06:28:04",
        "calendarYear": "2019",
        "period": "Q3",
        "revenue": 583892000,
        "costOfRevenue": 0,
        "grossProfit": 799015000,
        "grossProfitRatio": 1.3684294356,
        "researchAndDevelopmentExpenses": 0,
        "generalAndAdministrativeExpenses": 265567000,
        "sellingAndMarketingExpenses": 0,
        "sellingGeneralAndAdministrativeExpenses": 265567000,
        "otherExpenses": -628978000,
        "operatingExpenses": -363411000,
        "costAndExpenses": -363411000,
        "interestIncome": 583892000,
        "interestExpense": 63248000,
        "depreciationAndAmortization": 19584000,
        "ebitda": 455188000,
        "ebitdaratio": 0.779575675,
        "operatingIncome": 435604000,
        "operatingIncomeRatio": 0.7460352257,
        "totalOtherIncomeExpensesNet": -48811000,
        "incomeBeforeTax": 386793000,
        "incomeBeforeTaxRatio": 0.6624392867,
        "incomeTaxExpense": 105075000,
        "netIncome": 267281000,
        "netIncomeRatio": 0.457757599,
        "eps": 5.19,
        "epsdiluted": 5.15,
        "weightedAverageShsOut": 51545000,
        "weightedAverageShsOutDil": 51858000,
        "link": "https://www.sec.gov/Archives/edgar/data/719739/000071973919000075/0000719739-19-000075-index.htm",
        "finalLink": "https://www.sec.gov/Archives/edgar/data/719739/000071973919000075/sivb-9302019x10q.htm"
    },
    {
        "date": "2019-06-30",
        "symbol": "SIVB",
        "reportedCurrency": "USD",
        "cik": "0000719739",
        "fillingDate": "2019-08-09",
        "acceptedDate": "2019-08-09 13:46:09",
        "calendarYear": "2019",
        "period": "Q2",
        "revenue": 585767000,
        "costOfRevenue": 0,
        "grossProfit": 844124000,
        "grossProfitRatio": 1.4410576219,
        "researchAndDevelopmentExpenses": 0,
        "generalAndAdministrativeExpenses": 271296000,
        "sellingAndMarketingExpenses": 0,
        "sellingGeneralAndAdministrativeExpenses": 271296000,
        "otherExpenses": -621955000,
        "operatingExpenses": -350659000,
        "costAndExpenses": -350659000,
        "interestIncome": 585767000,
        "interestExpense": 56364000,
        "depreciationAndAmortization": 19994000,
        "ebitda": 513459000,
        "ebitdaratio": 0.8765584268,
        "operatingIncome": 493465000,
        "operatingIncomeRatio": 0.8424254012,
        "totalOtherIncomeExpensesNet": -37780000,
        "incomeBeforeTax": 455685000,
        "incomeBeforeTaxRatio": 0.7779287669,
        "incomeTaxExpense": 119114000,
        "netIncome": 317987000,
        "netIncomeRatio": 0.5428557771,
        "eps": 6.12,
        "epsdiluted": 6.08,
        "weightedAverageShsOut": 51955000,
        "weightedAverageShsOutDil": 52336000,
        "link": "https://www.sec.gov/Archives/edgar/data/719739/000071973919000052/0000719739-19-000052-index.htm",
        "finalLink": "https://www.sec.gov/Archives/edgar/data/719739/000071973919000052/sivb-6302019x10q.htm"
    },
    {
        "date": "2019-03-31",
        "symbol": "SIVB",
        "reportedCurrency": "USD",
        "cik": "0000719739",
        "fillingDate": "2019-05-09",
        "acceptedDate": "2019-05-09 16:09:37",
        "calendarYear": "2019",
        "period": "Q1",
        "revenue": 551014000,
        "costOfRevenue": 0,
        "grossProfit": 777640000,
        "grossProfitRatio": 1.4112890054,
        "researchAndDevelopmentExpenses": 0,
        "generalAndAdministrativeExpenses": 265328000,
        "sellingAndMarketingExpenses": 0,
        "sellingGeneralAndAdministrativeExpenses": 265328000,
        "otherExpenses": -608673000,
        "operatingExpenses": -343345000,
        "costAndExpenses": -343345000,
        "interestIncome": 551014000,
        "interestExpense": 38128000,
        "depreciationAndAmortization": 20830000,
        "ebitda": 455125000,
        "ebitdaratio": 0.8259771984,
        "operatingIncome": 434295000,
        "operatingIncomeRatio": 0.7881741662,
        "totalOtherIncomeExpensesNet": -35248000,
        "incomeBeforeTax": 399047000,
        "incomeBeforeTaxRatio": 0.7242048296,
        "incomeTaxExpense": 107435000,
        "netIncome": 288732000,
        "netIncomeRatio": 0.5240012051,
        "eps": 5.49,
        "epsdiluted": 5.44,
        "weightedAverageShsOut": 52587000,
        "weightedAverageShsOutDil": 53109000,
        "link": "https://www.sec.gov/Archives/edgar/data/719739/000071973919000034/0000719739-19-000034-index.htm",
        "finalLink": "https://www.sec.gov/Archives/edgar/data/719739/000071973919000034/sivb-3312019x10q.htm"
    },
    {
        "date": "2018-12-31",
        "symbol": "SIVB",
        "reportedCurrency": "USD",
        "cik": "0000719739",
        "fillingDate": "2019-02-28",
        "acceptedDate": "2019-02-28 17:09:01",
        "calendarYear": "2018",
        "period": "Q4",
        "revenue": 689718000,
        "costOfRevenue": 0,
        "grossProfit": 689718000,
        "grossProfitRatio": 1,
        "researchAndDevelopmentExpenses": 0,
        "generalAndAdministrativeExpenses": 208380000,
        "sellingAndMarketingExpenses": 0,
        "sellingGeneralAndAdministrativeExpenses": 208380000,
        "otherExpenses": 0,
        "operatingExpenses": -628675000,
        "costAndExpenses": -628675000,
        "interestIncome": 542897000,
        "interestExpense": 28437000,
        "depreciationAndAmortization": 14517000,
        "ebitda": 414218000,
        "ebitdaratio": 0.6005613889,
        "operatingIncome": 399701000,
        "operatingIncomeRatio": 0.5795136563,
        "totalOtherIncomeExpensesNet": -19770000,
        "incomeBeforeTax": 379931000,
        "incomeBeforeTaxRatio": 0.5508497676,
        "incomeTaxExpense": 105000000,
        "netIncome": 266264000,
        "netIncomeRatio": 0.3860476311,
        "eps": 5.01,
        "epsdiluted": 4.96,
        "weightedAverageShsOut": 53125000,
        "weightedAverageShsOutDil": 53685000,
        "link": "https://www.sec.gov/Archives/edgar/data/719739/000071973919000018/0000719739-19-000018-index.htm",
        "finalLink": "https://www.sec.gov/Archives/edgar/data/719739/000071973919000018/sivb-12312018x10k.htm"
    },
    {
        "date": "2018-09-30",
        "symbol": "SIVB",
        "reportedCurrency": "USD",
        "cik": "0000719739",
        "fillingDate": "2018-11-09",
        "acceptedDate": "2018-11-09 09:08:36",
        "calendarYear": "2018",
        "period": "Q3",
        "revenue": 513313000,
        "costOfRevenue": 0,
        "grossProfit": 694081000,
        "grossProfitRatio": 1.3521594037,
        "researchAndDevelopmentExpenses": 0,
        "generalAndAdministrativeExpenses": 224747000,
        "sellingAndMarketingExpenses": 0,
        "sellingGeneralAndAdministrativeExpenses": 224747000,
        "otherExpenses": -528612000,
        "operatingExpenses": -303865000,
        "costAndExpenses": -303865000,
        "interestIncome": 513313000,
        "interestExpense": 20091000,
        "depreciationAndAmortization": 14487000,
        "ebitda": 404703000,
        "ebitdaratio": 0.7884136969,
        "operatingIncome": 390216000,
        "operatingIncomeRatio": 0.7601911504,
        "totalOtherIncomeExpensesNet": -13543000,
        "incomeBeforeTax": 376673000,
        "incomeBeforeTaxRatio": 0.7338076378,
        "incomeTaxExpense": 95308000,
        "netIncome": 274817000,
        "netIncomeRatio": 0.5353789988,
        "eps": 5.16,
        "epsdiluted": 5.1,
        "weightedAverageShsOut": 53235000,
        "weightedAverageShsOutDil": 53919000,
        "link": "https://www.sec.gov/Archives/edgar/data/719739/000071973918000049/0000719739-18-000049-index.htm",
        "finalLink": "https://www.sec.gov/Archives/edgar/data/719739/000071973918000049/sivb-9302018x10q.htm"
    },
    {
        "date": "2018-06-30",
        "symbol": "SIVB",
        "reportedCurrency": "USD",
        "cik": "0000719739",
        "fillingDate": "2018-08-07",
        "acceptedDate": "2018-08-07 16:06:39",
        "calendarYear": "2018",
        "period": "Q2",
        "revenue": 648452000,
        "costOfRevenue": 0,
        "grossProfit": 648452000,
        "grossProfitRatio": 1,
        "researchAndDevelopmentExpenses": 0,
        "generalAndAdministrativeExpenses": 211115000,
        "sellingAndMarketingExpenses": 0,
        "sellingGeneralAndAdministrativeExpenses": 211115000,
        "otherExpenses": -529624000,
        "operatingExpenses": -318509000,
        "costAndExpenses": -318509000,
        "interestIncome": 481301000,
        "interestExpense": 14858000,
        "depreciationAndAmortization": 14525000,
        "ebitda": 344468000,
        "ebitdaratio": 0.5312158803,
        "operatingIncome": 329943000,
        "operatingIncomeRatio": 0.5088163812,
        "totalOtherIncomeExpensesNet": -5630000,
        "incomeBeforeTax": 324313000,
        "incomeBeforeTaxRatio": 0.5001341657,
        "incomeTaxExpense": 77287000,
        "netIncome": 237798000,
        "netIncomeRatio": 0.3667164262,
        "eps": 4.48,
        "epsdiluted": 4.42,
        "weightedAverageShsOut": 53064000,
        "weightedAverageShsOutDil": 53776000,
        "link": "https://www.sec.gov/Archives/edgar/data/719739/000071973918000038/0000719739-18-000038-index.htm",
        "finalLink": "https://www.sec.gov/Archives/edgar/data/719739/000071973918000038/sivb-6302018x10q.htm"
    },
    {
        "date": "2018-03-31",
        "symbol": "SIVB",
        "reportedCurrency": "USD",
        "cik": "0000719739",
        "fillingDate": "2018-05-08",
        "acceptedDate": "2018-05-08 16:15:25",
        "calendarYear": "2018",
        "period": "Q1",
        "revenue": 568770000,
        "costOfRevenue": 0,
        "grossProfit": 568770000,
        "grossProfitRatio": 1,
        "researchAndDevelopmentExpenses": 0,
        "generalAndAdministrativeExpenses": 192813000,
        "sellingAndMarketingExpenses": 0,
        "sellingGeneralAndAdministrativeExpenses": 192813000,
        "otherExpenses": -480121000,
        "operatingExpenses": -287308000,
        "costAndExpenses": -287308000,
        "interestIncome": 432398000,
        "interestExpense": 12535000,
        "depreciationAndAmortization": 14377000,
        "ebitda": 295839000,
        "ebitdaratio": 0.5201381929,
        "operatingIncome": 281462000,
        "operatingIncomeRatio": 0.4948608401,
        "totalOtherIncomeExpensesNet": 530000,
        "incomeBeforeTax": 281992000,
        "incomeBeforeTaxRatio": 0.4957926754,
        "incomeTaxExpense": 73966000,
        "netIncome": 194961000,
        "netIncomeRatio": 0.3427765177,
        "eps": 3.69,
        "epsdiluted": 3.63,
        "weightedAverageShsOut": 52883000,
        "weightedAverageShsOutDil": 53685000,
        "link": "https://www.sec.gov/Archives/edgar/data/719739/000071973918000024/0000719739-18-000024-index.htm",
        "finalLink": "https://www.sec.gov/Archives/edgar/data/719739/000071973918000024/sivb-3312018x10q.htm"
    },
    {
        "date": "2017-12-31",
        "symbol": "SIVB",
        "reportedCurrency": "USD",
        "cik": "0000719739",
        "fillingDate": "2018-02-28",
        "acceptedDate": "2018-02-28 16:54:38",
        "calendarYear": "2017",
        "period": "Q4",
        "revenue": 537804000,
        "costOfRevenue": 0,
        "grossProfit": 537804000,
        "grossProfitRatio": 1,
        "researchAndDevelopmentExpenses": 0,
        "generalAndAdministrativeExpenses": 184214000,
        "sellingAndMarketingExpenses": 0,
        "sellingGeneralAndAdministrativeExpenses": 184214000,
        "otherExpenses": 0,
        "operatingExpenses": -526193000,
        "costAndExpenses": -526193000,
        "interestIncome": 405016000,
        "interestExpense": 11310000,
        "depreciationAndAmortization": 16858000,
        "ebitda": 280429000,
        "ebitdaratio": 0.521433459,
        "operatingIncome": 263571000,
        "operatingIncomeRatio": 0.4900874668,
        "totalOtherIncomeExpensesNet": -3856000,
        "incomeBeforeTax": 259715000,
        "incomeBeforeTaxRatio": 0.4829175685,
        "incomeTaxExpense": 135051000,
        "netIncome": 117210000,
        "netIncomeRatio": 0.2179418524,
        "eps": 2.22,
        "epsdiluted": 2.19,
        "weightedAverageShsOut": 52762000,
        "weightedAverageShsOutDil": 53502000,
        "link": "https://www.sec.gov/Archives/edgar/data/719739/000071973918000011/0000719739-18-000011-index.htm",
        "finalLink": "https://www.sec.gov/Archives/edgar/data/719739/000071973918000011/sivb-12312017x10xk_final.htm"
    },
    {
        "date": "2017-09-30",
        "symbol": "SIVB",
        "reportedCurrency": "USD",
        "cik": "0000719739",
        "fillingDate": "2017-11-08",
        "acceptedDate": "2017-11-08 16:28:01",
        "calendarYear": "2017",
        "period": "Q3",
        "revenue": 385271000,
        "costOfRevenue": 0,
        "grossProfit": 522655000,
        "grossProfitRatio": 1.3565905557,
        "researchAndDevelopmentExpenses": 0,
        "generalAndAdministrativeExpenses": 178208000,
        "sellingAndMarketingExpenses": 0,
        "sellingGeneralAndAdministrativeExpenses": 178208000,
        "otherExpenses": -443595000,
        "operatingExpenses": -265387000,
        "costAndExpenses": -265387000,
        "interestIncome": 385271000,
        "interestExpense": 11297000,
        "depreciationAndAmortization": 12997000,
        "ebitda": 270265000,
        "ebitdaratio": 0.7014932346,
        "operatingIncome": 257268000,
        "operatingIncomeRatio": 0.6677585388,
        "totalOtherIncomeExpensesNet": -5799000,
        "incomeBeforeTax": 251469000,
        "incomeBeforeTaxRatio": 0.652706796,
        "incomeTaxExpense": 97351000,
        "netIncome": 148620000,
        "netIncomeRatio": 0.385754443,
        "eps": 2.82,
        "epsdiluted": 2.79,
        "weightedAverageShsOut": 52705000,
        "weightedAverageShsOutDil": 53305000,
        "link": "https://www.sec.gov/Archives/edgar/data/719739/000071973917000062/0000719739-17-000062-index.htm",
        "finalLink": "https://www.sec.gov/Archives/edgar/data/719739/000071973917000062/sivb-9302017x10q.htm"
    },
    {
        "date": "2017-06-30",
        "symbol": "SIVB",
        "reportedCurrency": "USD",
        "cik": "0000719739",
        "fillingDate": "2017-08-07",
        "acceptedDate": "2017-08-07 16:26:05",
        "calendarYear": "2017",
        "period": "Q2",
        "revenue": 461729000,
        "costOfRevenue": 0,
        "grossProfit": 461729000,
        "grossProfitRatio": 1,
        "researchAndDevelopmentExpenses": 0,
        "generalAndAdministrativeExpenses": 176103000,
        "sellingAndMarketingExpenses": 0,
        "sellingGeneralAndAdministrativeExpenses": 176103000,
        "otherExpenses": -431752000,
        "operatingExpenses": -255649000,
        "costAndExpenses": -255649000,
        "interestIncome": 353927000,
        "interestExpense": 11231000,
        "depreciationAndAmortization": 13877000,
        "ebitda": 219957000,
        "ebitdaratio": 0.4763768358,
        "operatingIncome": 206080000,
        "operatingIncomeRatio": 0.4463224099,
        "totalOtherIncomeExpensesNet": -1908000,
        "incomeBeforeTax": 204172000,
        "incomeBeforeTaxRatio": 0.4421901158,
        "incomeTaxExpense": 71656000,
        "netIncome": 123193000,
        "netIncomeRatio": 0.2668080194,
        "eps": 2.34,
        "epsdiluted": 2.32,
        "weightedAverageShsOut": 52537000,
        "weightedAverageShsOutDil": 53194000,
        "link": "https://www.sec.gov/Archives/edgar/data/719739/000071973917000049/0000719739-17-000049-index.htm",
        "finalLink": "https://www.sec.gov/Archives/edgar/data/719739/000071973917000049/sivb-6302017x10q.htm"
    },
    {
        "date": "2017-03-31",
        "symbol": "SIVB",
        "reportedCurrency": "USD",
        "cik": "0000719739",
        "fillingDate": "2017-05-10",
        "acceptedDate": "2017-05-09 18:17:48",
        "calendarYear": "2017",
        "period": "Q1",
        "revenue": 418668000,
        "costOfRevenue": 0,
        "grossProfit": 418668000,
        "grossProfitRatio": 1,
        "researchAndDevelopmentExpenses": 0,
        "generalAndAdministrativeExpenses": 171882000,
        "sellingAndMarketingExpenses": 0,
        "sellingGeneralAndAdministrativeExpenses": 171882000,
        "otherExpenses": -426729000,
        "operatingExpenses": -254847000,
        "costAndExpenses": -254847000,
        "interestIncome": 320926000,
        "interestExpense": 10933000,
        "depreciationAndAmortization": 12391000,
        "ebitda": 176212000,
        "ebitdaratio": 0.4208871946,
        "operatingIncome": 163821000,
        "operatingIncomeRatio": 0.3912909513,
        "totalOtherIncomeExpensesNet": -4536000,
        "incomeBeforeTax": 159285000,
        "incomeBeforeTaxRatio": 0.3804565909,
        "incomeTaxExpense": 51405000,
        "netIncome": 101483000,
        "netIncomeRatio": 0.2423949287,
        "eps": 1.94,
        "epsdiluted": 1.91,
        "weightedAverageShsOut": 52344000,
        "weightedAverageShsOutDil": 53179000,
        "link": "https://www.sec.gov/Archives/edgar/data/719739/000071973917000021/0000719739-17-000021-index.htm",
        "finalLink": "https://www.sec.gov/Archives/edgar/data/719739/000071973917000021/sivb-3312017x10q.htm"
    },
    {
        "date": "2016-12-31",
        "symbol": "SIVB",
        "reportedCurrency": "USD",
        "cik": "0000719739",
        "fillingDate": "2017-02-28",
        "acceptedDate": "2017-02-28 16:06:27",
        "calendarYear": "2016",
        "period": "Q4",
        "revenue": 400973000,
        "costOfRevenue": 0,
        "grossProfit": 400973000,
        "grossProfitRatio": 1,
        "researchAndDevelopmentExpenses": 0,
        "generalAndAdministrativeExpenses": 165168000,
        "sellingAndMarketingExpenses": 0,
        "sellingGeneralAndAdministrativeExpenses": 165168000,
        "otherExpenses": 0,
        "operatingExpenses": -444003000,
        "costAndExpenses": -444003000,
        "interestIncome": 307333000,
        "interestExpense": 10728000,
        "depreciationAndAmortization": 11705000,
        "ebitda": 176724000,
        "ebitdaratio": 0.440737905,
        "operatingIncome": 165019000,
        "operatingIncomeRatio": 0.4115464133,
        "totalOtherIncomeExpensesNet": -6552000,
        "incomeBeforeTax": 158467000,
        "incomeBeforeTaxRatio": 0.395206161,
        "incomeTaxExpense": 54825000,
        "netIncome": 99466000,
        "netIncomeRatio": 0.2480615902,
        "eps": 1.91,
        "epsdiluted": 1.89,
        "weightedAverageShsOut": 52134000,
        "weightedAverageShsOutDil": 52677000,
        "link": "https://www.sec.gov/Archives/edgar/data/719739/000071973917000012/0000719739-17-000012-index.htm",
        "finalLink": "https://www.sec.gov/Archives/edgar/data/719739/000071973917000012/sivb-12312016x10xk.htm"
    },
    {
        "date": "2016-09-30",
        "symbol": "SIVB",
        "reportedCurrency": "USD",
        "cik": "0000719739",
        "fillingDate": "2016-11-08",
        "acceptedDate": "2016-11-08 16:07:42",
        "calendarYear": "2016",
        "period": "Q3",
        "revenue": 424312000,
        "costOfRevenue": 0,
        "grossProfit": 424312000,
        "grossProfitRatio": 1,
        "researchAndDevelopmentExpenses": 0,
        "generalAndAdministrativeExpenses": 158881000,
        "sellingAndMarketingExpenses": 0,
        "sellingGeneralAndAdministrativeExpenses": 158881000,
        "otherExpenses": -383983000,
        "operatingExpenses": -225102000,
        "costAndExpenses": -225102000,
        "interestIncome": 300413000,
        "interestExpense": 11252000,
        "depreciationAndAmortization": 11346000,
        "ebitda": 210556000,
        "ebitdaratio": 0.4962291898,
        "operatingIncome": 199210000,
        "operatingIncomeRatio": 0.4694894323,
        "totalOtherIncomeExpensesNet": -6686000,
        "incomeBeforeTax": 192524000,
        "incomeBeforeTaxRatio": 0.4537321594,
        "incomeTaxExpense": 76877000,
        "netIncome": 111081000,
        "netIncomeRatio": 0.261790852,
        "eps": 2.13,
        "epsdiluted": 2.12,
        "weightedAverageShsOut": 52046000,
        "weightedAverageShsOutDil": 52413000,
        "link": "https://www.sec.gov/Archives/edgar/data/719739/000071973916000114/0000719739-16-000114-index.htm",
        "finalLink": "https://www.sec.gov/Archives/edgar/data/719739/000071973916000114/sivb-9302016x10q.htm"
    },
    {
        "date": "2016-06-30",
        "symbol": "SIVB",
        "reportedCurrency": "USD",
        "cik": "0000719739",
        "fillingDate": "2016-08-08",
        "acceptedDate": "2016-08-08 17:21:56",
        "calendarYear": "2016",
        "period": "Q2",
        "revenue": 389858000,
        "costOfRevenue": 0,
        "grossProfit": 389858000,
        "grossProfitRatio": 1,
        "researchAndDevelopmentExpenses": 0,
        "generalAndAdministrativeExpenses": 138033000,
        "sellingAndMarketingExpenses": 0,
        "sellingGeneralAndAdministrativeExpenses": 138033000,
        "otherExpenses": -359224000,
        "operatingExpenses": -221191000,
        "costAndExpenses": -221191000,
        "interestIncome": 293992000,
        "interestExpense": 10656000,
        "depreciationAndAmortization": 12232000,
        "ebitda": 180899000,
        "ebitdaratio": 0.4640125379,
        "operatingIncome": 168667000,
        "operatingIncomeRatio": 0.4326370114,
        "totalOtherIncomeExpensesNet": -9240000,
        "incomeBeforeTax": 159427000,
        "incomeBeforeTaxRatio": 0.4089360742,
        "incomeTaxExpense": 65047000,
        "netIncome": 92964000,
        "netIncomeRatio": 0.2384560532,
        "eps": 1.79,
        "epsdiluted": 1.78,
        "weightedAverageShsOut": 51831000,
        "weightedAverageShsOutDil": 52187000,
        "link": "https://www.sec.gov/Archives/edgar/data/719739/000071973916000095/0000719739-16-000095-index.htm",
        "finalLink": "https://www.sec.gov/Archives/edgar/data/719739/000071973916000095/sivb-6302016x10q.htm"
    },
    {
        "date": "2016-03-31",
        "symbol": "SIVB",
        "reportedCurrency": "USD",
        "cik": "0000719739",
        "fillingDate": "2016-05-10",
        "acceptedDate": "2016-05-09 19:14:52",
        "calendarYear": "2016",
        "period": "Q1",
        "revenue": 359608000,
        "costOfRevenue": 0,
        "grossProfit": 359608000,
        "grossProfitRatio": 1,
        "researchAndDevelopmentExpenses": 0,
        "generalAndAdministrativeExpenses": 147089000,
        "sellingAndMarketingExpenses": 0,
        "sellingGeneralAndAdministrativeExpenses": 147089000,
        "otherExpenses": -363702000,
        "operatingExpenses": -216613000,
        "costAndExpenses": -216613000,
        "interestIncome": 291658000,
        "interestExpense": 10237000,
        "depreciationAndAmortization": 11536000,
        "ebitda": 154531000,
        "ebitdaratio": 0.4297206959,
        "operatingIncome": 142995000,
        "operatingIncomeRatio": 0.3976413205,
        "totalOtherIncomeExpensesNet": -12814000,
        "incomeBeforeTax": 130181000,
        "incomeBeforeTaxRatio": 0.3620080755,
        "incomeTaxExpense": 53584000,
        "netIncome": 79174000,
        "netIncomeRatio": 0.2201675157,
        "eps": 1.53,
        "epsdiluted": 1.52,
        "weightedAverageShsOut": 51646000,
        "weightedAverageShsOutDil": 52085000,
        "link": "https://www.sec.gov/Archives/edgar/data/719739/000071973916000085/0000719739-16-000085-index.htm",
        "finalLink": "https://www.sec.gov/Archives/edgar/data/719739/000071973916000085/sivb-3312016x10q.htm"
    },
    {
        "date": "2015-12-31",
        "symbol": "SIVB",
        "reportedCurrency": "USD",
        "cik": "0000719739",
        "fillingDate": "2016-02-26",
        "acceptedDate": "2016-02-26 17:34:35",
        "calendarYear": "2015",
        "period": "Q4",
        "revenue": 374852000,
        "costOfRevenue": 0,
        "grossProfit": 374852000,
        "grossProfitRatio": 1,
        "researchAndDevelopmentExpenses": 0,
        "generalAndAdministrativeExpenses": 147501000,
        "sellingAndMarketingExpenses": 0,
        "sellingGeneralAndAdministrativeExpenses": 147501000,
        "otherExpenses": 0,
        "operatingExpenses": -413663000,
        "costAndExpenses": -413663000,
        "interestIncome": 279232000,
        "interestExpense": 10163000,
        "depreciationAndAmortization": 11504000,
        "ebitda": 162876000,
        "ebitdaratio": 0.4345074856,
        "operatingIncome": 151372000,
        "operatingIncomeRatio": 0.4038180402,
        "totalOtherIncomeExpensesNet": -50558000,
        "incomeBeforeTax": 143706000,
        "incomeBeforeTaxRatio": 0.3833673023,
        "incomeTaxExpense": 53697000,
        "netIncome": 87512000,
        "netIncomeRatio": 0.2334574712,
        "eps": 1.7,
        "epsdiluted": 1.68,
        "weightedAverageShsOut": 51509000,
        "weightedAverageShsOutDil": 52061000,
        "link": "https://www.sec.gov/Archives/edgar/data/719739/000071973916000073/0000719739-16-000073-index.htm",
        "finalLink": "https://www.sec.gov/Archives/edgar/data/719739/000071973916000073/sivb-12312015x10xk.htm"
    },
    {
        "date": "2015-09-30",
        "symbol": "SIVB",
        "reportedCurrency": "USD",
        "cik": "0000719739",
        "fillingDate": "2015-11-06",
        "acceptedDate": "2015-11-06 16:04:13",
        "calendarYear": "2015",
        "period": "Q3",
        "revenue": 356459000,
        "costOfRevenue": 0,
        "grossProfit": 356459000,
        "grossProfitRatio": 1,
        "researchAndDevelopmentExpenses": 0,
        "generalAndAdministrativeExpenses": 129883000,
        "sellingAndMarketingExpenses": 0,
        "sellingGeneralAndAdministrativeExpenses": 129883000,
        "otherExpenses": -337461000,
        "operatingExpenses": -207578000,
        "costAndExpenses": -207578000,
        "interestIncome": 264791000,
        "interestExpense": 10131000,
        "depreciationAndAmortization": 8751000,
        "ebitda": 157632000,
        "ebitdaratio": 0.4422163559,
        "operatingIncome": 148881000,
        "operatingIncomeRatio": 0.4176665479,
        "totalOtherIncomeExpensesNet": -3902000,
        "incomeBeforeTax": 144979000,
        "incomeBeforeTaxRatio": 0.4067199874,
        "incomeTaxExpense": 57017000,
        "netIncome": 81733000,
        "netIncomeRatio": 0.2292914473,
        "eps": 1.59,
        "epsdiluted": 1.57,
        "weightedAverageShsOut": 51479000,
        "weightedAverageShsOutDil": 52048000,
        "link": "https://www.sec.gov/Archives/edgar/data/719739/000071973915000059/0000719739-15-000059-index.htm",
        "finalLink": "https://www.sec.gov/Archives/edgar/data/719739/000071973915000059/sivb-9302015x10q.htm"
    },
    {
        "date": "2015-06-30",
        "symbol": "SIVB",
        "reportedCurrency": "USD",
        "cik": "0000719739",
        "fillingDate": "2015-08-07",
        "acceptedDate": "2015-08-07 17:12:57",
        "calendarYear": "2015",
        "period": "Q2",
        "revenue": 363017000,
        "costOfRevenue": 0,
        "grossProfit": 363017000,
        "grossProfitRatio": 1,
        "researchAndDevelopmentExpenses": 0,
        "generalAndAdministrativeExpenses": 145967000,
        "sellingAndMarketingExpenses": 0,
        "sellingGeneralAndAdministrativeExpenses": 145967000,
        "otherExpenses": -357712000,
        "operatingExpenses": -211745000,
        "costAndExpenses": -211745000,
        "interestIncome": 253926000,
        "interestExpense": 10155000,
        "depreciationAndAmortization": 9861000,
        "ebitda": 161133000,
        "ebitdaratio": 0.4438717746,
        "operatingIncome": 151272000,
        "operatingIncomeRatio": 0.4167077575,
        "totalOtherIncomeExpensesNet": -1839000,
        "incomeBeforeTax": 149433000,
        "incomeBeforeTaxRatio": 0.411641879,
        "incomeTaxExpense": 54974000,
        "netIncome": 86143000,
        "netIncomeRatio": 0.2372974268,
        "eps": 1.68,
        "epsdiluted": 1.66,
        "weightedAverageShsOut": 51268000,
        "weightedAverageShsOutDil": 51876000,
        "link": "https://www.sec.gov/Archives/edgar/data/719739/000071973915000048/0000719739-15-000048-index.htm",
        "finalLink": "https://www.sec.gov/Archives/edgar/data/719739/000071973915000048/sivb-6302015x10q.htm"
    },
    {
        "date": "2015-03-31",
        "symbol": "SIVB",
        "reportedCurrency": "USD",
        "cik": "0000719739",
        "fillingDate": "2015-05-11",
        "acceptedDate": "2015-05-11 17:19:03",
        "calendarYear": "2015",
        "period": "Q1",
        "revenue": 248789000,
        "costOfRevenue": 0,
        "grossProfit": 403938000,
        "grossProfitRatio": 1.6236167998,
        "researchAndDevelopmentExpenses": 0,
        "generalAndAdministrativeExpenses": 137813000,
        "sellingAndMarketingExpenses": 0,
        "sellingGeneralAndAdministrativeExpenses": 137813000,
        "otherExpenses": -380270000,
        "operatingExpenses": -242457000,
        "costAndExpenses": -242457000,
        "interestIncome": 248789000,
        "interestExpense": 9899000,
        "depreciationAndAmortization": 9892000,
        "ebitda": 171373000,
        "ebitdaratio": 0.6888286862,
        "operatingIncome": 161481000,
        "operatingIncomeRatio": 0.6490680858,
        "totalOtherIncomeExpensesNet": 46867000,
        "incomeBeforeTax": 208348000,
        "incomeBeforeTaxRatio": 0.837448601,
        "incomeTaxExpense": 63066000,
        "netIncome": 88516000,
        "netIncomeRatio": 0.3557874343,
        "eps": 1.74,
        "epsdiluted": 1.71,
        "weightedAverageShsOut": 51009000,
        "weightedAverageShsOutDil": 51719000,
        "link": "https://www.sec.gov/Archives/edgar/data/719739/000071973915000034/0000719739-15-000034-index.htm",
        "finalLink": "https://www.sec.gov/Archives/edgar/data/719739/000071973915000034/sivb-3312015x10q.htm"
    },
    {
        "date": "2014-12-31",
        "symbol": "SIVB",
        "reportedCurrency": "USD",
        "cik": "0000719739",
        "fillingDate": "2015-02-26",
        "acceptedDate": "2015-02-26 17:19:03",
        "calendarYear": "2014",
        "period": "Q4",
        "revenue": 396479000,
        "costOfRevenue": 0,
        "grossProfit": 396479000,
        "grossProfitRatio": 1,
        "researchAndDevelopmentExpenses": 0,
        "generalAndAdministrativeExpenses": 128625000,
        "sellingAndMarketingExpenses": 0,
        "sellingGeneralAndAdministrativeExpenses": 128625000,
        "otherExpenses": 0,
        "operatingExpenses": -361198000,
        "costAndExpenses": -361198000,
        "interestIncome": 243725000,
        "interestExpense": 8988000,
        "depreciationAndAmortization": -29041000,
        "ebitda": 120777000,
        "ebitdaratio": 0.3046239523,
        "operatingIncome": 110122000,
        "operatingIncomeRatio": 0.2777498934,
        "totalOtherIncomeExpensesNet": 62817000,
        "incomeBeforeTax": 172939000,
        "incomeBeforeTaxRatio": 0.4361870364,
        "incomeTaxExpense": 42302000,
        "netIncome": 58832000,
        "netIncomeRatio": 0.1483861693,
        "eps": 1.16,
        "epsdiluted": 1.14,
        "weightedAverageShsOut": 50859000,
        "weightedAverageShsOutDil": 51528000,
        "link": "https://www.sec.gov/Archives/edgar/data/719739/000071973915000022/0000719739-15-000022-index.htm",
        "finalLink": "https://www.sec.gov/Archives/edgar/data/719739/000071973915000022/sivb-12312014x10xk.htm"
    },
    {
        "date": "2014-09-30",
        "symbol": "SIVB",
        "reportedCurrency": "USD",
        "cik": "0000719739",
        "fillingDate": "2014-11-07",
        "acceptedDate": "2014-11-07 16:36:03",
        "calendarYear": "2014",
        "period": "Q3",
        "revenue": 294239000,
        "costOfRevenue": 0,
        "grossProfit": 294239000,
        "grossProfitRatio": 1,
        "researchAndDevelopmentExpenses": 0,
        "generalAndAdministrativeExpenses": 120183000,
        "sellingAndMarketingExpenses": 0,
        "sellingGeneralAndAdministrativeExpenses": 120183000,
        "otherExpenses": -303705000,
        "operatingExpenses": -183522000,
        "costAndExpenses": -183522000,
        "interestIncome": 229326000,
        "interestExpense": 8761000,
        "depreciationAndAmortization": 10005000,
        "ebitda": 120722000,
        "ebitdaratio": 0.4102855162,
        "operatingIncome": 110717000,
        "operatingIncomeRatio": 0.3762825458,
        "totalOtherIncomeExpensesNet": -8584000,
        "incomeBeforeTax": 102133000,
        "incomeBeforeTaxRatio": 0.3471089828,
        "incomeTaxExpense": 38961000,
        "netIncome": 62995000,
        "netIncomeRatio": 0.2140946645,
        "eps": 1.24,
        "epsdiluted": 1.22,
        "weightedAverageShsOut": 50752000,
        "weightedAverageShsOutDil": 51571000,
        "link": "https://www.sec.gov/Archives/edgar/data/719739/000071973914000044/0000719739-14-000044-index.htm",
        "finalLink": "https://www.sec.gov/Archives/edgar/data/719739/000071973914000044/sivb-9302014x10q.htm"
    },
    {
        "date": "2014-06-30",
        "symbol": "SIVB",
        "reportedCurrency": "USD",
        "cik": "0000719739",
        "fillingDate": "2014-08-08",
        "acceptedDate": "2014-08-08 16:19:09",
        "calendarYear": "2014",
        "period": "Q2",
        "revenue": 213315000,
        "costOfRevenue": 0,
        "grossProfit": 213315000,
        "grossProfitRatio": 1,
        "researchAndDevelopmentExpenses": 0,
        "generalAndAdministrativeExpenses": 118945000,
        "sellingAndMarketingExpenses": 0,
        "sellingGeneralAndAdministrativeExpenses": 118945000,
        "otherExpenses": -239005000,
        "operatingExpenses": -120060000,
        "costAndExpenses": -120060000,
        "interestIncome": 213841000,
        "interestExpense": 8876000,
        "depreciationAndAmortization": 9577000,
        "ebitda": 102832000,
        "ebitdaratio": 0.4820664276,
        "operatingIncome": 93255000,
        "operatingIncomeRatio": 0.4371703818,
        "totalOtherIncomeExpensesNet": -49473000,
        "incomeBeforeTax": 43782000,
        "incomeBeforeTaxRatio": 0.2052457633,
        "incomeTaxExpense": 33582000,
        "netIncome": 50797000,
        "netIncomeRatio": 0.2381314019,
        "eps": 1.05,
        "epsdiluted": 1.04,
        "weightedAverageShsOut": 48168000,
        "weightedAverageShsOutDil": 49045000,
        "link": "https://www.sec.gov/Archives/edgar/data/719739/000071973914000034/0000719739-14-000034-index.htm",
        "finalLink": "https://www.sec.gov/Archives/edgar/data/719739/000071973914000034/sivb-6302014x10q.htm"
    },
    {
        "date": "2014-03-31",
        "symbol": "SIVB",
        "reportedCurrency": "USD",
        "cik": "0000719739",
        "fillingDate": "2014-05-09",
        "acceptedDate": "2014-05-09 16:48:07",
        "calendarYear": "2014",
        "period": "Q1",
        "revenue": 205024000,
        "costOfRevenue": 0,
        "grossProfit": 500991000,
        "grossProfitRatio": 2.4435724598,
        "researchAndDevelopmentExpenses": 0,
        "generalAndAdministrativeExpenses": 122070000,
        "sellingAndMarketingExpenses": 0,
        "sellingGeneralAndAdministrativeExpenses": 122070000,
        "otherExpenses": -464147000,
        "operatingExpenses": -342077000,
        "costAndExpenses": -342077000,
        "interestIncome": 205024000,
        "interestExpense": 8696000,
        "depreciationAndAmortization": 9459000,
        "ebitda": 168373000,
        "ebitdaratio": 0.8212355627,
        "operatingIncome": 158914000,
        "operatingIncomeRatio": 0.7750995005,
        "totalOtherIncomeExpensesNet": 174709000,
        "incomeBeforeTax": 333623000,
        "incomeBeforeTaxRatio": 1.6272387623,
        "incomeTaxExpense": 58917000,
        "netIncome": 91301000,
        "netIncomeRatio": 0.4453185968,
        "eps": 1.99,
        "epsdiluted": 1.95,
        "weightedAverageShsOut": 45866000,
        "weightedAverageShsOutDil": 46725000,
        "link": "https://www.sec.gov/Archives/edgar/data/719739/000071973914000021/0000719739-14-000021-index.htm",
        "finalLink": "https://www.sec.gov/Archives/edgar/data/719739/000071973914000021/sivb-3312014x10q.htm"
    },
    {
        "date": "2013-12-31",
        "symbol": "SIVB",
        "reportedCurrency": "USD",
        "cik": "0000719739",
        "fillingDate": "2014-02-27",
        "acceptedDate": "2014-02-27 17:30:34",
        "calendarYear": "2013",
        "period": "Q4",
        "revenue": 420108000,
        "costOfRevenue": 0,
        "grossProfit": 420108000,
        "grossProfitRatio": 1,
        "researchAndDevelopmentExpenses": 0,
        "generalAndAdministrativeExpenses": 114850000,
        "sellingAndMarketingExpenses": 0,
        "sellingGeneralAndAdministrativeExpenses": 114850000,
        "otherExpenses": 0,
        "operatingExpenses": -316429000,
        "costAndExpenses": -316429000,
        "interestIncome": 195384000,
        "interestExpense": 8386000,
        "depreciationAndAmortization": 9420000,
        "ebitda": 111848000,
        "ebitdaratio": 0.2662363011,
        "operatingIncome": 102428000,
        "operatingIncomeRatio": 0.2438134956,
        "totalOtherIncomeExpensesNet": 125763000,
        "incomeBeforeTax": 228191000,
        "incomeBeforeTaxRatio": 0.5431722319,
        "incomeTaxExpense": 35285000,
        "netIncome": 58757000,
        "netIncomeRatio": 0.1398616546,
        "eps": 1.29,
        "epsdiluted": 1.27,
        "weightedAverageShsOut": 45701000,
        "weightedAverageShsOutDil": 46431000,
        "link": "https://www.sec.gov/Archives/edgar/data/719739/000071973914000012/0000719739-14-000012-index.htm",
        "finalLink": "https://www.sec.gov/Archives/edgar/data/719739/000071973914000012/sivb-12312013x10xk.htm"
    },
    {
        "date": "2013-09-30",
        "symbol": "SIVB",
        "reportedCurrency": "USD",
        "cik": "0000719739",
        "fillingDate": "2013-11-08",
        "acceptedDate": "2013-11-08 17:09:31",
        "calendarYear": "2013",
        "period": "Q3",
        "revenue": 185240000,
        "costOfRevenue": 0,
        "grossProfit": 429920000,
        "grossProfitRatio": 2.3208810192,
        "researchAndDevelopmentExpenses": 0,
        "generalAndAdministrativeExpenses": 111709000,
        "sellingAndMarketingExpenses": 0,
        "sellingGeneralAndAdministrativeExpenses": 111709000,
        "otherExpenses": -418460000,
        "operatingExpenses": -306751000,
        "costAndExpenses": -306751000,
        "interestIncome": 185240000,
        "interestExpense": 8144000,
        "depreciationAndAmortization": 9193000,
        "ebitda": 132362000,
        "ebitdaratio": 0.7145432952,
        "operatingIncome": 123169000,
        "operatingIncomeRatio": 0.6649157849,
        "totalOtherIncomeExpensesNet": 140415000,
        "incomeBeforeTax": 263584000,
        "incomeBeforeTaxRatio": 1.422932412,
        "incomeTaxExpense": 47404000,
        "netIncome": 67621000,
        "netIncomeRatio": 0.3650453466,
        "eps": 1.48,
        "epsdiluted": 1.46,
        "weightedAverageShsOut": 45580000,
        "weightedAverageShsOutDil": 46202000,
        "link": "https://www.sec.gov/Archives/edgar/data/719739/000071973913000054/0000719739-13-000054-index.htm",
        "finalLink": "https://www.sec.gov/Archives/edgar/data/719739/000071973913000054/sivb-09302013x10q.htm"
    },
    {
        "date": "2013-06-30",
        "symbol": "SIVB",
        "reportedCurrency": "USD",
        "cik": "0000719739",
        "fillingDate": "2013-08-08",
        "acceptedDate": "2013-08-08 16:47:59",
        "calendarYear": "2013",
        "period": "Q2",
        "revenue": 263415000,
        "costOfRevenue": 0,
        "grossProfit": 263415000,
        "grossProfitRatio": 1,
        "researchAndDevelopmentExpenses": 0,
        "generalAndAdministrativeExpenses": 99897000,
        "sellingAndMarketingExpenses": 0,
        "sellingGeneralAndAdministrativeExpenses": 99897000,
        "otherExpenses": -276858000,
        "operatingExpenses": -176961000,
        "costAndExpenses": -176961000,
        "interestIncome": 177983000,
        "interestExpense": 7902000,
        "depreciationAndAmortization": 8802000,
        "ebitda": 95256000,
        "ebitdaratio": 0.3616194978,
        "operatingIncome": 86454000,
        "operatingIncomeRatio": 0.3282045442,
        "totalOtherIncomeExpensesNet": 20002000,
        "incomeBeforeTax": 106456000,
        "incomeBeforeTaxRatio": 0.4041379572,
        "incomeTaxExpense": 29968000,
        "netIncome": 48584000,
        "netIncomeRatio": 0.1844390031,
        "eps": 1.08,
        "epsdiluted": 1.06,
        "weightedAverageShsOut": 45164000,
        "weightedAverageShsOutDil": 45684000,
        "link": "https://www.sec.gov/Archives/edgar/data/719739/000071973913000040/0000719739-13-000040-index.htm",
        "finalLink": "https://www.sec.gov/Archives/edgar/data/719739/000071973913000040/sivb-06302013x10q.htm"
    },
    {
        "date": "2013-03-31",
        "symbol": "SIVB",
        "reportedCurrency": "USD",
        "cik": "0000719739",
        "fillingDate": "2013-05-10",
        "acceptedDate": "2013-05-10 14:55:50",
        "calendarYear": "2013",
        "period": "Q1",
        "revenue": 236783000,
        "costOfRevenue": 0,
        "grossProfit": 236783000,
        "grossProfitRatio": 1,
        "researchAndDevelopmentExpenses": 0,
        "generalAndAdministrativeExpenses": 104823000,
        "sellingAndMarketingExpenses": 0,
        "sellingGeneralAndAdministrativeExpenses": 104823000,
        "otherExpenses": -266469000,
        "operatingExpenses": -161646000,
        "costAndExpenses": -161646000,
        "interestIncome": 171014000,
        "interestExpense": 7845000,
        "depreciationAndAmortization": 8479000,
        "ebitda": 83616000,
        "ebitdaratio": 0.3531334598,
        "operatingIncome": 75137000,
        "operatingIncomeRatio": 0.3173243012,
        "totalOtherIncomeExpensesNet": 11809000,
        "incomeBeforeTax": 86946000,
        "incomeBeforeTaxRatio": 0.3671969694,
        "incomeTaxExpense": 26401000,
        "netIncome": 40891000,
        "netIncomeRatio": 0.1726939856,
        "eps": 0.91,
        "epsdiluted": 0.9,
        "weightedAverageShsOut": 44802000,
        "weightedAverageShsOutDil": 45393000,
        "link": "https://www.sec.gov/Archives/edgar/data/719739/000071973913000019/0000719739-13-000019-index.htm",
        "finalLink": "https://www.sec.gov/Archives/edgar/data/719739/000071973913000019/sivb-03312013x10q.htm"
    },
    {
        "date": "2012-12-31",
        "symbol": "SIVB",
        "reportedCurrency": "USD",
        "cik": "0000719739",
        "fillingDate": "2013-02-27",
        "acceptedDate": "2013-02-27 16:47:01",
        "calendarYear": "2012",
        "period": "Q4",
        "revenue": -17441000,
        "costOfRevenue": 0,
        "grossProfit": 269173000,
        "grossProfitRatio": -15.4333467118,
        "researchAndDevelopmentExpenses": 0,
        "generalAndAdministrativeExpenses": 85160000,
        "sellingAndMarketingExpenses": 0,
        "sellingGeneralAndAdministrativeExpenses": 85160000,
        "otherExpenses": 0,
        "operatingExpenses": -278417000,
        "costAndExpenses": -278417000,
        "interestIncome": 168168000,
        "interestExpense": 7605000,
        "depreciationAndAmortization": 5471000,
        "ebitda": 93023000,
        "ebitdaratio": -5.33358179,
        "operatingIncome": 87552000,
        "operatingIncomeRatio": -5.0198956482,
        "totalOtherIncomeExpensesNet": 41636000,
        "incomeBeforeTax": 129188000,
        "incomeBeforeTaxRatio": -7.4071440858,
        "incomeTaxExpense": 29526000,
        "netIncome": 50421000,
        "netIncomeRatio": -2.89094662,
        "eps": 1.13,
        "epsdiluted": 1.12,
        "weightedAverageShsOut": 44525000,
        "weightedAverageShsOutDil": 44982000,
        "link": "https://www.sec.gov/Archives/edgar/data/719739/000071973913000009/0000719739-13-000009-index.htm",
        "finalLink": "https://www.sec.gov/Archives/edgar/data/719739/000071973913000009/sivb-12312012x10k.htm"
    },
    {
        "date": "2012-09-30",
        "symbol": "SIVB",
        "reportedCurrency": "USD",
        "cik": "0000719739",
        "fillingDate": "2012-11-09",
        "acceptedDate": "2012-11-08 19:04:03",
        "calendarYear": "2012",
        "period": "Q3",
        "revenue": 223569000,
        "costOfRevenue": 0,
        "grossProfit": 223569000,
        "grossProfitRatio": 1,
        "researchAndDevelopmentExpenses": 0,
        "generalAndAdministrativeExpenses": 97997000,
        "sellingAndMarketingExpenses": 0,
        "sellingGeneralAndAdministrativeExpenses": 97997000,
        "otherExpenses": -243279000,
        "operatingExpenses": -145282000,
        "costAndExpenses": -145282000,
        "interestIncome": 161958000,
        "interestExpense": 7528000,
        "depreciationAndAmortization": 9057000,
        "ebitda": 87344000,
        "ebitdaratio": 0.3906802822,
        "operatingIncome": 78287000,
        "operatingIncomeRatio": 0.350169299,
        "totalOtherIncomeExpensesNet": 3323000,
        "incomeBeforeTax": 81610000,
        "incomeBeforeTaxRatio": 0.3650327192,
        "incomeTaxExpense": 28470000,
        "netIncome": 42289000,
        "netIncomeRatio": 0.1891541314,
        "eps": 0.95,
        "epsdiluted": 0.94,
        "weightedAverageShsOut": 44449000,
        "weightedAverageShsOutDil": 44915000,
        "link": "https://www.sec.gov/Archives/edgar/data/719739/000071973912000011/0000719739-12-000011-index.htm",
        "finalLink": "https://www.sec.gov/Archives/edgar/data/719739/000071973912000011/sivb-09302012x10q.htm"
    },
    {
        "date": "2012-06-30",
        "symbol": "SIVB",
        "reportedCurrency": "USD",
        "cik": "0000719739",
        "fillingDate": "2012-08-08",
        "acceptedDate": "2012-08-08 16:07:42",
        "calendarYear": "2012",
        "period": "Q2",
        "revenue": 232360000,
        "costOfRevenue": 0,
        "grossProfit": 232360000,
        "grossProfitRatio": 1,
        "researchAndDevelopmentExpenses": 0,
        "generalAndAdministrativeExpenses": 85956000,
        "sellingAndMarketingExpenses": 0,
        "sellingGeneralAndAdministrativeExpenses": 85956000,
        "otherExpenses": -231312000,
        "operatingExpenses": -145356000,
        "costAndExpenses": -145356000,
        "interestIncome": 159818000,
        "interestExpense": 7884000,
        "depreciationAndAmortization": 7140000,
        "ebitda": 94144000,
        "ebitdaratio": 0.4051644001,
        "operatingIncome": 87004000,
        "operatingIncomeRatio": 0.3744362197,
        "totalOtherIncomeExpensesNet": 1591000,
        "incomeBeforeTax": 88595000,
        "incomeBeforeTaxRatio": 0.3812833534,
        "incomeTaxExpense": 31517000,
        "netIncome": 47603000,
        "netIncomeRatio": 0.2048674471,
        "eps": 1.08,
        "epsdiluted": 1.06,
        "weightedAverageShsOut": 44207000,
        "weightedAverageShsOutDil": 44712000,
        "link": "https://www.sec.gov/Archives/edgar/data/719739/000119312512344003/0001193125-12-344003-index.htm",
        "finalLink": "https://www.sec.gov/Archives/edgar/data/719739/000119312512344003/d364663d10q.htm"
    },
    {
        "date": "2012-03-31",
        "symbol": "SIVB",
        "reportedCurrency": "USD",
        "cik": "0000719739",
        "fillingDate": "2012-05-10",
        "acceptedDate": "2012-05-10 15:25:22",
        "calendarYear": "2012",
        "period": "Q1",
        "revenue": 210230000,
        "costOfRevenue": 0,
        "grossProfit": 210230000,
        "grossProfitRatio": 1,
        "researchAndDevelopmentExpenses": 0,
        "generalAndAdministrativeExpenses": 94464000,
        "sellingAndMarketingExpenses": 0,
        "sellingGeneralAndAdministrativeExpenses": 94464000,
        "otherExpenses": -238311000,
        "operatingExpenses": -143847000,
        "costAndExpenses": -143847000,
        "interestIncome": 158774000,
        "interestExpense": 7837000,
        "depreciationAndAmortization": 6454000,
        "ebitda": 72837000,
        "ebitdaratio": 0.3464633972,
        "operatingIncome": 66383000,
        "operatingIncomeRatio": 0.3157636874,
        "totalOtherIncomeExpensesNet": -2694000,
        "incomeBeforeTax": 63689000,
        "incomeBeforeTaxRatio": 0.3029491509,
        "incomeTaxExpense": 23756000,
        "netIncome": 34790000,
        "netIncomeRatio": 0.1654854207,
        "eps": 0.79,
        "epsdiluted": 0.78,
        "weightedAverageShsOut": 43780000,
        "weightedAverageShsOutDil": 44460000,
        "link": "https://www.sec.gov/Archives/edgar/data/719739/000119312512225234/0001193125-12-225234-index.htm",
        "finalLink": "https://www.sec.gov/Archives/edgar/data/719739/000119312512225234/d314762d10q.htm"
    },
    {
        "date": "2011-12-31",
        "symbol": "SIVB",
        "reportedCurrency": "USD",
        "cik": "0000719739",
        "fillingDate": "2012-02-28",
        "acceptedDate": "2012-02-28 17:21:28",
        "calendarYear": "2011",
        "period": "Q4",
        "revenue": 213129000,
        "costOfRevenue": 0,
        "grossProfit": 213129000,
        "grossProfitRatio": 1,
        "researchAndDevelopmentExpenses": 0,
        "generalAndAdministrativeExpenses": 92044000,
        "sellingAndMarketingExpenses": 0,
        "sellingGeneralAndAdministrativeExpenses": 92044000,
        "otherExpenses": 0,
        "operatingExpenses": -258709000,
        "costAndExpenses": -258709000,
        "interestIncome": 147802000,
        "interestExpense": 7732000,
        "depreciationAndAmortization": 7491000,
        "ebitda": 77081000,
        "ebitdaratio": 0.3616635934,
        "operatingIncome": 69590000,
        "operatingIncomeRatio": 0.326515866,
        "totalOtherIncomeExpensesNet": 584000,
        "incomeBeforeTax": 70174000,
        "incomeBeforeTaxRatio": 0.3292559905,
        "incomeTaxExpense": 26284000,
        "netIncome": 35574000,
        "netIncomeRatio": 0.1669129964,
        "eps": 0.81,
        "epsdiluted": 0.81,
        "weightedAverageShsOut": 43780000,
        "weightedAverageShsOutDil": 43780000,
        "link": "https://www.sec.gov/Archives/edgar/data/719739/000119312512085818/0001193125-12-085818-index.htm",
        "finalLink": "https://www.sec.gov/Archives/edgar/data/719739/000119312512085818/d256682d10k.htm"
    },
    {
        "date": "2011-09-30",
        "symbol": "SIVB",
        "reportedCurrency": "USD",
        "cik": "0000719739",
        "fillingDate": "2011-11-04",
        "acceptedDate": "2011-11-04 16:10:55",
        "calendarYear": "2011",
        "period": "Q3",
        "revenue": 231066000,
        "costOfRevenue": 0,
        "grossProfit": 231066000,
        "grossProfitRatio": 1,
        "researchAndDevelopmentExpenses": 0,
        "generalAndAdministrativeExpenses": 87533000,
        "sellingAndMarketingExpenses": 0,
        "sellingGeneralAndAdministrativeExpenses": 87533000,
        "otherExpenses": -246389000,
        "operatingExpenses": -158856000,
        "costAndExpenses": -158856000,
        "interestIncome": 143324000,
        "interestExpense": 7869000,
        "depreciationAndAmortization": 6165000,
        "ebitda": 78375000,
        "ebitdaratio": 0.3391888032,
        "operatingIncome": 72210000,
        "operatingIncomeRatio": 0.3125081146,
        "totalOtherIncomeExpensesNet": 30636000,
        "incomeBeforeTax": 102846000,
        "incomeBeforeTaxRatio": 0.4450936096,
        "incomeTaxExpense": 26770000,
        "netIncome": 37571000,
        "netIncomeRatio": 0.1625985649,
        "eps": 0.87,
        "epsdiluted": 0.86,
        "weightedAverageShsOut": 43233000,
        "weightedAverageShsOutDil": 43791000,
        "link": "https://www.sec.gov/Archives/edgar/data/719739/000119312511297377/0001193125-11-297377-index.htm",
        "finalLink": "https://www.sec.gov/Archives/edgar/data/719739/000119312511297377/d231805d10q.htm"
    },
    {
        "date": "2011-06-30",
        "symbol": "SIVB",
        "reportedCurrency": "USD",
        "cik": "0000719739",
        "fillingDate": "2011-08-05",
        "acceptedDate": "2011-08-05 16:39:01",
        "calendarYear": "2011",
        "period": "Q2",
        "revenue": 140161000,
        "costOfRevenue": 0,
        "grossProfit": 254161000,
        "grossProfitRatio": 1.8133503614,
        "researchAndDevelopmentExpenses": 0,
        "generalAndAdministrativeExpenses": 84253000,
        "sellingAndMarketingExpenses": 0,
        "sellingGeneralAndAdministrativeExpenses": 84253000,
        "otherExpenses": -219693000,
        "operatingExpenses": -135440000,
        "costAndExpenses": -135440000,
        "interestIncome": 140161000,
        "interestExpense": 9708000,
        "depreciationAndAmortization": 7315000,
        "ebitda": 126036000,
        "ebitdaratio": 0.8992230364,
        "operatingIncome": 118721000,
        "operatingIncomeRatio": 0.8470330548,
        "totalOtherIncomeExpensesNet": 14274000,
        "incomeBeforeTax": 132995000,
        "incomeBeforeTaxRatio": 0.9488730817,
        "incomeTaxExpense": 43263000,
        "netIncome": 65750000,
        "netIncomeRatio": 0.4691033882,
        "eps": 1.53,
        "epsdiluted": 1.5,
        "weightedAverageShsOut": 42924000,
        "weightedAverageShsOutDil": 43740000,
        "link": "https://www.sec.gov/Archives/edgar/data/719739/000119312511212416/0001193125-11-212416-index.htm",
        "finalLink": "https://www.sec.gov/Archives/edgar/data/719739/000119312511212416/d10q.htm"
    },
    {
        "date": "2011-03-31",
        "symbol": "SIVB",
        "reportedCurrency": "USD",
        "cik": "0000719739",
        "fillingDate": "2011-05-06",
        "acceptedDate": "2011-05-06 16:13:31",
        "calendarYear": "2011",
        "period": "Q1",
        "revenue": 210253000,
        "costOfRevenue": 0,
        "grossProfit": 210253000,
        "grossProfitRatio": 1,
        "researchAndDevelopmentExpenses": 0,
        "generalAndAdministrativeExpenses": 86923000,
        "sellingAndMarketingExpenses": 0,
        "sellingGeneralAndAdministrativeExpenses": 86923000,
        "otherExpenses": -227597000,
        "operatingExpenses": -140674000,
        "costAndExpenses": -140674000,
        "interestIncome": 134101000,
        "interestExpense": 13802000,
        "depreciationAndAmortization": 6519000,
        "ebitda": 76098000,
        "ebitdaratio": 0.3619353826,
        "operatingIncome": 69579000,
        "operatingIncomeRatio": 0.3309298797,
        "totalOtherIncomeExpensesNet": 26286000,
        "incomeBeforeTax": 95865000,
        "incomeBeforeTaxRatio": 0.455950688,
        "incomeTaxExpense": 22770000,
        "netIncome": 33007000,
        "netIncomeRatio": 0.1569870584,
        "eps": 0.78,
        "epsdiluted": 0.76,
        "weightedAverageShsOut": 42482000,
        "weightedAverageShsOutDil": 43426000,
        "link": "https://www.sec.gov/Archives/edgar/data/719739/000119312511130721/0001193125-11-130721-index.htm",
        "finalLink": "https://www.sec.gov/Archives/edgar/data/719739/000119312511130721/d10q.htm"
    },
    {
        "date": "2010-12-31",
        "symbol": "SIVB",
        "reportedCurrency": "USD",
        "cik": "0000719739",
        "fillingDate": "2011-02-25",
        "acceptedDate": "2011-02-25 17:14:34",
        "calendarYear": "2010",
        "period": "Q4",
        "revenue": 176382000,
        "costOfRevenue": 0,
        "grossProfit": 176382000,
        "grossProfitRatio": 1,
        "researchAndDevelopmentExpenses": 0,
        "generalAndAdministrativeExpenses": 105595000,
        "sellingAndMarketingExpenses": 0,
        "sellingGeneralAndAdministrativeExpenses": 105595000,
        "otherExpenses": 0,
        "operatingExpenses": -195762000,
        "costAndExpenses": -195762000,
        "interestIncome": 118709000,
        "interestExpense": 14191000,
        "depreciationAndAmortization": 4812000,
        "ebitda": 47495000,
        "ebitdaratio": 0.2692735086,
        "operatingIncome": 42683000,
        "operatingIncomeRatio": 0.2419918132,
        "totalOtherIncomeExpensesNet": 2304000,
        "incomeBeforeTax": 44987000,
        "incomeBeforeTaxRatio": 0.2550543706,
        "incomeTaxExpense": 11005000,
        "netIncome": 17487000,
        "netIncomeRatio": 0.0991427697,
        "eps": 0.41,
        "epsdiluted": 0.41,
        "weightedAverageShsOut": 42482000,
        "weightedAverageShsOutDil": 42482000,
        "link": "https://www.sec.gov/Archives/edgar/data/719739/000119312511047635/0001193125-11-047635-index.htm",
        "finalLink": "https://www.sec.gov/Archives/edgar/data/719739/000119312511047635/d10k.htm"
    },
    {
        "date": "2010-09-30",
        "symbol": "SIVB",
        "reportedCurrency": "USD",
        "cik": "0000719739",
        "fillingDate": "2010-11-05",
        "acceptedDate": "2010-11-05 16:29:22",
        "calendarYear": "2010",
        "period": "Q3",
        "revenue": 116758000,
        "costOfRevenue": 0,
        "grossProfit": 192577000,
        "grossProfitRatio": 1.6493687799,
        "researchAndDevelopmentExpenses": 0,
        "generalAndAdministrativeExpenses": 64398000,
        "sellingAndMarketingExpenses": 0,
        "sellingGeneralAndAdministrativeExpenses": 64398000,
        "otherExpenses": -183775000,
        "operatingExpenses": -119377000,
        "costAndExpenses": -119377000,
        "interestIncome": 116758000,
        "interestExpense": 10417000,
        "depreciationAndAmortization": 5316000,
        "ebitda": 78516000,
        "ebitdaratio": 0.6724678395,
        "operatingIncome": 73200000,
        "operatingIncomeRatio": 0.6269377687,
        "totalOtherIncomeExpensesNet": 4235000,
        "incomeBeforeTax": 77435000,
        "incomeBeforeTaxRatio": 0.6632093732,
        "incomeTaxExpense": 24996000,
        "netIncome": 37787000,
        "netIncomeRatio": 0.3236352113,
        "eps": 0.9,
        "epsdiluted": 0.89,
        "weightedAverageShsOut": 41930000,
        "weightedAverageShsOutDil": 42513000,
        "link": "https://www.sec.gov/Archives/edgar/data/719739/000119312510250157/0001193125-10-250157-index.htm",
        "finalLink": "https://www.sec.gov/Archives/edgar/data/719739/000119312510250157/d10q.htm"
    },
    {
        "date": "2010-06-30",
        "symbol": "SIVB",
        "reportedCurrency": "USD",
        "cik": "0000719739",
        "fillingDate": "2010-08-06",
        "acceptedDate": "2010-08-06 17:05:01",
        "calendarYear": "2010",
        "period": "Q2",
        "revenue": 146593000,
        "costOfRevenue": 0,
        "grossProfit": 146593000,
        "grossProfitRatio": 1,
        "researchAndDevelopmentExpenses": 0,
        "generalAndAdministrativeExpenses": 61949000,
        "sellingAndMarketingExpenses": 0,
        "sellingGeneralAndAdministrativeExpenses": 61949000,
        "otherExpenses": -163794000,
        "operatingExpenses": -101845000,
        "costAndExpenses": -101845000,
        "interestIncome": 116245000,
        "interestExpense": 9809000,
        "depreciationAndAmortization": 4584000,
        "ebitda": 49332000,
        "ebitdaratio": 0.3365235721,
        "operatingIncome": 44748000,
        "operatingIncomeRatio": 0.3052533204,
        "totalOtherIncomeExpensesNet": -9743000,
        "incomeBeforeTax": 35005000,
        "incomeBeforeTaxRatio": 0.2387903924,
        "incomeTaxExpense": 13819000,
        "netIncome": 21120000,
        "netIncomeRatio": 0.1440723636,
        "eps": 0.51,
        "epsdiluted": 0.5,
        "weightedAverageShsOut": 41720000,
        "weightedAverageShsOutDil": 42476000,
        "link": "https://www.sec.gov/Archives/edgar/data/719739/000119312510181548/0001193125-10-181548-index.htm",
        "finalLink": "https://www.sec.gov/Archives/edgar/data/719739/000119312510181548/d10q.htm"
    },
    {
        "date": "2010-03-31",
        "symbol": "SIVB",
        "reportedCurrency": "USD",
        "cik": "0000719739",
        "fillingDate": "2010-05-07",
        "acceptedDate": "2010-05-07 16:04:20",
        "calendarYear": "2010",
        "period": "Q1",
        "revenue": 150113000,
        "costOfRevenue": 0,
        "grossProfit": 150113000,
        "grossProfitRatio": 1,
        "researchAndDevelopmentExpenses": 0,
        "generalAndAdministrativeExpenses": 69415000,
        "sellingAndMarketingExpenses": 0,
        "sellingGeneralAndAdministrativeExpenses": 69415000,
        "otherExpenses": -180210000,
        "operatingExpenses": -110795000,
        "costAndExpenses": -110795000,
        "interestIncome": 110019000,
        "interestExpense": 9179000,
        "depreciationAndAmortization": 4547000,
        "ebitda": 43865000,
        "ebitdaratio": 0.2922131994,
        "operatingIncome": 39318000,
        "operatingIncomeRatio": 0.2619226849,
        "totalOtherIncomeExpensesNet": 1474000,
        "incomeBeforeTax": 40792000,
        "incomeBeforeTaxRatio": 0.2717419544,
        "incomeTaxExpense": 11582000,
        "netIncome": 18557000,
        "netIncomeRatio": 0.1236202061,
        "eps": 0.45,
        "epsdiluted": 0.44,
        "weightedAverageShsOut": 41405000,
        "weightedAverageShsOutDil": 42291000,
        "link": "https://www.sec.gov/Archives/edgar/data/719739/000119312510112861/0001193125-10-112861-index.htm",
        "finalLink": "https://www.sec.gov/Archives/edgar/data/719739/000119312510112861/d10q.htm"
    },
    {
        "date": "2009-12-31",
        "symbol": "SIVB",
        "reportedCurrency": "USD",
        "cik": "0000719739",
        "fillingDate": "2010-03-01",
        "acceptedDate": "2010-03-01 16:50:53",
        "calendarYear": "2009",
        "period": "Q4",
        "revenue": 142882000,
        "costOfRevenue": 0,
        "grossProfit": 142882000,
        "grossProfitRatio": 1,
        "researchAndDevelopmentExpenses": 0,
        "generalAndAdministrativeExpenses": 67670000,
        "sellingAndMarketingExpenses": 0,
        "sellingGeneralAndAdministrativeExpenses": 67670000,
        "otherExpenses": 0,
        "operatingExpenses": -146983000,
        "costAndExpenses": -146983000,
        "interestIncome": 112145000,
        "interestExpense": 10005000,
        "depreciationAndAmortization": 9596000,
        "ebitda": 53947000,
        "ebitdaratio": 0.377563304,
        "operatingIncome": 44351000,
        "operatingIncomeRatio": 0.3104029899,
        "totalOtherIncomeExpensesNet": -6667000,
        "incomeBeforeTax": 35713000,
        "incomeBeforeTaxRatio": 0.2499475091,
        "incomeTaxExpense": 13602000,
        "netIncome": 20744000,
        "netIncomeRatio": 0.1451827382,
        "eps": 0.5,
        "epsdiluted": 0.5,
        "weightedAverageShsOut": 41405000,
        "weightedAverageShsOutDil": 34183000,
        "link": "https://www.sec.gov/Archives/edgar/data/719739/000119312510044799/0001193125-10-044799-index.htm",
        "finalLink": "https://www.sec.gov/Archives/edgar/data/719739/000119312510044799/d10k.htm"
    },
    {
        "date": "2009-09-30",
        "symbol": "SIVB",
        "reportedCurrency": "USD",
        "cik": "0000719739",
        "fillingDate": "2009-11-06",
        "acceptedDate": "2009-11-06 17:12:09",
        "calendarYear": "2009",
        "period": "Q3",
        "revenue": 131125000,
        "costOfRevenue": 0,
        "grossProfit": 131125000,
        "grossProfitRatio": 1,
        "researchAndDevelopmentExpenses": 0,
        "generalAndAdministrativeExpenses": 47933000,
        "sellingAndMarketingExpenses": 0,
        "sellingGeneralAndAdministrativeExpenses": 47933000,
        "otherExpenses": -126848000,
        "operatingExpenses": -78915000,
        "costAndExpenses": -78915000,
        "interestIncome": 107986000,
        "interestExpense": 11168000,
        "depreciationAndAmortization": 10426000,
        "ebitda": 62636000,
        "ebitdaratio": 0.4776816015,
        "operatingIncome": 52210000,
        "operatingIncomeRatio": 0.3981696854,
        "totalOtherIncomeExpensesNet": -8922000,
        "incomeBeforeTax": 43288000,
        "incomeBeforeTaxRatio": 0.3301277407,
        "incomeTaxExpense": 16879000,
        "netIncome": 24163000,
        "netIncomeRatio": 0.1842745472,
        "eps": 0.73,
        "epsdiluted": 0.72,
        "weightedAverageShsOut": 33177000,
        "weightedAverageShsOutDil": 33672000,
        "link": "https://www.sec.gov/Archives/edgar/data/719739/000119312509227746/0001193125-09-227746-index.htm",
        "finalLink": "https://www.sec.gov/Archives/edgar/data/719739/000119312509227746/d10q.htm"
    },
    {
        "date": "2009-06-30",
        "symbol": "SIVB",
        "reportedCurrency": "USD",
        "cik": "0000719739",
        "fillingDate": "2009-08-07",
        "acceptedDate": "2009-08-07 17:12:25",
        "calendarYear": "2009",
        "period": "Q2",
        "revenue": 119956000,
        "costOfRevenue": 0,
        "grossProfit": 119956000,
        "grossProfitRatio": 1,
        "researchAndDevelopmentExpenses": 0,
        "generalAndAdministrativeExpenses": 48857000,
        "sellingAndMarketingExpenses": 0,
        "sellingGeneralAndAdministrativeExpenses": 48857000,
        "otherExpenses": -137426000,
        "operatingExpenses": -88569000,
        "costAndExpenses": -88569000,
        "interestIncome": 104556000,
        "interestExpense": 12875000,
        "depreciationAndAmortization": 8131000,
        "ebitda": 39518000,
        "ebitdaratio": 0.3294374604,
        "operatingIncome": 31387000,
        "operatingIncomeRatio": 0.2616542732,
        "totalOtherIncomeExpensesNet": -198974000,
        "incomeBeforeTax": 9551000,
        "incomeBeforeTaxRatio": 0.079620861,
        "incomeTaxExpense": 7174000,
        "netIncome": 11338000,
        "netIncomeRatio": 0.0945179899,
        "eps": 0.34,
        "epsdiluted": 0.34,
        "weightedAverageShsOut": 32952000,
        "weightedAverageShsOutDil": 33078000,
        "link": "https://www.sec.gov/Archives/edgar/data/719739/000119312509169253/0001193125-09-169253-index.htm",
        "finalLink": "https://www.sec.gov/Archives/edgar/data/719739/000119312509169253/d10q.htm"
    },
    {
        "date": "2009-03-31",
        "symbol": "SIVB",
        "reportedCurrency": "USD",
        "cik": "0000719739",
        "fillingDate": "2009-05-08",
        "acceptedDate": "2009-05-08 16:29:21",
        "calendarYear": "2009",
        "period": "Q1",
        "revenue": 106539000,
        "costOfRevenue": 0,
        "grossProfit": 87901000,
        "grossProfitRatio": 0.8250593679,
        "researchAndDevelopmentExpenses": 0,
        "generalAndAdministrativeExpenses": 50193000,
        "sellingAndMarketingExpenses": 0,
        "sellingGeneralAndAdministrativeExpenses": 50193000,
        "otherExpenses": -131778000,
        "operatingExpenses": -81585000,
        "costAndExpenses": -81585000,
        "interestIncome": 106539000,
        "interestExpense": 15028000,
        "depreciationAndAmortization": 7239000,
        "ebitda": 13555000,
        "ebitdaratio": 0.1272304039,
        "operatingIncome": 6316000,
        "operatingIncomeRatio": 0.0592834549,
        "totalOtherIncomeExpensesNet": -212191000,
        "incomeBeforeTax": -42705000,
        "incomeBeforeTaxRatio": -0.4008391293,
        "incomeTaxExpense": -1702000,
        "netIncome": -7010000,
        "netIncomeRatio": -0.0657975014,
        "eps": -0.21,
        "epsdiluted": -0.21,
        "weightedAverageShsOut": 32932000,
        "weightedAverageShsOutDil": 32932000,
        "link": "https://www.sec.gov/Archives/edgar/data/719739/000119312509105436/0001193125-09-105436-index.htm",
        "finalLink": "https://www.sec.gov/Archives/edgar/data/719739/000119312509105436/d10q.htm"
    },
    {
        "date": "2008-12-31",
        "symbol": "SIVB",
        "reportedCurrency": "USD",
        "cik": "0000719739",
        "fillingDate": "2009-03-02",
        "acceptedDate": "2009-03-02 17:20:55",
        "calendarYear": "2008",
        "period": "Q4",
        "revenue": 125834000,
        "costOfRevenue": 0,
        "grossProfit": 125834000,
        "grossProfitRatio": 1,
        "researchAndDevelopmentExpenses": 0,
        "generalAndAdministrativeExpenses": 40016000,
        "sellingAndMarketingExpenses": 0,
        "sellingGeneralAndAdministrativeExpenses": 40016000,
        "otherExpenses": 0,
        "operatingExpenses": -153438000,
        "costAndExpenses": -153438000,
        "interestIncome": 113650000,
        "interestExpense": 16715000,
        "depreciationAndAmortization": 6454000,
        "ebitda": 27910000,
        "ebitdaratio": 0.2218001494,
        "operatingIncome": 21456000,
        "operatingIncomeRatio": 0.1705103549,
        "totalOtherIncomeExpensesNet": -274531000,
        "incomeBeforeTax": 4741000,
        "incomeBeforeTaxRatio": 0.0376766216,
        "incomeTaxExpense": 2319000,
        "netIncome": 2422000,
        "netIncomeRatio": 0.0192475801,
        "eps": 0.0735,
        "epsdiluted": 0.0735,
        "weightedAverageShsOut": 32932000,
        "weightedAverageShsOutDil": 32932000,
        "link": "https://www.sec.gov/Archives/edgar/data/719739/000119312509042756/0001193125-09-042756-index.htm",
        "finalLink": "https://www.sec.gov/Archives/edgar/data/719739/000119312509042756/d10k.htm"
    },
    {
        "date": "2008-09-30",
        "symbol": "SIVB",
        "reportedCurrency": "USD",
        "cik": "0000719739",
        "fillingDate": "2008-11-10",
        "acceptedDate": "2008-11-10 16:17:58",
        "calendarYear": "2008",
        "period": "Q3",
        "revenue": 136876000,
        "costOfRevenue": 0,
        "grossProfit": 136876000,
        "grossProfitRatio": 1,
        "researchAndDevelopmentExpenses": 0,
        "generalAndAdministrativeExpenses": 49598000,
        "sellingAndMarketingExpenses": 0,
        "sellingGeneralAndAdministrativeExpenses": 49598000,
        "otherExpenses": -123752000,
        "operatingExpenses": -74154000,
        "costAndExpenses": -74154000,
        "interestIncome": 113395000,
        "interestExpense": 18266000,
        "depreciationAndAmortization": 2664000,
        "ebitda": 65386000,
        "ebitdaratio": 0.477702446,
        "operatingIncome": 62722000,
        "operatingIncomeRatio": 0.4582395745,
        "totalOtherIncomeExpensesNet": -18266000,
        "incomeBeforeTax": 44456000,
        "incomeBeforeTaxRatio": 0.3247903212,
        "incomeTaxExpense": 17448000,
        "netIncome": 27008000,
        "netIncomeRatio": 0.1973172799,
        "eps": 0.83,
        "epsdiluted": 0.8,
        "weightedAverageShsOut": 32534000,
        "weightedAverageShsOutDil": 33760000,
        "link": "https://www.sec.gov/Archives/edgar/data/719739/000119312508231745/0001193125-08-231745-index.htm",
        "finalLink": "https://www.sec.gov/Archives/edgar/data/719739/000119312508231745/d10q.htm"
    },
    {
        "date": "2008-06-30",
        "symbol": "SIVB",
        "reportedCurrency": "USD",
        "cik": "0000719739",
        "fillingDate": "2008-08-07",
        "acceptedDate": "2008-08-07 16:41:02",
        "calendarYear": "2008",
        "period": "Q2",
        "revenue": 131801000,
        "costOfRevenue": 0,
        "grossProfit": 131801000,
        "grossProfitRatio": 1,
        "researchAndDevelopmentExpenses": 0,
        "generalAndAdministrativeExpenses": 50059000,
        "sellingAndMarketingExpenses": 0,
        "sellingGeneralAndAdministrativeExpenses": 50059000,
        "otherExpenses": -128066000,
        "operatingExpenses": -78007000,
        "costAndExpenses": -78007000,
        "interestIncome": 103863000,
        "interestExpense": 15999000,
        "depreciationAndAmortization": 8248000,
        "ebitda": 62042000,
        "ebitdaratio": 0.4707248048,
        "operatingIncome": 53794000,
        "operatingIncomeRatio": 0.4081456135,
        "totalOtherIncomeExpensesNet": -15999000,
        "incomeBeforeTax": 37795000,
        "incomeBeforeTaxRatio": 0.2867580671,
        "incomeTaxExpense": 16500000,
        "netIncome": 21295000,
        "netIncomeRatio": 0.1615693356,
        "eps": 0.66,
        "epsdiluted": 0.62,
        "weightedAverageShsOut": 32265000,
        "weightedAverageShsOutDil": 34347000,
        "link": "https://www.sec.gov/Archives/edgar/data/719739/000119312508170171/0001193125-08-170171-index.htm",
        "finalLink": "https://www.sec.gov/Archives/edgar/data/719739/000119312508170171/d10q.htm"
    },
    {
        "date": "2008-03-31",
        "symbol": "SIVB",
        "reportedCurrency": "USD",
        "cik": "0000719739",
        "fillingDate": "2008-05-09",
        "acceptedDate": "2008-05-09 17:15:07",
        "calendarYear": "2008",
        "period": "Q1",
        "revenue": 133646000,
        "costOfRevenue": 0,
        "grossProfit": 133646000,
        "grossProfitRatio": 1,
        "researchAndDevelopmentExpenses": 0,
        "generalAndAdministrativeExpenses": 53781000,
        "sellingAndMarketingExpenses": 0,
        "sellingGeneralAndAdministrativeExpenses": 53781000,
        "otherExpenses": -124221000,
        "operatingExpenses": -70440000,
        "costAndExpenses": -70440000,
        "interestIncome": 108583000,
        "interestExpense": 16502000,
        "depreciationAndAmortization": 7691000,
        "ebitda": 70897000,
        "ebitdaratio": 0.5304835162,
        "operatingIncome": 63206000,
        "operatingIncomeRatio": 0.4729359652,
        "totalOtherIncomeExpensesNet": -16502000,
        "incomeBeforeTax": 46704000,
        "incomeBeforeTaxRatio": 0.3494605151,
        "incomeTaxExpense": 18801000,
        "netIncome": 27903000,
        "netIncomeRatio": 0.2087829041,
        "eps": 0.86,
        "epsdiluted": 0.81,
        "weightedAverageShsOut": 32445000,
        "weightedAverageShsOutDil": 34448000,
        "link": "https://www.sec.gov/Archives/edgar/data/719739/000119312508109999/0001193125-08-109999-index.htm",
        "finalLink": "https://www.sec.gov/Archives/edgar/data/719739/000119312508109999/d10q.htm"
    },
    {
        "date": "2007-12-31",
        "symbol": "SIVB",
        "reportedCurrency": "USD",
        "cik": "0000719739",
        "fillingDate": "2008-02-29",
        "acceptedDate": "2008-02-29 17:04:58",
        "calendarYear": "2007",
        "period": "Q4",
        "revenue": 150474000,
        "costOfRevenue": 0,
        "grossProfit": 150474000,
        "grossProfitRatio": 1,
        "researchAndDevelopmentExpenses": 0,
        "generalAndAdministrativeExpenses": 52115000,
        "sellingAndMarketingExpenses": 0,
        "sellingGeneralAndAdministrativeExpenses": 52115000,
        "otherExpenses": 0,
        "operatingExpenses": -161777000,
        "costAndExpenses": -161777000,
        "interestIncome": 114518000,
        "interestExpense": 17233000,
        "depreciationAndAmortization": 5964000,
        "ebitda": 82266000,
        "ebitdaratio": 0.5467123889,
        "operatingIncome": 76302000,
        "operatingIncomeRatio": 0.5070776347,
        "totalOtherIncomeExpensesNet": -17233000,
        "incomeBeforeTax": 59069000,
        "incomeBeforeTaxRatio": 0.3925528663,
        "incomeTaxExpense": 24803000,
        "netIncome": 34266000,
        "netIncomeRatio": 0.2277204035,
        "eps": 1.06,
        "epsdiluted": 1.06,
        "weightedAverageShsOut": 32445000,
        "weightedAverageShsOutDil": 32445000,
        "link": "https://www.sec.gov/Archives/edgar/data/719739/000119312508043869/0001193125-08-043869-index.htm",
        "finalLink": "https://www.sec.gov/Archives/edgar/data/719739/000119312508043869/d10k.htm"
    },
    {
        "date": "2007-09-30",
        "symbol": "SIVB",
        "reportedCurrency": "USD",
        "cik": "0000719739",
        "fillingDate": "2007-11-09",
        "acceptedDate": "2007-11-09 16:06:23",
        "calendarYear": "2007",
        "period": "Q3",
        "revenue": 113171000,
        "costOfRevenue": 0,
        "grossProfit": 160742000,
        "grossProfitRatio": 1.4203462018,
        "researchAndDevelopmentExpenses": 0,
        "generalAndAdministrativeExpenses": 56460000,
        "sellingAndMarketingExpenses": 0,
        "sellingGeneralAndAdministrativeExpenses": 56460000,
        "otherExpenses": -135569000,
        "operatingExpenses": -79109000,
        "costAndExpenses": -79109000,
        "interestIncome": 113171000,
        "interestExpense": 17463000,
        "depreciationAndAmortization": 6181000,
        "ebitda": 87814000,
        "ebitdaratio": 0.7759408329,
        "operatingIncome": 81633000,
        "operatingIncomeRatio": 0.7213243675,
        "totalOtherIncomeExpensesNet": -17463000,
        "incomeBeforeTax": 64170000,
        "incomeBeforeTaxRatio": 0.5670180523,
        "incomeTaxExpense": 26054000,
        "netIncome": 38116000,
        "netIncomeRatio": 0.3368000636,
        "eps": 1.12,
        "epsdiluted": 1.03,
        "weightedAverageShsOut": 34032000,
        "weightedAverageShsOutDil": 37006000,
        "link": "https://www.sec.gov/Archives/edgar/data/719739/000119312507242426/0001193125-07-242426-index.htm",
        "finalLink": "https://www.sec.gov/Archives/edgar/data/719739/000119312507242426/d10q.htm"
    },
    {
        "date": "2007-06-30",
        "symbol": "SIVB",
        "reportedCurrency": "USD",
        "cik": "0000719739",
        "fillingDate": "2007-08-09",
        "acceptedDate": "2007-08-09 16:09:10",
        "calendarYear": "2007",
        "period": "Q2",
        "revenue": 150276000,
        "costOfRevenue": 0,
        "grossProfit": 150276000,
        "grossProfitRatio": 1,
        "researchAndDevelopmentExpenses": 0,
        "generalAndAdministrativeExpenses": 51957000,
        "sellingAndMarketingExpenses": 0,
        "sellingGeneralAndAdministrativeExpenses": 51957000,
        "otherExpenses": -148660000,
        "operatingExpenses": -96703000,
        "costAndExpenses": -96703000,
        "interestIncome": 109731000,
        "interestExpense": 15155000,
        "depreciationAndAmortization": 8025000,
        "ebitda": 61598000,
        "ebitdaratio": 0.409899119,
        "operatingIncome": 53573000,
        "operatingIncomeRatio": 0.3564973782,
        "totalOtherIncomeExpensesNet": -15155000,
        "incomeBeforeTax": 38418000,
        "incomeBeforeTaxRatio": 0.2556496047,
        "incomeTaxExpense": 15553000,
        "netIncome": 22865000,
        "netIncomeRatio": 0.1521533711,
        "eps": 0.67,
        "epsdiluted": 0.61,
        "weightedAverageShsOut": 34127000,
        "weightedAverageShsOutDil": 37484000,
        "link": "https://www.sec.gov/Archives/edgar/data/719739/000119312507177464/0001193125-07-177464-index.htm",
        "finalLink": "https://www.sec.gov/Archives/edgar/data/719739/000119312507177464/d10q.htm"
    },
    {
        "date": "2007-03-31",
        "symbol": "SIVB",
        "reportedCurrency": "USD",
        "cik": "0000719739",
        "fillingDate": "2007-05-10",
        "acceptedDate": "2007-05-10 16:02:47",
        "calendarYear": "2007",
        "period": "Q1",
        "revenue": 140825000,
        "costOfRevenue": 0,
        "grossProfit": 140825000,
        "grossProfitRatio": 1,
        "researchAndDevelopmentExpenses": 0,
        "generalAndAdministrativeExpenses": 53360000,
        "sellingAndMarketingExpenses": 0,
        "sellingGeneralAndAdministrativeExpenses": 53360000,
        "otherExpenses": -132824000,
        "operatingExpenses": -79464000,
        "costAndExpenses": -79464000,
        "interestIncome": 105966000,
        "interestExpense": 12602000,
        "depreciationAndAmortization": 6858000,
        "ebitda": 68219000,
        "ebitdaratio": 0.4844239304,
        "operatingIncome": 61361000,
        "operatingIncomeRatio": 0.4357251908,
        "totalOtherIncomeExpensesNet": -12602000,
        "incomeBeforeTax": 48759000,
        "incomeBeforeTaxRatio": 0.3462382389,
        "incomeTaxExpense": 20368000,
        "netIncome": 28391000,
        "netIncomeRatio": 0.2016048287,
        "eps": 0.82,
        "epsdiluted": 0.76,
        "weightedAverageShsOut": 34623000,
        "weightedAverageShsOutDil": 37357000,
        "link": "https://www.sec.gov/Archives/edgar/data/719739/000110465907038279/0001104659-07-038279-index.htm",
        "finalLink": "https://www.sec.gov/Archives/edgar/data/719739/000110465907038279/a07-11140_110q.htm"
    },
    {
        "date": "2006-12-31",
        "symbol": "SIVB",
        "reportedCurrency": "USD",
        "cik": "0000719739",
        "fillingDate": "2007-03-01",
        "acceptedDate": "2007-03-01 16:30:40",
        "calendarYear": "2006",
        "period": "Q4",
        "revenue": 138867000,
        "costOfRevenue": 0,
        "grossProfit": 138867000,
        "grossProfitRatio": 1,
        "researchAndDevelopmentExpenses": 0,
        "generalAndAdministrativeExpenses": 49887000,
        "sellingAndMarketingExpenses": 0,
        "sellingGeneralAndAdministrativeExpenses": 49887000,
        "otherExpenses": 0,
        "operatingExpenses": -138701000,
        "costAndExpenses": -138701000,
        "interestIncome": 104800000,
        "interestExpense": 11792000,
        "depreciationAndAmortization": 3936000,
        "ebitda": 65274000,
        "ebitdaratio": 0.4700468794,
        "operatingIncome": 61338000,
        "operatingIncomeRatio": 0.4417032124,
        "totalOtherIncomeExpensesNet": -11792000,
        "incomeBeforeTax": 49546000,
        "incomeBeforeTaxRatio": 0.3567874297,
        "incomeTaxExpense": 21196000,
        "netIncome": 28350000,
        "netIncomeRatio": 0.2041521744,
        "eps": 0.82,
        "epsdiluted": 0.82,
        "weightedAverageShsOut": 34623000,
        "weightedAverageShsOutDil": 34623000,
        "link": "https://www.sec.gov/Archives/edgar/data/719739/000110465907015557/0001104659-07-015557-index.htm",
        "finalLink": "https://www.sec.gov/Archives/edgar/data/719739/000110465907015557/a07-5364_110k.htm"
    },
    {
        "date": "2006-09-30",
        "symbol": "SIVB",
        "reportedCurrency": "USD",
        "cik": "0000719739",
        "fillingDate": "2006-11-09",
        "acceptedDate": "2006-11-09 16:49:34",
        "calendarYear": "2006",
        "period": "Q3",
        "revenue": 120776000,
        "costOfRevenue": 0,
        "grossProfit": 120776000,
        "grossProfitRatio": 1,
        "researchAndDevelopmentExpenses": 0,
        "generalAndAdministrativeExpenses": 45505000,
        "sellingAndMarketingExpenses": 0,
        "sellingGeneralAndAdministrativeExpenses": 45505000,
        "otherExpenses": -111864000,
        "operatingExpenses": -66359000,
        "costAndExpenses": -66359000,
        "interestIncome": 100304000,
        "interestExpense": 10496000,
        "depreciationAndAmortization": 7805000,
        "ebitda": 62222000,
        "ebitdaratio": 0.5151851361,
        "operatingIncome": 54417000,
        "operatingIncomeRatio": 0.4505613698,
        "totalOtherIncomeExpensesNet": -10496000,
        "incomeBeforeTax": 43921000,
        "incomeBeforeTaxRatio": 0.3636566868,
        "incomeTaxExpense": 18751000,
        "netIncome": 25170000,
        "netIncomeRatio": 0.2084023316,
        "eps": 0.73,
        "epsdiluted": 0.68,
        "weightedAverageShsOut": 34479000,
        "weightedAverageShsOutDil": 37015000,
        "link": "https://www.sec.gov/Archives/edgar/data/719739/000110465906073678/0001104659-06-073678-index.htm",
        "finalLink": "https://www.sec.gov/Archives/edgar/data/719739/000110465906073678/a06-22037_110q.htm"
    },
    {
        "date": "2006-06-30",
        "symbol": "SIVB",
        "reportedCurrency": "USD",
        "cik": "0000719739",
        "fillingDate": "2006-08-09",
        "acceptedDate": "2006-08-09 16:58:37",
        "calendarYear": "2006",
        "period": "Q2",
        "revenue": 126740000,
        "costOfRevenue": 0,
        "grossProfit": 126740000,
        "grossProfitRatio": 1,
        "researchAndDevelopmentExpenses": 0,
        "generalAndAdministrativeExpenses": 48675000,
        "sellingAndMarketingExpenses": 0,
        "sellingGeneralAndAdministrativeExpenses": 48675000,
        "otherExpenses": -145361000,
        "operatingExpenses": -96686000,
        "costAndExpenses": -96686000,
        "interestIncome": 93130000,
        "interestExpense": 7368000,
        "depreciationAndAmortization": 8750000,
        "ebitda": 38804000,
        "ebitdaratio": 0.306170112,
        "operatingIncome": 30054000,
        "operatingIncomeRatio": 0.2371311346,
        "totalOtherIncomeExpensesNet": -7368000,
        "incomeBeforeTax": 22686000,
        "incomeBeforeTaxRatio": 0.1789963705,
        "incomeTaxExpense": 9092000,
        "netIncome": 13594000,
        "netIncomeRatio": 0.1072589553,
        "eps": 0.39,
        "epsdiluted": 0.36,
        "weightedAverageShsOut": 34856000,
        "weightedAverageShsOutDil": 37761000,
        "link": "https://www.sec.gov/Archives/edgar/data/719739/000110465906053227/0001104659-06-053227-index.htm",
        "finalLink": "https://www.sec.gov/Archives/edgar/data/719739/000110465906053227/a06-15746_110q.htm"
    },
    {
        "date": "2006-03-31",
        "symbol": "SIVB",
        "reportedCurrency": "USD",
        "cik": "0000719739",
        "fillingDate": "2006-05-10",
        "acceptedDate": "2006-05-10 16:49:40",
        "calendarYear": "2006",
        "period": "Q1",
        "revenue": 107280000,
        "costOfRevenue": 0,
        "grossProfit": 107280000,
        "grossProfitRatio": 1,
        "researchAndDevelopmentExpenses": 0,
        "generalAndAdministrativeExpenses": 44521000,
        "sellingAndMarketingExpenses": 0,
        "sellingGeneralAndAdministrativeExpenses": 44521000,
        "otherExpenses": -107261000,
        "operatingExpenses": -62740000,
        "costAndExpenses": -62740000,
        "interestIncome": 89405000,
        "interestExpense": 5526000,
        "depreciationAndAmortization": 3379000,
        "ebitda": 47919000,
        "ebitdaratio": 0.4466722595,
        "operatingIncome": 44540000,
        "operatingIncomeRatio": 0.4151752424,
        "totalOtherIncomeExpensesNet": -5718000,
        "incomeBeforeTax": 38822000,
        "incomeBeforeTaxRatio": 0.3618754661,
        "incomeTaxExpense": 16743000,
        "netIncome": 22271000,
        "netIncomeRatio": 0.2075969426,
        "eps": 0.63,
        "epsdiluted": 0.58,
        "weightedAverageShsOut": 35351000,
        "weightedAverageShsOutDil": 38398000,
        "link": "https://www.sec.gov/Archives/edgar/data/719739/000110465906033375/0001104659-06-033375-index.htm",
        "finalLink": "https://www.sec.gov/Archives/edgar/data/719739/000110465906033375/a06-10141_110q.htm"
    },
    {
        "date": "2005-12-31",
        "symbol": "SIVB",
        "reportedCurrency": "USD",
        "cik": "0000719739",
        "fillingDate": "2006-03-27",
        "acceptedDate": "2006-03-24 19:49:25",
        "calendarYear": "2005",
        "period": "Q4",
        "revenue": 117813000,
        "costOfRevenue": 0,
        "grossProfit": 117813000,
        "grossProfitRatio": 1,
        "researchAndDevelopmentExpenses": 0,
        "generalAndAdministrativeExpenses": 41246000,
        "sellingAndMarketingExpenses": 0,
        "sellingGeneralAndAdministrativeExpenses": 41246000,
        "otherExpenses": 0,
        "operatingExpenses": -122230000,
        "costAndExpenses": -122230000,
        "interestIncome": 85621000,
        "interestExpense": 5437000,
        "depreciationAndAmortization": -4926000,
        "ebitda": 42849000,
        "ebitdaratio": 0.3637034962,
        "operatingIncome": 47775000,
        "operatingIncomeRatio": 0.4055155204,
        "totalOtherIncomeExpensesNet": -197705000,
        "incomeBeforeTax": 42338000,
        "incomeBeforeTaxRatio": 0.3593661141,
        "incomeTaxExpense": 16692000,
        "netIncome": 25646000,
        "netIncomeRatio": 0.2176839568,
        "eps": 0.73,
        "epsdiluted": 0.73,
        "weightedAverageShsOut": 35351000,
        "weightedAverageShsOutDil": 35351000,
        "link": "https://www.sec.gov/Archives/edgar/data/719739/000110465906019224/0001104659-06-019224-index.htm",
        "finalLink": "https://www.sec.gov/Archives/edgar/data/719739/000110465906019224/a06-2370_210k.htm"
    },
    {
        "date": "2005-09-30",
        "symbol": "SIVB",
        "reportedCurrency": "USD",
        "cik": "0000719739",
        "fillingDate": "2005-12-30",
        "acceptedDate": "2005-12-29 21:10:08",
        "calendarYear": "2005",
        "period": "Q3",
        "revenue": 102657000,
        "costOfRevenue": 0,
        "grossProfit": 102657000,
        "grossProfitRatio": 1,
        "researchAndDevelopmentExpenses": 0,
        "generalAndAdministrativeExpenses": 37796000,
        "sellingAndMarketingExpenses": 0,
        "sellingGeneralAndAdministrativeExpenses": 37796000,
        "otherExpenses": -97594000,
        "operatingExpenses": -59798000,
        "costAndExpenses": -59798000,
        "interestIncome": 82957000,
        "interestExpense": 4893000,
        "depreciationAndAmortization": 2490000,
        "ebitda": 45349000,
        "ebitdaratio": 0.4417526326,
        "operatingIncome": 42859000,
        "operatingIncomeRatio": 0.417497102,
        "totalOtherIncomeExpensesNet": -4893000,
        "incomeBeforeTax": 37966000,
        "incomeBeforeTaxRatio": 0.3698335233,
        "incomeTaxExpense": 14907000,
        "netIncome": 23059000,
        "netIncomeRatio": 0.2246217988,
        "eps": 0.66,
        "epsdiluted": 0.6,
        "weightedAverageShsOut": 34938000,
        "weightedAverageShsOutDil": 38432000,
        "link": "https://www.sec.gov/Archives/edgar/data/719739/000110465905063169/0001104659-05-063169-index.htm",
        "finalLink": "https://www.sec.gov/Archives/edgar/data/719739/000110465905063169/a05-22416_110q.htm"
    },
    {
        "date": "2005-06-30",
        "symbol": "SIVB",
        "reportedCurrency": "USD",
        "cik": "0000719739",
        "fillingDate": "2005-12-30",
        "acceptedDate": "2005-12-29 21:06:42",
        "calendarYear": "2005",
        "period": "Q2",
        "revenue": 101823000,
        "costOfRevenue": 0,
        "grossProfit": 101823000,
        "grossProfitRatio": 1,
        "researchAndDevelopmentExpenses": 0,
        "generalAndAdministrativeExpenses": 44280000,
        "sellingAndMarketingExpenses": 0,
        "sellingGeneralAndAdministrativeExpenses": 44280000,
        "otherExpenses": -107268000,
        "operatingExpenses": -62988000,
        "costAndExpenses": -62988000,
        "interestIncome": 75469000,
        "interestExpense": 3779000,
        "depreciationAndAmortization": 1287000,
        "ebitda": 40122000,
        "ebitdaratio": 0.3940367108,
        "operatingIncome": 38835000,
        "operatingIncomeRatio": 0.3813971303,
        "totalOtherIncomeExpensesNet": -3779000,
        "incomeBeforeTax": 35056000,
        "incomeBeforeTaxRatio": 0.344283708,
        "incomeTaxExpense": 14160000,
        "netIncome": 20896000,
        "netIncomeRatio": 0.2052188602,
        "eps": 0.6,
        "epsdiluted": 0.54,
        "weightedAverageShsOut": 34827000,
        "weightedAverageShsOutDil": 38696000,
        "link": "https://www.sec.gov/Archives/edgar/data/719739/000110465905063168/0001104659-05-063168-index.htm",
        "finalLink": "https://www.sec.gov/Archives/edgar/data/719739/000110465905063168/a05-22417_110q.htm"
    },
    {
        "date": "2005-03-31",
        "symbol": "SIVB",
        "reportedCurrency": "USD",
        "cik": "0000719739",
        "fillingDate": "2005-05-10",
        "acceptedDate": "2005-05-10 14:33:17",
        "calendarYear": "2005",
        "period": "Q1",
        "revenue": 96103000,
        "costOfRevenue": 0,
        "grossProfit": 96103000,
        "grossProfitRatio": 1,
        "researchAndDevelopmentExpenses": 0,
        "generalAndAdministrativeExpenses": 40154000,
        "sellingAndMarketingExpenses": 0,
        "sellingGeneralAndAdministrativeExpenses": 40154000,
        "otherExpenses": -93261000,
        "operatingExpenses": -53107000,
        "costAndExpenses": -53107000,
        "interestIncome": 72985000,
        "interestExpense": 3057000,
        "depreciationAndAmortization": 2823000,
        "ebitda": 45819000,
        "ebitdaratio": 0.4767697158,
        "operatingIncome": 42996000,
        "operatingIncomeRatio": 0.4473949825,
        "totalOtherIncomeExpensesNet": -3057000,
        "incomeBeforeTax": 39939000,
        "incomeBeforeTaxRatio": 0.4155853615,
        "incomeTaxExpense": 15789000,
        "netIncome": 24150000,
        "netIncomeRatio": 0.2512928837,
        "eps": 0.68,
        "epsdiluted": 0.62,
        "weightedAverageShsOut": 35515000,
        "weightedAverageShsOutDil": 38952000,
        "link": "https://www.sec.gov/Archives/edgar/data/719739/000110465905022061/0001104659-05-022061-index.htm",
        "finalLink": "https://www.sec.gov/Archives/edgar/data/719739/000110465905022061/a05-8229_110q.htm"
    },
    {
        "date": "2004-12-31",
        "symbol": "SIVB",
        "reportedCurrency": "USD",
        "cik": "0000719739",
        "fillingDate": "2005-03-16",
        "acceptedDate": "2005-03-16 14:33:46",
        "calendarYear": "2004",
        "period": "Q4",
        "revenue": 95743000,
        "costOfRevenue": 0,
        "grossProfit": 95743000,
        "grossProfitRatio": 1,
        "researchAndDevelopmentExpenses": 0,
        "generalAndAdministrativeExpenses": 42915000,
        "sellingAndMarketingExpenses": -1571000,
        "sellingGeneralAndAdministrativeExpenses": 41088000,
        "otherExpenses": 0,
        "operatingExpenses": -113753000,
        "costAndExpenses": -113753000,
        "interestIncome": 70821000,
        "interestExpense": 2915000,
        "depreciationAndAmortization": 4688000,
        "ebitda": 39764000,
        "ebitdaratio": 0.4153201801,
        "operatingIncome": 35076000,
        "operatingIncomeRatio": 0.3663557649,
        "totalOtherIncomeExpensesNet": -2915000,
        "incomeBeforeTax": 32161000,
        "incomeBeforeTaxRatio": 0.3359096749,
        "incomeTaxExpense": 12606000,
        "netIncome": 19555000,
        "netIncomeRatio": 0.2042446967,
        "eps": 0.55,
        "epsdiluted": 0.55,
        "weightedAverageShsOut": 35515000,
        "weightedAverageShsOutDil": 35515000,
        "link": "https://www.sec.gov/Archives/edgar/data/719739/000110465905011395/0001104659-05-011395-index.htm",
        "finalLink": "https://www.sec.gov/Archives/edgar/data/719739/000110465905011395/a05-1748_110k.htm"
    },
    {
        "date": "2004-09-30",
        "symbol": "SIVB",
        "reportedCurrency": "USD",
        "cik": "0000719739",
        "fillingDate": "2004-11-09",
        "acceptedDate": "2004-11-09 17:20:19",
        "calendarYear": "2004",
        "period": "Q3",
        "revenue": 63893000,
        "costOfRevenue": 0,
        "grossProfit": 82795000,
        "grossProfitRatio": 1.2958383547,
        "researchAndDevelopmentExpenses": 0,
        "generalAndAdministrativeExpenses": 36926000,
        "sellingAndMarketingExpenses": 647000,
        "sellingGeneralAndAdministrativeExpenses": 37573000,
        "otherExpenses": 0,
        "operatingExpenses": 647000,
        "costAndExpenses": 647000,
        "interestIncome": 63893000,
        "interestExpense": 2900000,
        "depreciationAndAmortization": 2061000,
        "ebitda": 30299000,
        "ebitdaratio": 0.4742147027,
        "operatingIncome": 28238000,
        "operatingIncomeRatio": 0.4419576479,
        "totalOtherIncomeExpensesNet": -56810000,
        "incomeBeforeTax": 25338000,
        "incomeBeforeTaxRatio": 0.3965692642,
        "incomeTaxExpense": 9235000,
        "netIncome": 16103000,
        "netIncomeRatio": 0.2520307389,
        "eps": 0.46,
        "epsdiluted": 0.43,
        "weightedAverageShsOut": 35007000,
        "weightedAverageShsOutDil": 37449000,
        "link": "https://www.sec.gov/Archives/edgar/data/719739/000110465904034798/0001104659-04-034798-index.htm",
        "finalLink": "https://www.sec.gov/Archives/edgar/data/719739/000110465904034798/a04-13171_110q.htm"
    },
    {
        "date": "2004-06-30",
        "symbol": "SIVB",
        "reportedCurrency": "USD",
        "cik": "0000719739",
        "fillingDate": "2004-08-09",
        "acceptedDate": "2004-08-09 15:53:23",
        "calendarYear": "2004",
        "period": "Q2",
        "revenue": 49406000,
        "costOfRevenue": 0,
        "grossProfit": 86537000,
        "grossProfitRatio": 1.7515483949,
        "researchAndDevelopmentExpenses": 0,
        "generalAndAdministrativeExpenses": 41153000,
        "sellingAndMarketingExpenses": 357000,
        "sellingGeneralAndAdministrativeExpenses": 42077000,
        "otherExpenses": 0,
        "operatingExpenses": 357000,
        "costAndExpenses": 357000,
        "interestIncome": 57865000,
        "interestExpense": 2706000,
        "depreciationAndAmortization": 2209000,
        "ebitda": 30624000,
        "ebitdaratio": 0.6198437437,
        "operatingIncome": 28415000,
        "operatingIncomeRatio": 0.575132575,
        "totalOtherIncomeExpensesNet": -60601000,
        "incomeBeforeTax": 25579000,
        "incomeBeforeTaxRatio": 0.51773064,
        "incomeTaxExpense": 9871000,
        "netIncome": 15708000,
        "netIncomeRatio": 0.3179370927,
        "eps": 0.45,
        "epsdiluted": 0.43,
        "weightedAverageShsOut": 34907000,
        "weightedAverageShsOutDil": 36530000,
        "link": "https://www.sec.gov/Archives/edgar/data/719739/000104746904025818/0001047469-04-025818-index.htm",
        "finalLink": "https://www.sec.gov/Archives/edgar/data/719739/000104746904025818/a2141694z10-q.htm"
    },
    {
        "date": "2004-03-31",
        "symbol": "SIVB",
        "reportedCurrency": "USD",
        "cik": "0000719739",
        "fillingDate": "2004-05-07",
        "acceptedDate": "2004-05-07 16:21:01",
        "calendarYear": "2004",
        "period": "Q1",
        "revenue": 75706000,
        "costOfRevenue": 0,
        "grossProfit": 75706000,
        "grossProfitRatio": 1,
        "researchAndDevelopmentExpenses": 0,
        "generalAndAdministrativeExpenses": 34103000,
        "sellingAndMarketingExpenses": 0,
        "sellingGeneralAndAdministrativeExpenses": 34103000,
        "otherExpenses": -85030000,
        "operatingExpenses": -50927000,
        "costAndExpenses": -50927000,
        "interestIncome": 53560000,
        "interestExpense": 2740000,
        "depreciationAndAmortization": 1959000,
        "ebitda": 26738000,
        "ebitdaratio": 0.3531820463,
        "operatingIncome": 24779000,
        "operatingIncomeRatio": 0.3273056297,
        "totalOtherIncomeExpensesNet": -2740000,
        "incomeBeforeTax": 22039000,
        "incomeBeforeTaxRatio": 0.2911129897,
        "incomeTaxExpense": 8029000,
        "netIncome": 14010000,
        "netIncomeRatio": 0.1850579875,
        "eps": 0.4,
        "epsdiluted": 0.38,
        "weightedAverageShsOut": 35025000,
        "weightedAverageShsOutDil": 36868000,
        "link": "https://www.sec.gov/Archives/edgar/data/719739/000110465904013238/0001104659-04-013238-index.htm",
        "finalLink": "https://www.sec.gov/Archives/edgar/data/719739/000110465904013238/a04-5570_110q.htm"
    },
    {
        "date": "2003-12-31",
        "symbol": "SIVB",
        "reportedCurrency": "USD",
        "cik": "0000719739",
        "fillingDate": "2004-03-11",
        "acceptedDate": "2004-03-11 14:32:31",
        "calendarYear": "2003",
        "period": "Q4",
        "revenue": 66701000,
        "costOfRevenue": 0,
        "grossProfit": 66701000,
        "grossProfitRatio": 1,
        "researchAndDevelopmentExpenses": 0,
        "generalAndAdministrativeExpenses": 28917000,
        "sellingAndMarketingExpenses": 0,
        "sellingGeneralAndAdministrativeExpenses": 28917000,
        "otherExpenses": 0,
        "operatingExpenses": -93176000,
        "costAndExpenses": -93176000,
        "interestIncome": 52541000,
        "interestExpense": 4609000,
        "depreciationAndAmortization": 1969000,
        "ebitda": -18535000,
        "ebitdaratio": -0.2778818908,
        "operatingIncome": -20504000,
        "operatingIncomeRatio": -0.3074016881,
        "totalOtherIncomeExpensesNet": -184990000,
        "incomeBeforeTax": -25113000,
        "incomeBeforeTaxRatio": -0.3765011019,
        "incomeTaxExpense": -9819000,
        "netIncome": -15294000,
        "netIncomeRatio": -0.2292919147,
        "eps": -0.44,
        "epsdiluted": -0.44,
        "weightedAverageShsOut": 35025000,
        "weightedAverageShsOutDil": 35025000,
        "link": "https://www.sec.gov/Archives/edgar/data/719739/000110465904007053/0001104659-04-007053-index.htm",
        "finalLink": "https://www.sec.gov/Archives/edgar/data/719739/000110465904007053/a04-3140_110k.htm"
    },
    {
        "date": "2003-09-30",
        "symbol": "SIVB",
        "reportedCurrency": "USD",
        "cik": "0000719739",
        "fillingDate": "2003-11-14",
        "acceptedDate": "2003-11-14 16:31:19",
        "calendarYear": "2003",
        "period": "Q3",
        "revenue": 67614000,
        "costOfRevenue": 0,
        "grossProfit": 67614000,
        "grossProfitRatio": 1,
        "researchAndDevelopmentExpenses": 0,
        "generalAndAdministrativeExpenses": 32472000,
        "sellingAndMarketingExpenses": 0,
        "sellingGeneralAndAdministrativeExpenses": 32472000,
        "otherExpenses": -70343000,
        "operatingExpenses": -37871000,
        "costAndExpenses": -37871000,
        "interestIncome": 49751000,
        "interestExpense": 3477000,
        "depreciationAndAmortization": 1714000,
        "ebitda": 31457000,
        "ebitdaratio": 0.4652438844,
        "operatingIncome": 29743000,
        "operatingIncomeRatio": 0.4398941048,
        "totalOtherIncomeExpensesNet": -3477000,
        "incomeBeforeTax": 26266000,
        "incomeBeforeTaxRatio": 0.3884698435,
        "incomeTaxExpense": 8837000,
        "netIncome": 17429000,
        "netIncomeRatio": 0.257772059,
        "eps": 0.51,
        "epsdiluted": 0.49,
        "weightedAverageShsOut": 34175000,
        "weightedAverageShsOutDil": 35569000,
        "link": "https://www.sec.gov/Archives/edgar/data/719739/000110465903026710/0001104659-03-026710-index.htm",
        "finalLink": "https://www.sec.gov/Archives/edgar/data/719739/000110465903026710/a03-5498_110q.htm"
    },
    {
        "date": "2003-06-30",
        "symbol": "SIVB",
        "reportedCurrency": "USD",
        "cik": "0000719739",
        "fillingDate": "2003-08-14",
        "acceptedDate": "2003-08-14 17:22:10",
        "calendarYear": "2003",
        "period": "Q2",
        "revenue": 64205000,
        "costOfRevenue": 0,
        "grossProfit": 64205000,
        "grossProfitRatio": 1,
        "researchAndDevelopmentExpenses": 0,
        "generalAndAdministrativeExpenses": 29272000,
        "sellingAndMarketingExpenses": 0,
        "sellingGeneralAndAdministrativeExpenses": 29272000,
        "otherExpenses": -92166000,
        "operatingExpenses": -62894000,
        "costAndExpenses": -62894000,
        "interestIncome": 49406000,
        "interestExpense": 2706000,
        "depreciationAndAmortization": 1954000,
        "ebitda": 3265000,
        "ebitdaratio": 0.0508527373,
        "operatingIncome": 1311000,
        "operatingIncomeRatio": 0.0204189705,
        "totalOtherIncomeExpensesNet": -128494000,
        "incomeBeforeTax": -1395000,
        "incomeBeforeTaxRatio": -0.0217272798,
        "incomeTaxExpense": -819000,
        "netIncome": -576000,
        "netIncomeRatio": -0.0089712639,
        "eps": -0.02,
        "epsdiluted": -0.02,
        "weightedAverageShsOut": 28800000,
        "weightedAverageShsOutDil": 28800000,
        "link": "https://www.sec.gov/Archives/edgar/data/719739/000110465903018768/0001104659-03-018768-index.htm",
        "finalLink": "https://www.sec.gov/Archives/edgar/data/719739/000110465903018768/a03-2753_110q.htm"
    },
    {
        "date": "2003-03-31",
        "symbol": "SIVB",
        "reportedCurrency": "USD",
        "cik": "0000719739",
        "fillingDate": "2003-05-13",
        "acceptedDate": "2003-05-13 12:15:55",
        "calendarYear": "2003",
        "period": "Q1",
        "revenue": 65424000,
        "costOfRevenue": 0,
        "grossProfit": 65424000,
        "grossProfitRatio": 1,
        "researchAndDevelopmentExpenses": 0,
        "generalAndAdministrativeExpenses": 31432000,
        "sellingAndMarketingExpenses": 0,
        "sellingGeneralAndAdministrativeExpenses": 31432000,
        "otherExpenses": -78784000,
        "operatingExpenses": -47352000,
        "costAndExpenses": -47352000,
        "interestIncome": 50639000,
        "interestExpense": 2661000,
        "depreciationAndAmortization": 1973000,
        "ebitda": 20045000,
        "ebitdaratio": 0.3063860357,
        "operatingIncome": 18072000,
        "operatingIncomeRatio": 0.2762289068,
        "totalOtherIncomeExpensesNet": -2661000,
        "incomeBeforeTax": 15411000,
        "incomeBeforeTaxRatio": 0.2355557594,
        "incomeTaxExpense": 4993000,
        "netIncome": 10418000,
        "netIncomeRatio": 0.1592382,
        "eps": 0.27,
        "epsdiluted": 0.26,
        "weightedAverageShsOut": 38585000,
        "weightedAverageShsOutDil": 40069000,
        "link": "https://www.sec.gov/Archives/edgar/data/719739/000110465903009338/0001104659-03-009338-index.htm",
        "finalLink": "https://www.sec.gov/Archives/edgar/data/719739/000110465903009338/j0912_10q.htm"
    },
    {
        "date": "2002-12-31",
        "symbol": "SIVB",
        "reportedCurrency": "USD",
        "cik": "0000719739",
        "fillingDate": "2003-03-05",
        "acceptedDate": "2003-03-05 15:06:30",
        "calendarYear": "2002",
        "period": "Q4",
        "revenue": 64287000,
        "costOfRevenue": 0,
        "grossProfit": 64287000,
        "grossProfitRatio": 1,
        "researchAndDevelopmentExpenses": 0,
        "generalAndAdministrativeExpenses": 24173000,
        "sellingAndMarketingExpenses": 143000,
        "sellingGeneralAndAdministrativeExpenses": 24316000,
        "otherExpenses": 0,
        "operatingExpenses": 80852000,
        "costAndExpenses": 80852000,
        "interestIncome": 51978000,
        "interestExpense": 3531000,
        "depreciationAndAmortization": 2573000,
        "ebitda": 23648000,
        "ebitdaratio": 0.3678504208,
        "operatingIncome": 21075000,
        "operatingIncomeRatio": 0.3278267768,
        "totalOtherIncomeExpensesNet": -3531000,
        "incomeBeforeTax": 17544000,
        "incomeBeforeTaxRatio": 0.2729012086,
        "incomeTaxExpense": 5627000,
        "netIncome": 11917000,
        "netIncomeRatio": 0.1853718481,
        "eps": 0.31,
        "epsdiluted": 0.31,
        "weightedAverageShsOut": 38585000,
        "weightedAverageShsOutDil": 38585000,
        "link": "https://www.sec.gov/Archives/edgar/data/719739/000104746903007766/0001047469-03-007766-index.htm",
        "finalLink": "https://www.sec.gov/Archives/edgar/data/719739/000104746903007766/a2103178z10-k.htm"
    },
    {
        "date": "2002-09-30",
        "symbol": "SIVB",
        "reportedCurrency": "USD",
        "cik": "0000719739",
        "fillingDate": "2002-11-14",
        "acceptedDate": "2002-11-13 19:00:13",
        "calendarYear": "2002",
        "period": "Q3",
        "revenue": 64449000,
        "costOfRevenue": 0,
        "grossProfit": 64449000,
        "grossProfitRatio": 1,
        "researchAndDevelopmentExpenses": 0,
        "generalAndAdministrativeExpenses": 27246000,
        "sellingAndMarketingExpenses": 242000,
        "sellingGeneralAndAdministrativeExpenses": 27488000,
        "otherExpenses": 0,
        "operatingExpenses": 242000,
        "costAndExpenses": 242000,
        "interestIncome": 52510000,
        "interestExpense": 4324000,
        "depreciationAndAmortization": 1765000,
        "ebitda": 24110000,
        "ebitdaratio": 0.3740942451,
        "operatingIncome": 22345000,
        "operatingIncomeRatio": 0.3467082499,
        "totalOtherIncomeExpensesNet": -46186000,
        "incomeBeforeTax": 18021000,
        "incomeBeforeTaxRatio": 0.2796164409,
        "incomeTaxExpense": 4925000,
        "netIncome": 13096000,
        "netIncomeRatio": 0.203199429,
        "eps": 0.3,
        "epsdiluted": 0.29,
        "weightedAverageShsOut": 43653000,
        "weightedAverageShsOutDil": 45159000,
        "link": "https://www.sec.gov/Archives/edgar/data/719739/000110465902005955/0001104659-02-005955-index.htm",
        "finalLink": "https://www.sec.gov/Archives/edgar/data/719739/000110465902005955/j5524_10q.htm"
    },
    {
        "date": "2002-06-30",
        "symbol": "SIVB",
        "reportedCurrency": "USD",
        "cik": "0000719739",
        "fillingDate": "2002-08-13",
        "acceptedDate": "2002-08-13 16:18:01",
        "calendarYear": "2002",
        "period": "Q2",
        "revenue": 53711000,
        "costOfRevenue": 0,
        "grossProfit": 67927000,
        "grossProfitRatio": 1.2646757647,
        "researchAndDevelopmentExpenses": 0,
        "generalAndAdministrativeExpenses": 28821000,
        "sellingAndMarketingExpenses": 65000,
        "sellingGeneralAndAdministrativeExpenses": 28886000,
        "otherExpenses": 0,
        "operatingExpenses": 65000,
        "costAndExpenses": 65000,
        "interestIncome": 53711000,
        "interestExpense": 4638000,
        "depreciationAndAmortization": 1746000,
        "ebitda": 29897000,
        "ebitdaratio": 0.5566271341,
        "operatingIncome": 28151000,
        "operatingIncomeRatio": 0.5241198265,
        "totalOtherIncomeExpensesNet": -44349000,
        "incomeBeforeTax": 23513000,
        "incomeBeforeTaxRatio": 0.4377687997,
        "incomeTaxExpense": 8528000,
        "netIncome": 14985000,
        "netIncomeRatio": 0.2789931299,
        "eps": 0.33,
        "epsdiluted": 0.32,
        "weightedAverageShsOut": 45409000,
        "weightedAverageShsOutDil": 46828000,
        "link": "https://www.sec.gov/Archives/edgar/data/719739/000110465902003752/0001104659-02-003752-index.htm",
        "finalLink": "https://www.sec.gov/Archives/edgar/data/719739/000110465902003752/j4385_10q.htm"
    },
    {
        "date": "2002-03-31",
        "symbol": "SIVB",
        "reportedCurrency": "USD",
        "cik": "0000719739",
        "fillingDate": "2002-05-13",
        "acceptedDate": "2002-05-13 17:25:06",
        "calendarYear": "2002",
        "period": "Q1",
        "revenue": 54385000,
        "costOfRevenue": 0,
        "grossProfit": 65903000,
        "grossProfitRatio": 1.2117863381,
        "researchAndDevelopmentExpenses": 0,
        "generalAndAdministrativeExpenses": 24928000,
        "sellingAndMarketingExpenses": 575000,
        "sellingGeneralAndAdministrativeExpenses": 25503000,
        "otherExpenses": 0,
        "operatingExpenses": 575000,
        "costAndExpenses": 575000,
        "interestIncome": 54385000,
        "interestExpense": 5383000,
        "depreciationAndAmortization": 1766000,
        "ebitda": 28148000,
        "ebitdaratio": 0.5175691827,
        "operatingIncome": 26382000,
        "operatingIncomeRatio": 0.4850969937,
        "totalOtherIncomeExpensesNet": -44329000,
        "incomeBeforeTax": 20999000,
        "incomeBeforeTaxRatio": 0.3861174956,
        "incomeTaxExpense": 7639000,
        "netIncome": 13360000,
        "netIncomeRatio": 0.2456559713,
        "eps": 0.3,
        "epsdiluted": 0.29,
        "weightedAverageShsOut": 44533000,
        "weightedAverageShsOutDil": 46069000,
        "link": "https://www.sec.gov/Archives/edgar/data/719739/000110465902002126/0001104659-02-002126-index.htm",
        "finalLink": "https://www.sec.gov/Archives/edgar/data/719739/000110465902002126/j3644_10q.htm"
    },
    {
        "date": "2001-12-31",
        "symbol": "SIVB",
        "reportedCurrency": "USD",
        "cik": "0000719739",
        "fillingDate": "2002-03-19",
        "acceptedDate": "2002-03-19 00:00:00",
        "calendarYear": "2001",
        "period": "Q4",
        "revenue": 63190000,
        "costOfRevenue": 0,
        "grossProfit": 63190000,
        "grossProfitRatio": 1,
        "researchAndDevelopmentExpenses": 0,
        "generalAndAdministrativeExpenses": 24614000,
        "sellingAndMarketingExpenses": 743000,
        "sellingGeneralAndAdministrativeExpenses": 25357000,
        "otherExpenses": 0,
        "operatingExpenses": 65176000,
        "costAndExpenses": 65176000,
        "interestIncome": 58098000,
        "interestExpense": 6661000,
        "depreciationAndAmortization": 85000,
        "ebitda": 24801000,
        "ebitdaratio": 0.3924829878,
        "operatingIncome": 24716000,
        "operatingIncomeRatio": 0.3911378383,
        "totalOtherIncomeExpensesNet": -6661000,
        "incomeBeforeTax": 18055000,
        "incomeBeforeTaxRatio": 0.2857255895,
        "incomeTaxExpense": 5971000,
        "netIncome": 12084000,
        "netIncomeRatio": 0.19123279,
        "eps": 0.27,
        "epsdiluted": 0.27,
        "weightedAverageShsOut": 44533000,
        "weightedAverageShsOutDil": 44533000,
        "link": "https://www.sec.gov/Archives/edgar/data/719739/000091205702010546/0000912057-02-010546-index.htm",
        "finalLink": "https://www.sec.gov/Archives/edgar/data/719739/000091205702010546/a2070595z10-k.htm"
    },
    {
        "date": "2001-09-30",
        "symbol": "SIVB",
        "reportedCurrency": "USD",
        "cik": "0000719739",
        "fillingDate": "2001-11-14",
        "acceptedDate": "2001-11-14 00:00:00",
        "calendarYear": "2001",
        "period": "Q3",
        "revenue": 76879000,
        "costOfRevenue": 0,
        "grossProfit": 76879000,
        "grossProfitRatio": 1,
        "researchAndDevelopmentExpenses": 0,
        "generalAndAdministrativeExpenses": 21053000,
        "sellingAndMarketingExpenses": 546000,
        "sellingGeneralAndAdministrativeExpenses": 21599000,
        "otherExpenses": 0,
        "operatingExpenses": 546000,
        "costAndExpenses": 546000,
        "interestIncome": 68445000,
        "interestExpense": 8552000,
        "depreciationAndAmortization": 2782000,
        "ebitda": 41125000,
        "ebitdaratio": 0.5349315158,
        "operatingIncome": 38343000,
        "operatingIncomeRatio": 0.4987447808,
        "totalOtherIncomeExpensesNet": -46542000,
        "incomeBeforeTax": 29791000,
        "incomeBeforeTaxRatio": 0.3875050404,
        "incomeTaxExpense": 11189000,
        "netIncome": 18602000,
        "netIncomeRatio": 0.2419646457,
        "eps": 0.39,
        "epsdiluted": 0.38,
        "weightedAverageShsOut": 47697000,
        "weightedAverageShsOutDil": 48953000,
        "link": "https://www.sec.gov/Archives/edgar/data/719739/000110465901503220/0001104659-01-503220-index.htm",
        "finalLink": "https://www.sec.gov/Archives/edgar/data/719739/000110465901503220/j2316_10q.htm"
    },
    {
        "date": "2001-06-30",
        "symbol": "SIVB",
        "reportedCurrency": "USD",
        "cik": "0000719739",
        "fillingDate": "2001-08-14",
        "acceptedDate": "2001-08-14 00:00:00",
        "calendarYear": "2001",
        "period": "Q2",
        "revenue": 88138000,
        "costOfRevenue": 0,
        "grossProfit": 88138000,
        "grossProfitRatio": 1,
        "researchAndDevelopmentExpenses": 0,
        "generalAndAdministrativeExpenses": 22034000,
        "sellingAndMarketingExpenses": 809000,
        "sellingGeneralAndAdministrativeExpenses": 22843000,
        "otherExpenses": 0,
        "operatingExpenses": 809000,
        "costAndExpenses": 809000,
        "interestIncome": 79323000,
        "interestExpense": 9404000,
        "depreciationAndAmortization": 1502000,
        "ebitda": 49154000,
        "ebitdaratio": 0.5576936168,
        "operatingIncome": 47652000,
        "operatingIncomeRatio": 0.5406521591,
        "totalOtherIncomeExpensesNet": -49081000,
        "incomeBeforeTax": 38248000,
        "incomeBeforeTaxRatio": 0.433955842,
        "incomeTaxExpense": 14116000,
        "netIncome": 24132000,
        "netIncomeRatio": 0.2737979078,
        "eps": 0.5,
        "epsdiluted": 0.48,
        "weightedAverageShsOut": 48264000,
        "weightedAverageShsOutDil": 50275000,
        "link": "https://www.sec.gov/Archives/edgar/data/719739/000110465901501929/0001104659-01-501929-index.htm",
        "finalLink": "https://www.sec.gov/Archives/edgar/data/719739/000110465901501929/j1297_10q.htm"
    },
    {
        "date": "2001-03-31",
        "symbol": "SIVB",
        "reportedCurrency": "USD",
        "cik": "0000719739",
        "fillingDate": "2001-05-15",
        "acceptedDate": "2001-05-15 00:00:00",
        "calendarYear": "2001",
        "period": "Q1",
        "revenue": 94460000,
        "costOfRevenue": 0,
        "grossProfit": 105611000,
        "grossProfitRatio": 1.1180499682,
        "researchAndDevelopmentExpenses": 0,
        "generalAndAdministrativeExpenses": 22832000,
        "sellingAndMarketingExpenses": 1028000,
        "sellingGeneralAndAdministrativeExpenses": 23860000,
        "otherExpenses": 0,
        "operatingExpenses": 1028000,
        "costAndExpenses": 1028000,
        "interestIncome": 94460000,
        "interestExpense": 12724000,
        "depreciationAndAmortization": 1348000,
        "ebitda": 69130000,
        "ebitdaratio": 0.7318441668,
        "operatingIncome": 67782000,
        "operatingIncomeRatio": 0.7175735761,
        "totalOtherIncomeExpensesNet": -49525000,
        "incomeBeforeTax": 55058000,
        "incomeBeforeTaxRatio": 0.5828710565,
        "incomeTaxExpense": 21722000,
        "netIncome": 33336000,
        "netIncomeRatio": 0.3529112852,
        "eps": 0.68,
        "epsdiluted": 0.65,
        "weightedAverageShsOut": 49024000,
        "weightedAverageShsOutDil": 51286000,
        "link": "https://www.sec.gov/Archives/edgar/data/719739/000110465901500837/0001104659-01-500837-index.htm",
        "finalLink": "https://www.sec.gov/Archives/edgar/data/719739/000110465901500837/j0461_10q.htm"
    },
    {
        "date": "2000-12-31",
        "symbol": "SIVB",
        "reportedCurrency": "USD",
        "cik": "0000719739",
        "fillingDate": "2001-03-16",
        "acceptedDate": "2001-03-16 00:00:00",
        "calendarYear": "2000",
        "period": "Q4",
        "revenue": 119527000,
        "costOfRevenue": 0,
        "grossProfit": 119527000,
        "grossProfitRatio": 1,
        "researchAndDevelopmentExpenses": 0,
        "generalAndAdministrativeExpenses": 27954000,
        "sellingAndMarketingExpenses": 990000,
        "sellingGeneralAndAdministrativeExpenses": 28944000,
        "otherExpenses": -73377000,
        "operatingExpenses": -44433000,
        "costAndExpenses": -44433000,
        "interestIncome": 104110000,
        "interestExpense": 15426000,
        "depreciationAndAmortization": 1219000,
        "ebitda": 76313000,
        "ebitdaratio": 0.6384582563,
        "operatingIncome": 75094000,
        "operatingIncomeRatio": 0.6282597237,
        "totalOtherIncomeExpensesNet": -15426000,
        "incomeBeforeTax": 59668000,
        "incomeBeforeTaxRatio": 0.4992010173,
        "incomeTaxExpense": 23929000,
        "netIncome": 35739000,
        "netIncomeRatio": 0.2990035724,
        "eps": 0.73,
        "epsdiluted": 0.73,
        "weightedAverageShsOut": 49024000,
        "weightedAverageShsOutDil": 49024000,
        "link": "https://www.sec.gov/Archives/edgar/data/719739/000091205701504039/0000912057-01-504039-index.htm",
        "finalLink": "https://www.sec.gov/Archives/edgar/data/719739/000091205701504039/a2039159z10-k.txt"
    },
    {
        "date": "2000-09-30",
        "symbol": "SIVB",
        "reportedCurrency": "USD",
        "cik": "0000719739",
        "fillingDate": "2000-11-14",
        "acceptedDate": "2000-11-14 00:00:00",
        "calendarYear": "2000",
        "period": "Q3",
        "revenue": 130824000,
        "costOfRevenue": 0,
        "grossProfit": 130824000,
        "grossProfitRatio": 1,
        "researchAndDevelopmentExpenses": 0,
        "generalAndAdministrativeExpenses": 31214000,
        "sellingAndMarketingExpenses": 1152000,
        "sellingGeneralAndAdministrativeExpenses": 32366000,
        "otherExpenses": -89918000,
        "operatingExpenses": -57552000,
        "costAndExpenses": -57552000,
        "interestIncome": 102708000,
        "interestExpense": 14942000,
        "depreciationAndAmortization": 959000,
        "ebitda": 74231000,
        "ebitdaratio": 0.5674111784,
        "operatingIncome": 73272000,
        "operatingIncomeRatio": 0.5600807191,
        "totalOtherIncomeExpensesNet": -14942000,
        "incomeBeforeTax": 58330000,
        "incomeBeforeTaxRatio": 0.4458662019,
        "incomeTaxExpense": 23391000,
        "netIncome": 34939000,
        "netIncomeRatio": 0.2670687336,
        "eps": 0.74,
        "epsdiluted": 0.69,
        "weightedAverageShsOut": 47215000,
        "weightedAverageShsOutDil": 50636000,
        "link": "https://www.sec.gov/Archives/edgar/data/719739/000091205700049904/0000912057-00-049904-index.htm",
        "finalLink": "https://www.sec.gov/Archives/edgar/data/719739/000091205700049904/a2030580z10-q.txt"
    },
    {
        "date": "2000-06-30",
        "symbol": "SIVB",
        "reportedCurrency": "USD",
        "cik": "0000719739",
        "fillingDate": "2000-08-14",
        "acceptedDate": "2000-08-14 00:00:00",
        "calendarYear": "2000",
        "period": "Q2",
        "revenue": 116493000,
        "costOfRevenue": 0,
        "grossProfit": 116493000,
        "grossProfitRatio": 1,
        "researchAndDevelopmentExpenses": 0,
        "generalAndAdministrativeExpenses": 30308000,
        "sellingAndMarketingExpenses": 803000,
        "sellingGeneralAndAdministrativeExpenses": 31111000,
        "otherExpenses": -78001000,
        "operatingExpenses": -46890000,
        "costAndExpenses": -46890000,
        "interestIncome": 95066000,
        "interestExpense": 13168000,
        "depreciationAndAmortization": 915000,
        "ebitda": 70518000,
        "ebitdaratio": 0.6053410935,
        "operatingIncome": 69603000,
        "operatingIncomeRatio": 0.5974865443,
        "totalOtherIncomeExpensesNet": -13168000,
        "incomeBeforeTax": 56435000,
        "incomeBeforeTaxRatio": 0.4844497094,
        "incomeTaxExpense": 22700000,
        "netIncome": 33735000,
        "netIncomeRatio": 0.2895882156,
        "eps": 0.74,
        "epsdiluted": 0.7,
        "weightedAverageShsOut": 45588000,
        "weightedAverageShsOutDil": 48193000,
        "link": "https://www.sec.gov/Archives/edgar/data/719739/000091205700037307/0000912057-00-037307-index.htm",
        "finalLink": "https://www.sec.gov/Archives/edgar/data/719739/000091205700037307/a10-q.txt"
    },
    {
        "date": "2000-03-31",
        "symbol": "SIVB",
        "reportedCurrency": "USD",
        "cik": "0000719739",
        "fillingDate": "2000-05-12",
        "acceptedDate": "2000-05-12 00:00:00",
        "calendarYear": "2000",
        "period": "Q1",
        "revenue": 152634000,
        "costOfRevenue": 0,
        "grossProfit": 152634000,
        "grossProfitRatio": 1,
        "researchAndDevelopmentExpenses": 0,
        "generalAndAdministrativeExpenses": 34221000,
        "sellingAndMarketingExpenses": 499000,
        "sellingGeneralAndAdministrativeExpenses": 34720000,
        "otherExpenses": -81435000,
        "operatingExpenses": -46715000,
        "costAndExpenses": -46715000,
        "interestIncome": 84876000,
        "interestExpense": 13376000,
        "depreciationAndAmortization": 923000,
        "ebitda": 106842000,
        "ebitdaratio": 0.6999882071,
        "operatingIncome": 105919000,
        "operatingIncomeRatio": 0.6939410616,
        "totalOtherIncomeExpensesNet": -13376000,
        "incomeBeforeTax": 92543000,
        "incomeBeforeTaxRatio": 0.6063065896,
        "incomeTaxExpense": 37888000,
        "netIncome": 54655000,
        "netIncomeRatio": 0.3580788029,
        "eps": 1.21,
        "epsdiluted": 1.15,
        "weightedAverageShsOut": 45169000,
        "weightedAverageShsOutDil": 47526000,
        "link": "https://www.sec.gov/Archives/edgar/data/719739/000091205700023874/0000912057-00-023874-index.html",
        "finalLink": "https://www.sec.gov/Archives/edgar/data/719739/000091205700023874/0000912057-00-023874.txt"
    },
    {
        "date": "1999-12-31",
        "symbol": "SIVB",
        "reportedCurrency": "USD",
        "cik": "0000719739",
        "fillingDate": "2000-03-17",
        "acceptedDate": "2000-03-17 00:00:00",
        "calendarYear": "1999",
        "period": "Q4",
        "revenue": 96600000,
        "costOfRevenue": 0,
        "grossProfit": 96600000,
        "grossProfitRatio": 1,
        "researchAndDevelopmentExpenses": 0,
        "generalAndAdministrativeExpenses": 26800000,
        "sellingAndMarketingExpenses": 500000,
        "sellingGeneralAndAdministrativeExpenses": 27300000,
        "otherExpenses": -69400000,
        "operatingExpenses": -42100000,
        "costAndExpenses": -42100000,
        "interestIncome": 75400000,
        "interestExpense": 12600000,
        "depreciationAndAmortization": 900000,
        "ebitda": 55400000,
        "ebitdaratio": 0.5734989648,
        "operatingIncome": 54500000,
        "operatingIncomeRatio": 0.5641821946,
        "totalOtherIncomeExpensesNet": -12600000,
        "incomeBeforeTax": 41900000,
        "incomeBeforeTaxRatio": 0.433747412,
        "incomeTaxExpense": 17000000,
        "netIncome": 24900000,
        "netIncomeRatio": 0.2577639752,
        "eps": 0.55,
        "epsdiluted": 0.55,
        "weightedAverageShsOut": 45169000,
        "weightedAverageShsOutDil": 45169000,
        "link": "https://www.sec.gov/Archives/edgar/data/719739/000091205700012198/0000912057-00-012198-index.html",
        "finalLink": "https://www.sec.gov/Archives/edgar/data/719739/000091205700012198/0000912057-00-012198.txt"
    },
    {
        "date": "1999-09-30",
        "symbol": "SIVB",
        "reportedCurrency": "USD",
        "cik": "0000719739",
        "fillingDate": "1999-11-15",
        "acceptedDate": "1999-11-15 00:00:00",
        "calendarYear": "1999",
        "period": "Q3",
        "revenue": 67800000,
        "costOfRevenue": 0,
        "grossProfit": 67800000,
        "grossProfitRatio": 1,
        "researchAndDevelopmentExpenses": 0,
        "generalAndAdministrativeExpenses": 18200000,
        "sellingAndMarketingExpenses": 500000,
        "sellingGeneralAndAdministrativeExpenses": 18700000,
        "otherExpenses": -49000000,
        "operatingExpenses": -30300000,
        "costAndExpenses": -30300000,
        "interestIncome": 75400000,
        "interestExpense": 21000000,
        "depreciationAndAmortization": 800000,
        "ebitda": 38300000,
        "ebitdaratio": 0.5648967552,
        "operatingIncome": 37500000,
        "operatingIncomeRatio": 0.5530973451,
        "totalOtherIncomeExpensesNet": -21000000,
        "incomeBeforeTax": 16500000,
        "incomeBeforeTaxRatio": 0.2433628319,
        "incomeTaxExpense": 6000000,
        "netIncome": 10500000,
        "netIncomeRatio": 0.1548672566,
        "eps": 0.26,
        "epsdiluted": 0.25,
        "weightedAverageShsOut": 40385000,
        "weightedAverageShsOutDil": 42000000,
        "link": "https://www.sec.gov/Archives/edgar/data/719739/000091205799006015/0000912057-99-006015-index.html",
        "finalLink": "https://www.sec.gov/Archives/edgar/data/719739/000091205799006015/0000912057-99-006015.txt"
    },
    {
        "date": "1999-06-30",
        "symbol": "SIVB",
        "reportedCurrency": "USD",
        "cik": "0000719739",
        "fillingDate": "1999-08-11",
        "acceptedDate": "1999-08-11 00:00:00",
        "calendarYear": "1999",
        "period": "Q2",
        "revenue": 53300000,
        "costOfRevenue": 0,
        "grossProfit": 53300000,
        "grossProfitRatio": 1,
        "researchAndDevelopmentExpenses": 0,
        "generalAndAdministrativeExpenses": 15700000,
        "sellingAndMarketingExpenses": 700000,
        "sellingGeneralAndAdministrativeExpenses": 16400000,
        "otherExpenses": -33000000,
        "operatingExpenses": -16600000,
        "costAndExpenses": -16600000,
        "interestIncome": 68800000,
        "interestExpense": 22000000,
        "depreciationAndAmortization": 800000,
        "ebitda": 37500000,
        "ebitdaratio": 0.703564728,
        "operatingIncome": 36700000,
        "operatingIncomeRatio": 0.6885553471,
        "totalOtherIncomeExpensesNet": -22000000,
        "incomeBeforeTax": 14700000,
        "incomeBeforeTaxRatio": 0.2757973734,
        "incomeTaxExpense": 5700000,
        "netIncome": 9000000,
        "netIncomeRatio": 0.1688555347,
        "eps": 0.22,
        "epsdiluted": 0.22,
        "weightedAverageShsOut": 40909000,
        "weightedAverageShsOutDil": 40909000,
        "link": "https://www.sec.gov/Archives/edgar/data/719739/000104746999030980/0001047469-99-030980-index.html",
        "finalLink": "https://www.sec.gov/Archives/edgar/data/719739/000104746999030980/0001047469-99-030980.txt"
    },
    {
        "date": "1999-03-31",
        "symbol": "SIVB",
        "reportedCurrency": "USD",
        "cik": "0000719739",
        "fillingDate": "1999-05-14",
        "acceptedDate": "1999-05-14 00:00:00",
        "calendarYear": "1999",
        "period": "Q1",
        "revenue": 46700000,
        "costOfRevenue": 0,
        "grossProfit": 46700000,
        "grossProfitRatio": 1,
        "researchAndDevelopmentExpenses": 0,
        "generalAndAdministrativeExpenses": 15200000,
        "sellingAndMarketingExpenses": 600000,
        "sellingGeneralAndAdministrativeExpenses": 15800000,
        "otherExpenses": -28400000,
        "operatingExpenses": -12600000,
        "costAndExpenses": -12600000,
        "interestIncome": 62400000,
        "interestExpense": 21000000,
        "depreciationAndAmortization": 800000,
        "ebitda": 34900000,
        "ebitdaratio": 0.7473233405,
        "operatingIncome": 34100000,
        "operatingIncomeRatio": 0.7301927195,
        "totalOtherIncomeExpensesNet": -21000000,
        "incomeBeforeTax": 13100000,
        "incomeBeforeTaxRatio": 0.2805139186,
        "incomeTaxExpense": 5300000,
        "netIncome": 7800000,
        "netIncomeRatio": 0.1670235546,
        "eps": 0.19,
        "epsdiluted": 0.19,
        "weightedAverageShsOut": 41053000,
        "weightedAverageShsOutDil": 41053000,
        "link": "https://www.sec.gov/Archives/edgar/data/719739/000104746999020447/0001047469-99-020447-index.html",
        "finalLink": "https://www.sec.gov/Archives/edgar/data/719739/0001047469-99-020447.txt"
    },
    {
        "date": "1998-12-31",
        "symbol": "SIVB",
        "reportedCurrency": "USD",
        "cik": "0000719739",
        "fillingDate": "1999-03-19",
        "acceptedDate": "1999-03-19 00:00:00",
        "calendarYear": "1998",
        "period": "Q4",
        "revenue": 46500000,
        "costOfRevenue": 0,
        "grossProfit": 46500000,
        "grossProfitRatio": 1,
        "researchAndDevelopmentExpenses": 0,
        "generalAndAdministrativeExpenses": 9300000,
        "sellingAndMarketingExpenses": 600000,
        "sellingGeneralAndAdministrativeExpenses": 9900000,
        "otherExpenses": -29000000,
        "operatingExpenses": -19100000,
        "costAndExpenses": -19100000,
        "interestIncome": 60700000,
        "interestExpense": 19900000,
        "depreciationAndAmortization": 600000,
        "ebitda": 28000000,
        "ebitdaratio": 0.6021505376,
        "operatingIncome": 27400000,
        "operatingIncomeRatio": 0.5892473118,
        "totalOtherIncomeExpensesNet": -19900000,
        "incomeBeforeTax": 7500000,
        "incomeBeforeTaxRatio": 0.1612903226,
        "incomeTaxExpense": 2900000,
        "netIncome": 4600000,
        "netIncomeRatio": 0.0989247312,
        "eps": 0.11,
        "epsdiluted": 0.11,
        "weightedAverageShsOut": 41053000,
        "weightedAverageShsOutDil": 41053000,
        "link": "https://www.sec.gov/Archives/edgar/data/719739/000104746999010533/0001047469-99-010533-index.html",
        "finalLink": "https://www.sec.gov/Archives/edgar/data/719739/0001047469-99-010533.txt"
    },
    {
        "date": "1998-09-30",
        "symbol": "SIVB",
        "reportedCurrency": "USD",
        "cik": "0000719739",
        "fillingDate": "1998-11-13",
        "acceptedDate": "1998-11-13 00:00:00",
        "calendarYear": "1998",
        "period": "Q3",
        "revenue": 46200000,
        "costOfRevenue": 0,
        "grossProfit": 46200000,
        "grossProfitRatio": 1,
        "researchAndDevelopmentExpenses": 0,
        "generalAndAdministrativeExpenses": 10800000,
        "sellingAndMarketingExpenses": 600000,
        "sellingGeneralAndAdministrativeExpenses": 11400000,
        "otherExpenses": -21300000,
        "operatingExpenses": -9900000,
        "costAndExpenses": -9900000,
        "interestIncome": 60200000,
        "interestExpense": 21700000,
        "depreciationAndAmortization": 500000,
        "ebitda": 36800000,
        "ebitdaratio": 0.7965367965,
        "operatingIncome": 36300000,
        "operatingIncomeRatio": 0.7857142857,
        "totalOtherIncomeExpensesNet": -21700000,
        "incomeBeforeTax": 14600000,
        "incomeBeforeTaxRatio": 0.316017316,
        "incomeTaxExpense": 6000000,
        "netIncome": 8600000,
        "netIncomeRatio": 0.1861471861,
        "eps": 0.21,
        "epsdiluted": 0.21,
        "weightedAverageShsOut": 40952000,
        "weightedAverageShsOutDil": 40952000,
        "link": "https://www.sec.gov/Archives/edgar/data/719739/000104746998040795/0001047469-98-040795-index.html",
        "finalLink": "https://www.sec.gov/Archives/edgar/data/719739/0001047469-98-040795.txt"
    },
    {
        "date": "1998-06-30",
        "symbol": "SIVB",
        "reportedCurrency": "USD",
        "cik": "0000719739",
        "fillingDate": "1998-08-13",
        "acceptedDate": "1998-08-13 00:00:00",
        "calendarYear": "1998",
        "period": "Q2",
        "revenue": 39800000,
        "costOfRevenue": 0,
        "grossProfit": 39800000,
        "grossProfitRatio": 1,
        "researchAndDevelopmentExpenses": 0,
        "generalAndAdministrativeExpenses": 12500000,
        "sellingAndMarketingExpenses": 500000,
        "sellingGeneralAndAdministrativeExpenses": 13000000,
        "otherExpenses": -19500000,
        "operatingExpenses": -6500000,
        "costAndExpenses": -6500000,
        "interestIncome": 54700000,
        "interestExpense": 19300000,
        "depreciationAndAmortization": 400000,
        "ebitda": 33700000,
        "ebitdaratio": 0.8467336683,
        "operatingIncome": 33300000,
        "operatingIncomeRatio": 0.8366834171,
        "totalOtherIncomeExpensesNet": -19300000,
        "incomeBeforeTax": 14000000,
        "incomeBeforeTaxRatio": 0.351758794,
        "incomeTaxExpense": 5800000,
        "netIncome": 8200000,
        "netIncomeRatio": 0.2060301508,
        "eps": 0.2,
        "epsdiluted": 0.2,
        "weightedAverageShsOut": 41000000,
        "weightedAverageShsOutDil": 41000000,
        "link": "https://www.sec.gov/Archives/edgar/data/719739/000104746998031098/0001047469-98-031098-index.html",
        "finalLink": "https://www.sec.gov/Archives/edgar/data/719739/0001047469-98-031098.txt"
    },
    {
        "date": "1998-03-31",
        "symbol": "SIVB",
        "reportedCurrency": "USD",
        "cik": "0000719739",
        "fillingDate": "1998-04-30",
        "acceptedDate": "1998-04-30 00:00:00",
        "calendarYear": "1998",
        "period": "Q1",
        "revenue": 37300000,
        "costOfRevenue": 0,
        "grossProfit": 37300000,
        "grossProfitRatio": 1,
        "researchAndDevelopmentExpenses": 0,
        "generalAndAdministrativeExpenses": 11600000,
        "sellingAndMarketingExpenses": 400000,
        "sellingGeneralAndAdministrativeExpenses": 12000000,
        "otherExpenses": -18700000,
        "operatingExpenses": -6700000,
        "costAndExpenses": -6700000,
        "interestIncome": 49500000,
        "interestExpense": 17600000,
        "depreciationAndAmortization": 300000,
        "ebitda": 30900000,
        "ebitdaratio": 0.8284182306,
        "operatingIncome": 30600000,
        "operatingIncomeRatio": 0.8203753351,
        "totalOtherIncomeExpensesNet": -17600000,
        "incomeBeforeTax": 13000000,
        "incomeBeforeTaxRatio": 0.3485254692,
        "incomeTaxExpense": 5400000,
        "netIncome": 7600000,
        "netIncomeRatio": 0.2037533512,
        "eps": 0.19,
        "epsdiluted": 0.18,
        "weightedAverageShsOut": 40000000,
        "weightedAverageShsOutDil": 42222000,
        "link": "https://www.sec.gov/Archives/edgar/data/719739/000104746998018394/0001047469-98-018394-index.html",
        "finalLink": "https://www.sec.gov/Archives/edgar/data/719739/0001047469-98-018394.txt"
    },
    {
        "date": "1997-12-31",
        "symbol": "SIVB",
        "reportedCurrency": "USD",
        "cik": "0000719739",
        "fillingDate": "1998-03-13",
        "acceptedDate": "1998-03-13 00:00:00",
        "calendarYear": "1997",
        "period": "Q4",
        "revenue": 33500000,
        "costOfRevenue": 0,
        "grossProfit": 33500000,
        "grossProfitRatio": 1,
        "researchAndDevelopmentExpenses": 0,
        "generalAndAdministrativeExpenses": 11000000,
        "sellingAndMarketingExpenses": 300000,
        "sellingGeneralAndAdministrativeExpenses": 11300000,
        "otherExpenses": -15600000,
        "operatingExpenses": -4300000,
        "costAndExpenses": -4300000,
        "interestIncome": 47200000,
        "interestExpense": 16400000,
        "depreciationAndAmortization": 300000,
        "ebitda": 29500000,
        "ebitdaratio": 0.8805970149,
        "operatingIncome": 29200000,
        "operatingIncomeRatio": 0.871641791,
        "totalOtherIncomeExpensesNet": -16400000,
        "incomeBeforeTax": 12800000,
        "incomeBeforeTaxRatio": 0.3820895522,
        "incomeTaxExpense": 5300000,
        "netIncome": 7500000,
        "netIncomeRatio": 0.223880597,
        "eps": 0.19,
        "epsdiluted": 0.19,
        "weightedAverageShsOut": 40000000,
        "weightedAverageShsOutDil": 40000000,
        "link": "https://www.sec.gov/Archives/edgar/data/719739/000104746998009785/0001047469-98-009785-index.html",
        "finalLink": "https://www.sec.gov/Archives/edgar/data/719739/0001047469-98-009785.txt"
    },
    {
        "date": "1997-09-30",
        "symbol": "SIVB",
        "reportedCurrency": "USD",
        "cik": "0000719739",
        "fillingDate": "1997-11-13",
        "acceptedDate": "1997-11-12 18:00:00",
        "calendarYear": "1997",
        "period": "Q3",
        "revenue": 31900000,
        "costOfRevenue": 0,
        "grossProfit": 31900000,
        "grossProfitRatio": 1,
        "researchAndDevelopmentExpenses": 0,
        "generalAndAdministrativeExpenses": 10600000,
        "sellingAndMarketingExpenses": 400000,
        "sellingGeneralAndAdministrativeExpenses": 11000000,
        "otherExpenses": -15200000,
        "operatingExpenses": -4200000,
        "costAndExpenses": -4200000,
        "interestIncome": 44200000,
        "interestExpense": 15100000,
        "depreciationAndAmortization": 300000,
        "ebitda": 28000000,
        "ebitdaratio": 0.8777429467,
        "operatingIncome": 27700000,
        "operatingIncomeRatio": 0.868338558,
        "totalOtherIncomeExpensesNet": -15100000,
        "incomeBeforeTax": 12600000,
        "incomeBeforeTaxRatio": 0.394984326,
        "incomeTaxExpense": 5300000,
        "netIncome": 7300000,
        "netIncomeRatio": 0.2288401254,
        "eps": 0.19,
        "epsdiluted": 0.18,
        "weightedAverageShsOut": 38421000,
        "weightedAverageShsOutDil": 40556000,
        "link": "https://www.sec.gov/Archives/edgar/data/719739/000104746997004280/0001047469-97-004280-index.htm",
        "finalLink": "https://www.sec.gov/Archives/edgar/data/719739/0001047469-97-004280.txt"
    },
    {
        "date": "1997-06-30",
        "symbol": "SIVB",
        "reportedCurrency": "USD",
        "cik": "0000719739",
        "fillingDate": "1997-08-13",
        "acceptedDate": "1997-08-13 00:00:00",
        "calendarYear": "1997",
        "period": "Q2",
        "revenue": 30000000,
        "costOfRevenue": 0,
        "grossProfit": 30000000,
        "grossProfitRatio": 1,
        "researchAndDevelopmentExpenses": 0,
        "generalAndAdministrativeExpenses": 9400000,
        "sellingAndMarketingExpenses": 500000,
        "sellingGeneralAndAdministrativeExpenses": 9900000,
        "otherExpenses": -15500000,
        "operatingExpenses": -5600000,
        "costAndExpenses": -5600000,
        "interestIncome": 39700000,
        "interestExpense": 12700000,
        "depreciationAndAmortization": 400000,
        "ebitda": 24800000,
        "ebitdaratio": 0.8266666667,
        "operatingIncome": 24400000,
        "operatingIncomeRatio": 0.8133333333,
        "totalOtherIncomeExpensesNet": -12700000,
        "incomeBeforeTax": 11700000,
        "incomeBeforeTaxRatio": 0.39,
        "incomeTaxExpense": 4900000,
        "netIncome": 6800000,
        "netIncomeRatio": 0.2266666667,
        "eps": 0.18,
        "epsdiluted": 0.17,
        "weightedAverageShsOut": 37778000,
        "weightedAverageShsOutDil": 40000000,
        "link": "https://www.sec.gov/Archives/edgar/data/719739/000091205797027505/0000912057-97-027505-index.html",
        "finalLink": "https://www.sec.gov/Archives/edgar/data/719739/0000912057-97-027505.txt"
    },
    {
        "date": "1997-03-31",
        "symbol": "SIVB",
        "reportedCurrency": "USD",
        "cik": "0000719739",
        "fillingDate": "1997-05-14",
        "acceptedDate": "1997-05-14 00:00:00",
        "calendarYear": "1997",
        "period": "Q1",
        "revenue": 28700000,
        "costOfRevenue": 0,
        "grossProfit": 28700000,
        "grossProfitRatio": 1,
        "researchAndDevelopmentExpenses": 0,
        "generalAndAdministrativeExpenses": 9100000,
        "sellingAndMarketingExpenses": 300000,
        "sellingGeneralAndAdministrativeExpenses": 9400000,
        "otherExpenses": -16400000,
        "operatingExpenses": -7000000,
        "costAndExpenses": -7000000,
        "interestIncome": 34900000,
        "interestExpense": 11000000,
        "depreciationAndAmortization": 300000,
        "ebitda": 22000000,
        "ebitdaratio": 0.7665505226,
        "operatingIncome": 21700000,
        "operatingIncomeRatio": 0.756097561,
        "totalOtherIncomeExpensesNet": -11000000,
        "incomeBeforeTax": 10700000,
        "incomeBeforeTaxRatio": 0.3728222997,
        "incomeTaxExpense": 4500000,
        "netIncome": 6200000,
        "netIncomeRatio": 0.2160278746,
        "eps": 0.17,
        "epsdiluted": 0.16,
        "weightedAverageShsOut": 36471000,
        "weightedAverageShsOutDil": 38750000,
        "link": "https://www.sec.gov/Archives/edgar/data/719739/000091205797017644/0000912057-97-017644-index.html",
        "finalLink": "https://www.sec.gov/Archives/edgar/data/719739/0000912057-97-017644.txt"
    },
    {
        "date": "1996-12-31",
        "symbol": "SIVB",
        "reportedCurrency": "USD",
        "cik": "0000719739",
        "fillingDate": "1997-03-20",
        "acceptedDate": "1997-03-20 00:00:00",
        "calendarYear": "1996",
        "period": "Q4",
        "revenue": 27400000,
        "costOfRevenue": 0,
        "grossProfit": 27400000,
        "grossProfitRatio": 1,
        "researchAndDevelopmentExpenses": 0,
        "generalAndAdministrativeExpenses": 8100000,
        "sellingAndMarketingExpenses": 0,
        "sellingGeneralAndAdministrativeExpenses": 8100000,
        "otherExpenses": -15300000,
        "operatingExpenses": -7200000,
        "costAndExpenses": -7200000,
        "interestIncome": 33600000,
        "interestExpense": 10400000,
        "depreciationAndAmortization": 300000,
        "ebitda": 20500000,
        "ebitdaratio": 0.7481751825,
        "operatingIncome": 20200000,
        "operatingIncomeRatio": 0.7372262774,
        "totalOtherIncomeExpensesNet": -10400000,
        "incomeBeforeTax": 9800000,
        "incomeBeforeTaxRatio": 0.3576642336,
        "incomeTaxExpense": 3900000,
        "netIncome": 5900000,
        "netIncomeRatio": 0.2153284672,
        "eps": 0.16,
        "epsdiluted": 0.16,
        "weightedAverageShsOut": 36471000,
        "weightedAverageShsOutDil": 36471000,
        "link": "https://www.sec.gov/Archives/edgar/data/719739/000091205797009519/0000912057-97-009519-index.html",
        "finalLink": "https://www.sec.gov/Archives/edgar/data/719739/0000912057-97-009519.txt"
    },
    {
        "date": "1996-09-30",
        "symbol": "SIVB",
        "reportedCurrency": "USD",
        "cik": "0000719739",
        "fillingDate": "1996-11-13",
        "acceptedDate": "1996-11-13 00:00:00",
        "calendarYear": "1996",
        "period": "Q3",
        "revenue": 24900000,
        "costOfRevenue": 0,
        "grossProfit": 24900000,
        "grossProfitRatio": 1,
        "researchAndDevelopmentExpenses": 0,
        "generalAndAdministrativeExpenses": 7900000,
        "sellingAndMarketingExpenses": 0,
        "sellingGeneralAndAdministrativeExpenses": 7900000,
        "otherExpenses": -13600000,
        "operatingExpenses": -5700000,
        "costAndExpenses": -5700000,
        "interestIncome": 33300000,
        "interestExpense": 10400000,
        "depreciationAndAmortization": 300000,
        "ebitda": 19500000,
        "ebitdaratio": 0.7831325301,
        "operatingIncome": 19200000,
        "operatingIncomeRatio": 0.7710843373,
        "totalOtherIncomeExpensesNet": -10400000,
        "incomeBeforeTax": 8800000,
        "incomeBeforeTaxRatio": 0.3534136546,
        "incomeTaxExpense": 3500000,
        "netIncome": 5300000,
        "netIncomeRatio": 0.2128514056,
        "eps": 0.15,
        "epsdiluted": 0.14,
        "weightedAverageShsOut": 35333000,
        "weightedAverageShsOutDil": 37857000,
        "link": "https://www.sec.gov/Archives/edgar/data/719739/000101287096000641/0001012870-96-000641-index.html",
        "finalLink": "https://www.sec.gov/Archives/edgar/data/719739/0001012870-96-000641.txt"
    },
    {
        "date": "1996-06-30",
        "symbol": "SIVB",
        "reportedCurrency": "USD",
        "cik": "0000719739",
        "fillingDate": "1996-08-13",
        "acceptedDate": "1996-08-13 00:00:00",
        "calendarYear": "1996",
        "period": "Q2",
        "revenue": 24500000,
        "costOfRevenue": 0,
        "grossProfit": 24500000,
        "grossProfitRatio": 1,
        "researchAndDevelopmentExpenses": 0,
        "generalAndAdministrativeExpenses": 7600000,
        "sellingAndMarketingExpenses": 300000,
        "sellingGeneralAndAdministrativeExpenses": 7900000,
        "otherExpenses": -13800000,
        "operatingExpenses": -5900000,
        "costAndExpenses": -5900000,
        "interestIncome": 30100000,
        "interestExpense": 9200000,
        "depreciationAndAmortization": 300000,
        "ebitda": 18900000,
        "ebitdaratio": 0.7714285714,
        "operatingIncome": 18600000,
        "operatingIncomeRatio": 0.7591836735,
        "totalOtherIncomeExpensesNet": -9200000,
        "incomeBeforeTax": 9400000,
        "incomeBeforeTaxRatio": 0.3836734694,
        "incomeTaxExpense": 3800000,
        "netIncome": 5600000,
        "netIncomeRatio": 0.2285714286,
        "eps": 0.16,
        "epsdiluted": 0.15,
        "weightedAverageShsOut": 35000000,
        "weightedAverageShsOutDil": 37333000,
        "link": "https://www.sec.gov/Archives/edgar/data/719739/000101287096000254/0001012870-96-000254-index.html",
        "finalLink": "https://www.sec.gov/Archives/edgar/data/719739/0001012870-96-000254.txt"
    },
    {
        "date": "1996-03-31",
        "symbol": "SIVB",
        "reportedCurrency": "USD",
        "cik": "0000719739",
        "fillingDate": "1996-05-15",
        "acceptedDate": "1996-05-15 00:00:00",
        "calendarYear": "1996",
        "period": "Q1",
        "revenue": 22200000,
        "costOfRevenue": 0,
        "grossProfit": 22200000,
        "grossProfitRatio": 1,
        "researchAndDevelopmentExpenses": 0,
        "generalAndAdministrativeExpenses": 7800000,
        "sellingAndMarketingExpenses": 0,
        "sellingGeneralAndAdministrativeExpenses": 7800000,
        "otherExpenses": -14300000,
        "operatingExpenses": -6500000,
        "costAndExpenses": -6500000,
        "interestIncome": 28200000,
        "interestExpense": 7900000,
        "depreciationAndAmortization": 300000,
        "ebitda": 16000000,
        "ebitdaratio": 0.7207207207,
        "operatingIncome": 15700000,
        "operatingIncomeRatio": 0.7072072072,
        "totalOtherIncomeExpensesNet": -7900000,
        "incomeBeforeTax": 7800000,
        "incomeBeforeTaxRatio": 0.3513513514,
        "incomeTaxExpense": 3100000,
        "netIncome": 4700000,
        "netIncomeRatio": 0.2117117117,
        "eps": 0.13,
        "epsdiluted": 0.13,
        "weightedAverageShsOut": 36154000,
        "weightedAverageShsOutDil": 36154000,
        "link": "https://www.sec.gov/Archives/edgar/data/719739/000089843096002049/0000898430-96-002049-index.html",
        "finalLink": "https://www.sec.gov/Archives/edgar/data/719739/0000898430-96-002049.txt"
    },
    {
        "date": "1995-12-31",
        "symbol": "SIVB",
        "reportedCurrency": "USD",
        "cik": "0000719739",
        "fillingDate": "1996-03-11",
        "acceptedDate": "1996-03-11 00:00:00",
        "calendarYear": "1995",
        "period": "Q4",
        "revenue": 23600000,
        "costOfRevenue": 0,
        "grossProfit": 23600000,
        "grossProfitRatio": 1,
        "researchAndDevelopmentExpenses": 0,
        "generalAndAdministrativeExpenses": 6800000,
        "sellingAndMarketingExpenses": 0,
        "sellingGeneralAndAdministrativeExpenses": 6800000,
        "otherExpenses": -12800000,
        "operatingExpenses": -6000000,
        "costAndExpenses": -6000000,
        "interestIncome": 27800000,
        "interestExpense": 8200000,
        "depreciationAndAmortization": 300000,
        "ebitda": 17900000,
        "ebitdaratio": 0.7584745763,
        "operatingIncome": 17600000,
        "operatingIncomeRatio": 0.7457627119,
        "totalOtherIncomeExpensesNet": -8200000,
        "incomeBeforeTax": 9400000,
        "incomeBeforeTaxRatio": 0.3983050847,
        "incomeTaxExpense": 3900000,
        "netIncome": 5500000,
        "netIncomeRatio": 0.2330508475,
        "eps": 0.15,
        "epsdiluted": 0.15,
        "weightedAverageShsOut": 36154000,
        "weightedAverageShsOutDil": 36154000,
        "link": "https://www.sec.gov/Archives/edgar/data/719739/000091205796004310/0000912057-96-004310-index.html",
        "finalLink": "https://www.sec.gov/Archives/edgar/data/719739/0000912057-96-004310.txt"
    },
    {
        "date": "1995-09-30",
        "symbol": "SIVB",
        "reportedCurrency": "USD",
        "cik": "0000719739",
        "fillingDate": "1995-11-14",
        "acceptedDate": "1995-11-14 00:00:00",
        "calendarYear": "1995",
        "period": "Q3",
        "revenue": 23000000,
        "costOfRevenue": 0,
        "grossProfit": 23000000,
        "grossProfitRatio": 1,
        "researchAndDevelopmentExpenses": 0,
        "generalAndAdministrativeExpenses": 6500000,
        "sellingAndMarketingExpenses": 0,
        "sellingGeneralAndAdministrativeExpenses": 6500000,
        "otherExpenses": -14400000,
        "operatingExpenses": -7900000,
        "costAndExpenses": -7900000,
        "interestIncome": 25200000,
        "interestExpense": 7300000,
        "depreciationAndAmortization": 400000,
        "ebitda": 15500000,
        "ebitdaratio": 0.6739130435,
        "operatingIncome": 15100000,
        "operatingIncomeRatio": 0.6565217391,
        "totalOtherIncomeExpensesNet": -7300000,
        "incomeBeforeTax": 7800000,
        "incomeBeforeTaxRatio": 0.3391304348,
        "incomeTaxExpense": 2300000,
        "netIncome": 5500000,
        "netIncomeRatio": 0.2391304348,
        "eps": 0.15,
        "epsdiluted": 0.15,
        "weightedAverageShsOut": 36667000,
        "weightedAverageShsOutDil": 36667000,
        "link": "https://www.sec.gov/Archives/edgar/data/719739/000091205795009851/0000912057-95-009851-index.html",
        "finalLink": "https://www.sec.gov/Archives/edgar/data/719739/0000912057-95-009851.txt"
    },
    {
        "date": "1995-06-30",
        "symbol": "SIVB",
        "reportedCurrency": "USD",
        "cik": "0000719739",
        "fillingDate": "1995-08-14",
        "acceptedDate": "1995-08-14 00:00:00",
        "calendarYear": "1995",
        "period": "Q2",
        "revenue": 20900000,
        "costOfRevenue": 0,
        "grossProfit": 20900000,
        "grossProfitRatio": 1,
        "researchAndDevelopmentExpenses": 0,
        "generalAndAdministrativeExpenses": 6800000,
        "sellingAndMarketingExpenses": 0,
        "sellingGeneralAndAdministrativeExpenses": 6800000,
        "otherExpenses": -14800000,
        "operatingExpenses": -8000000,
        "costAndExpenses": -8000000,
        "interestIncome": 24300000,
        "interestExpense": 5900000,
        "depreciationAndAmortization": 700000,
        "ebitda": 13600000,
        "ebitdaratio": 0.6507177033,
        "operatingIncome": 12900000,
        "operatingIncomeRatio": 0.6172248804,
        "totalOtherIncomeExpensesNet": -5900000,
        "incomeBeforeTax": 7000000,
        "incomeBeforeTaxRatio": 0.3349282297,
        "incomeTaxExpense": 3000000,
        "netIncome": 4000000,
        "netIncomeRatio": 0.1913875598,
        "eps": 0.11,
        "epsdiluted": 0.11,
        "weightedAverageShsOut": 36364000,
        "weightedAverageShsOutDil": 36364000,
        "link": "https://www.sec.gov/Archives/edgar/data/719739/000091205795006444/0000912057-95-006444-index.html",
        "finalLink": "https://www.sec.gov/Archives/edgar/data/719739/0000912057-95-006444.txt"
    },
    {
        "date": "1995-03-31",
        "symbol": "SIVB",
        "reportedCurrency": "USD",
        "cik": "0000719739",
        "fillingDate": "1995-05-15",
        "acceptedDate": "1995-05-15 00:00:00",
        "calendarYear": "1995",
        "period": "Q1",
        "revenue": 19200000,
        "costOfRevenue": 0,
        "grossProfit": 19200000,
        "grossProfitRatio": 1,
        "researchAndDevelopmentExpenses": 0,
        "generalAndAdministrativeExpenses": 7100000,
        "sellingAndMarketingExpenses": 0,
        "sellingGeneralAndAdministrativeExpenses": 7100000,
        "otherExpenses": -14800000,
        "operatingExpenses": -7700000,
        "costAndExpenses": -7700000,
        "interestIncome": 24000000,
        "interestExpense": 5800000,
        "depreciationAndAmortization": 500000,
        "ebitda": 12000000,
        "ebitdaratio": 0.625,
        "operatingIncome": 11500000,
        "operatingIncomeRatio": 0.5989583333,
        "totalOtherIncomeExpensesNet": -5800000,
        "incomeBeforeTax": 5700000,
        "incomeBeforeTaxRatio": 0.296875,
        "incomeTaxExpense": 2400000,
        "netIncome": 3300000,
        "netIncomeRatio": 0.171875,
        "eps": 0.1,
        "epsdiluted": 0.1,
        "weightedAverageShsOut": 33000000,
        "weightedAverageShsOutDil": 33000000,
        "link": "https://www.sec.gov/Archives/edgar/data/719739/000091205795003836/0000912057-95-003836-index.html",
        "finalLink": "https://www.sec.gov/Archives/edgar/data/719739/0000912057-95-003836.txt"
    },
    {
        "date": "1994-12-31",
        "symbol": "SIVB",
        "reportedCurrency": "USD",
        "cik": "0000719739",
        "fillingDate": "1994-12-31",
        "acceptedDate": "1994-12-30 19:00:00",
        "calendarYear": "1994",
        "period": "Q4",
        "revenue": 18100000,
        "costOfRevenue": 0,
        "grossProfit": 18100000,
        "grossProfitRatio": 1,
        "researchAndDevelopmentExpenses": 0,
        "generalAndAdministrativeExpenses": 6000000,
        "sellingAndMarketingExpenses": 0,
        "sellingGeneralAndAdministrativeExpenses": 6000000,
        "otherExpenses": -13800000,
        "operatingExpenses": -7800000,
        "costAndExpenses": -7800000,
        "interestIncome": 21600000,
        "interestExpense": 4500000,
        "depreciationAndAmortization": 800000,
        "ebitda": 11100000,
        "ebitdaratio": 0.6132596685,
        "operatingIncome": 10300000,
        "operatingIncomeRatio": 0.5690607735,
        "totalOtherIncomeExpensesNet": -4500000,
        "incomeBeforeTax": 5800000,
        "incomeBeforeTaxRatio": 0.320441989,
        "incomeTaxExpense": 2800000,
        "netIncome": 3000000,
        "netIncomeRatio": 0.1657458564,
        "eps": 0.0857,
        "epsdiluted": 0.0857,
        "weightedAverageShsOut": 35000000,
        "weightedAverageShsOutDil": 35000000,
        "link": "",
        "finalLink": ""
    },
    {
        "date": "1994-09-30",
        "symbol": "SIVB",
        "reportedCurrency": "USD",
        "cik": "0000719739",
        "fillingDate": "1994-09-30",
        "acceptedDate": "1994-09-29 20:00:00",
        "calendarYear": "1994",
        "period": "Q3",
        "revenue": 16000000,
        "costOfRevenue": 0,
        "grossProfit": 16000000,
        "grossProfitRatio": 1,
        "researchAndDevelopmentExpenses": 0,
        "generalAndAdministrativeExpenses": 5700000,
        "sellingAndMarketingExpenses": 0,
        "sellingGeneralAndAdministrativeExpenses": 5700000,
        "otherExpenses": -14100000,
        "operatingExpenses": -8400000,
        "costAndExpenses": -8400000,
        "interestIncome": 19100000,
        "interestExpense": 3900000,
        "depreciationAndAmortization": 200000,
        "ebitda": 7800000,
        "ebitdaratio": 0.4875,
        "operatingIncome": 7600000,
        "operatingIncomeRatio": 0.475,
        "totalOtherIncomeExpensesNet": -3900000,
        "incomeBeforeTax": 3700000,
        "incomeBeforeTaxRatio": 0.23125,
        "incomeTaxExpense": 1600000,
        "netIncome": 2100000,
        "netIncomeRatio": 0.13125,
        "eps": 0.06,
        "epsdiluted": 0.06,
        "weightedAverageShsOut": 35000000,
        "weightedAverageShsOutDil": 35000000,
        "link": "",
        "finalLink": ""
    },
    {
        "date": "1994-06-30",
        "symbol": "SIVB",
        "reportedCurrency": "USD",
        "cik": "0000719739",
        "fillingDate": "1994-06-30",
        "acceptedDate": "1994-06-29 20:00:00",
        "calendarYear": "1994",
        "period": "Q2",
        "revenue": 15400000,
        "costOfRevenue": 0,
        "grossProfit": 15400000,
        "grossProfitRatio": 1,
        "researchAndDevelopmentExpenses": 0,
        "generalAndAdministrativeExpenses": 5300000,
        "sellingAndMarketingExpenses": 0,
        "sellingGeneralAndAdministrativeExpenses": 5300000,
        "otherExpenses": -13600000,
        "operatingExpenses": -8300000,
        "costAndExpenses": -8300000,
        "interestIncome": 17500000,
        "interestExpense": 3200000,
        "depreciationAndAmortization": 300000,
        "ebitda": 7400000,
        "ebitdaratio": 0.4805194805,
        "operatingIncome": 7100000,
        "operatingIncomeRatio": 0.461038961,
        "totalOtherIncomeExpensesNet": -3200000,
        "incomeBeforeTax": 3900000,
        "incomeBeforeTaxRatio": 0.2532467532,
        "incomeTaxExpense": 1700000,
        "netIncome": 2200000,
        "netIncomeRatio": 0.1428571429,
        "eps": 0.07,
        "epsdiluted": 0.07,
        "weightedAverageShsOut": 31429000,
        "weightedAverageShsOutDil": 31429000,
        "link": "",
        "finalLink": ""
    },
    {
        "date": "1994-03-31",
        "symbol": "SIVB",
        "reportedCurrency": "USD",
        "cik": "0000719739",
        "fillingDate": "1994-03-31",
        "acceptedDate": "1994-03-30 19:00:00",
        "calendarYear": "1994",
        "period": "Q1",
        "revenue": 15700000,
        "costOfRevenue": 0,
        "grossProfit": 15700000,
        "grossProfitRatio": 1,
        "researchAndDevelopmentExpenses": 0,
        "generalAndAdministrativeExpenses": 6200000,
        "sellingAndMarketingExpenses": 0,
        "sellingGeneralAndAdministrativeExpenses": 6200000,
        "otherExpenses": -15600000,
        "operatingExpenses": -9400000,
        "costAndExpenses": -9400000,
        "interestIncome": 17000000,
        "interestExpense": 3300000,
        "depreciationAndAmortization": 200000,
        "ebitda": 6500000,
        "ebitdaratio": 0.4140127389,
        "operatingIncome": 6300000,
        "operatingIncomeRatio": 0.4012738854,
        "totalOtherIncomeExpensesNet": -3300000,
        "incomeBeforeTax": 3000000,
        "incomeBeforeTaxRatio": 0.1910828025,
        "incomeTaxExpense": 1300000,
        "netIncome": 1700000,
        "netIncomeRatio": 0.1082802548,
        "eps": 0.06,
        "epsdiluted": 0.06,
        "weightedAverageShsOut": 28333000,
        "weightedAverageShsOutDil": 28333000,
        "link": "",
        "finalLink": ""
    },
    {
        "date": "1993-12-31",
        "symbol": "SIVB",
        "reportedCurrency": "USD",
        "cik": "0000719739",
        "fillingDate": "1993-12-31",
        "acceptedDate": "1993-12-30 19:00:00",
        "calendarYear": "1993",
        "period": "Q4",
        "revenue": 13600000,
        "costOfRevenue": 0,
        "grossProfit": 13600000,
        "grossProfitRatio": 1,
        "researchAndDevelopmentExpenses": 0,
        "generalAndAdministrativeExpenses": 5400000,
        "sellingAndMarketingExpenses": 0,
        "sellingGeneralAndAdministrativeExpenses": 5400000,
        "otherExpenses": -15100000,
        "operatingExpenses": -9700000,
        "costAndExpenses": -9700000,
        "interestIncome": 15800000,
        "interestExpense": 3500000,
        "depreciationAndAmortization": 600000,
        "ebitda": 4500000,
        "ebitdaratio": 0.3308823529,
        "operatingIncome": 3900000,
        "operatingIncomeRatio": 0.2867647059,
        "totalOtherIncomeExpensesNet": -3500000,
        "incomeBeforeTax": 400000,
        "incomeBeforeTaxRatio": 0.0294117647,
        "incomeTaxExpense": 200000,
        "netIncome": 200000,
        "netIncomeRatio": 0.0147058824,
        "eps": 0.0067,
        "epsdiluted": 0.0067,
        "weightedAverageShsOut": 30000000,
        "weightedAverageShsOutDil": 30000000,
        "link": "",
        "finalLink": ""
    },
    {
        "date": "1993-09-30",
        "symbol": "SIVB",
        "reportedCurrency": "USD",
        "cik": "0000719739",
        "fillingDate": "1993-09-30",
        "acceptedDate": "1993-09-29 20:00:00",
        "calendarYear": "1993",
        "period": "Q3",
        "revenue": 14900000,
        "costOfRevenue": 0,
        "grossProfit": 14900000,
        "grossProfitRatio": 1,
        "researchAndDevelopmentExpenses": 0,
        "generalAndAdministrativeExpenses": 5100000,
        "sellingAndMarketingExpenses": 0,
        "sellingGeneralAndAdministrativeExpenses": 5100000,
        "otherExpenses": -16300000,
        "operatingExpenses": -11200000,
        "costAndExpenses": -11200000,
        "interestIncome": 15300000,
        "interestExpense": 3200000,
        "depreciationAndAmortization": 400000,
        "ebitda": 4100000,
        "ebitdaratio": 0.2751677852,
        "operatingIncome": 3700000,
        "operatingIncomeRatio": 0.2483221477,
        "totalOtherIncomeExpensesNet": -3200000,
        "incomeBeforeTax": 500000,
        "incomeBeforeTaxRatio": 0.033557047,
        "incomeTaxExpense": 200000,
        "netIncome": 300000,
        "netIncomeRatio": 0.0201342282,
        "eps": 0.01,
        "epsdiluted": 0.01,
        "weightedAverageShsOut": 30000000,
        "weightedAverageShsOutDil": 30000000,
        "link": "",
        "finalLink": ""
    },
    {
        "date": "1993-06-30",
        "symbol": "SIVB",
        "reportedCurrency": "USD",
        "cik": "0000719739",
        "fillingDate": "1993-06-30",
        "acceptedDate": "1993-06-29 20:00:00",
        "calendarYear": "1993",
        "period": "Q2",
        "revenue": 14100000,
        "costOfRevenue": 0,
        "grossProfit": 14100000,
        "grossProfitRatio": 1,
        "researchAndDevelopmentExpenses": 0,
        "generalAndAdministrativeExpenses": 4300000,
        "sellingAndMarketingExpenses": 0,
        "sellingGeneralAndAdministrativeExpenses": 4300000,
        "otherExpenses": -15000000,
        "operatingExpenses": -10700000,
        "costAndExpenses": -10700000,
        "interestIncome": 16800000,
        "interestExpense": 3300000,
        "depreciationAndAmortization": 200000,
        "ebitda": 3600000,
        "ebitdaratio": 0.2553191489,
        "operatingIncome": 3400000,
        "operatingIncomeRatio": 0.2411347518,
        "totalOtherIncomeExpensesNet": 0,
        "incomeBeforeTax": 0,
        "incomeBeforeTaxRatio": 0,
        "incomeTaxExpense": 3300000,
        "netIncome": 100000,
        "netIncomeRatio": 0.0070921986,
        "eps": 0.003,
        "epsdiluted": 0.003,
        "weightedAverageShsOut": 33333000,
        "weightedAverageShsOutDil": 33333000,
        "link": "",
        "finalLink": ""
    },
    {
        "date": "1993-03-31",
        "symbol": "SIVB",
        "reportedCurrency": "USD",
        "cik": "0000719739",
        "fillingDate": "1993-03-31",
        "acceptedDate": "1993-03-30 19:00:00",
        "calendarYear": "1993",
        "period": "Q1",
        "revenue": 17100000,
        "costOfRevenue": 0,
        "grossProfit": 17100000,
        "grossProfitRatio": 1,
        "researchAndDevelopmentExpenses": 0,
        "generalAndAdministrativeExpenses": 3900000,
        "sellingAndMarketingExpenses": 0,
        "sellingGeneralAndAdministrativeExpenses": 3900000,
        "otherExpenses": -15600000,
        "operatingExpenses": -11700000,
        "costAndExpenses": -11700000,
        "interestIncome": 16700000,
        "interestExpense": 3700000,
        "depreciationAndAmortization": 300000,
        "ebitda": 5700000,
        "ebitdaratio": 0.3333333333,
        "operatingIncome": 5400000,
        "operatingIncomeRatio": 0.3157894737,
        "totalOtherIncomeExpensesNet": -3700000,
        "incomeBeforeTax": 1700000,
        "incomeBeforeTaxRatio": 0.0994152047,
        "incomeTaxExpense": 700000,
        "netIncome": 1000000,
        "netIncomeRatio": 0.0584795322,
        "eps": 0.03,
        "epsdiluted": 0.03,
        "weightedAverageShsOut": 33333000,
        "weightedAverageShsOutDil": 33333000,
        "link": "",
        "finalLink": ""
    },
    {
        "date": "1992-12-31",
        "symbol": "SIVB",
        "reportedCurrency": "USD",
        "cik": "0000719739",
        "fillingDate": "1992-12-31",
        "acceptedDate": "1992-12-30 19:00:00",
        "calendarYear": "1992",
        "period": "Q4",
        "revenue": 15400000,
        "costOfRevenue": 0,
        "grossProfit": 15400000,
        "grossProfitRatio": 1,
        "researchAndDevelopmentExpenses": 0,
        "generalAndAdministrativeExpenses": 3100000,
        "sellingAndMarketingExpenses": 200000,
        "sellingGeneralAndAdministrativeExpenses": 3300000,
        "otherExpenses": -13900000,
        "operatingExpenses": -10600000,
        "costAndExpenses": -10600000,
        "interestIncome": 18300000,
        "interestExpense": 4200000,
        "depreciationAndAmortization": 200000,
        "ebitda": 5000000,
        "ebitdaratio": 0.3246753247,
        "operatingIncome": 4800000,
        "operatingIncomeRatio": 0.3116883117,
        "totalOtherIncomeExpensesNet": -4200000,
        "incomeBeforeTax": 600000,
        "incomeBeforeTaxRatio": 0.038961039,
        "incomeTaxExpense": 200000,
        "netIncome": 400000,
        "netIncomeRatio": 0.025974026,
        "eps": 0.0128,
        "epsdiluted": 0.0128,
        "weightedAverageShsOut": 31333000,
        "weightedAverageShsOutDil": 31333000,
        "link": "",
        "finalLink": ""
    },
    {
        "date": "1992-09-30",
        "symbol": "SIVB",
        "reportedCurrency": "USD",
        "cik": "0000719739",
        "fillingDate": "1992-09-30",
        "acceptedDate": "1992-09-29 20:00:00",
        "calendarYear": "1992",
        "period": "Q3",
        "revenue": 13900000,
        "costOfRevenue": 0,
        "grossProfit": 13900000,
        "grossProfitRatio": 1,
        "researchAndDevelopmentExpenses": 0,
        "generalAndAdministrativeExpenses": 3500000,
        "sellingAndMarketingExpenses": 0,
        "sellingGeneralAndAdministrativeExpenses": 3500000,
        "otherExpenses": -28600000,
        "operatingExpenses": -25100000,
        "costAndExpenses": -25100000,
        "interestIncome": 18000000,
        "interestExpense": 4500000,
        "depreciationAndAmortization": 300000,
        "ebitda": -10900000,
        "ebitdaratio": -0.7841726619,
        "operatingIncome": -11200000,
        "operatingIncomeRatio": -0.8057553957,
        "totalOtherIncomeExpensesNet": -4500000,
        "incomeBeforeTax": -15700000,
        "incomeBeforeTaxRatio": -1.1294964029,
        "incomeTaxExpense": -6300000,
        "netIncome": -9400000,
        "netIncomeRatio": -0.6762589928,
        "eps": -0.3,
        "epsdiluted": -0.3,
        "weightedAverageShsOut": 31333000,
        "weightedAverageShsOutDil": 31333000,
        "link": "",
        "finalLink": ""
    },
    {
        "date": "1992-06-30",
        "symbol": "SIVB",
        "reportedCurrency": "USD",
        "cik": "0000719739",
        "fillingDate": "1992-06-30",
        "acceptedDate": "1992-06-29 20:00:00",
        "calendarYear": "1992",
        "period": "Q2",
        "revenue": 14400000,
        "costOfRevenue": 0,
        "grossProfit": 14400000,
        "grossProfitRatio": 1,
        "researchAndDevelopmentExpenses": 0,
        "generalAndAdministrativeExpenses": 3300000,
        "sellingAndMarketingExpenses": 0,
        "sellingGeneralAndAdministrativeExpenses": 3300000,
        "otherExpenses": -7000000,
        "operatingExpenses": -3700000,
        "costAndExpenses": -3700000,
        "interestIncome": 18500000,
        "interestExpense": 4900000,
        "depreciationAndAmortization": 300000,
        "ebitda": 11000000,
        "ebitdaratio": 0.7638888889,
        "operatingIncome": 10700000,
        "operatingIncomeRatio": 0.7430555556,
        "totalOtherIncomeExpensesNet": -4900000,
        "incomeBeforeTax": 5800000,
        "incomeBeforeTaxRatio": 0.4027777778,
        "incomeTaxExpense": 2300000,
        "netIncome": 3500000,
        "netIncomeRatio": 0.2430555556,
        "eps": 0.11,
        "epsdiluted": 0.11,
        "weightedAverageShsOut": 31818000,
        "weightedAverageShsOutDil": 31818000,
        "link": "",
        "finalLink": ""
    },
    {
        "date": "1992-03-31",
        "symbol": "SIVB",
        "reportedCurrency": "USD",
        "cik": "0000719739",
        "fillingDate": "1992-03-31",
        "acceptedDate": "1992-03-30 19:00:00",
        "calendarYear": "1992",
        "period": "Q1",
        "revenue": 14200000,
        "costOfRevenue": 0,
        "grossProfit": 14200000,
        "grossProfitRatio": 1,
        "researchAndDevelopmentExpenses": 0,
        "generalAndAdministrativeExpenses": 3500000,
        "sellingAndMarketingExpenses": 0,
        "sellingGeneralAndAdministrativeExpenses": 3500000,
        "otherExpenses": -6300000,
        "operatingExpenses": -2800000,
        "costAndExpenses": -2800000,
        "interestIncome": 19300000,
        "interestExpense": 5700000,
        "depreciationAndAmortization": 300000,
        "ebitda": 11700000,
        "ebitdaratio": 0.823943662,
        "operatingIncome": 11400000,
        "operatingIncomeRatio": 0.8028169014,
        "totalOtherIncomeExpensesNet": -5700000,
        "incomeBeforeTax": 5700000,
        "incomeBeforeTaxRatio": 0.4014084507,
        "incomeTaxExpense": 2300000,
        "netIncome": 3400000,
        "netIncomeRatio": 0.2394366197,
        "eps": 0.11,
        "epsdiluted": 0.11,
        "weightedAverageShsOut": 30909000,
        "weightedAverageShsOutDil": 30909000,
        "link": "",
        "finalLink": ""
    },
    {
        "date": "1991-12-31",
        "symbol": "SIVB",
        "reportedCurrency": "USD",
        "cik": "0000719739",
        "fillingDate": "1991-12-31",
        "acceptedDate": "1991-12-30 19:00:00",
        "calendarYear": "1991",
        "period": "Q4",
        "revenue": 13300000,
        "costOfRevenue": 0,
        "grossProfit": 13300000,
        "grossProfitRatio": 1,
        "researchAndDevelopmentExpenses": 0,
        "generalAndAdministrativeExpenses": 3000000,
        "sellingAndMarketingExpenses": 300000,
        "sellingGeneralAndAdministrativeExpenses": 3300000,
        "otherExpenses": -3700000,
        "operatingExpenses": -400000,
        "costAndExpenses": -400000,
        "interestIncome": 20000000,
        "interestExpense": 7100000,
        "depreciationAndAmortization": -1400000,
        "ebitda": 11500000,
        "ebitdaratio": 0.8646616541,
        "operatingIncome": 12900000,
        "operatingIncomeRatio": 0.969924812,
        "totalOtherIncomeExpensesNet": -7100000,
        "incomeBeforeTax": 5800000,
        "incomeBeforeTaxRatio": 0.4360902256,
        "incomeTaxExpense": 2400000,
        "netIncome": 3400000,
        "netIncomeRatio": 0.2556390977,
        "eps": 0.12,
        "epsdiluted": 0.12,
        "weightedAverageShsOut": 29091000,
        "weightedAverageShsOutDil": 29091000,
        "link": "",
        "finalLink": ""
    },
    {
        "date": "1991-09-30",
        "symbol": "SIVB",
        "reportedCurrency": "USD",
        "cik": "0000719739",
        "fillingDate": "1991-09-30",
        "acceptedDate": "1991-09-29 20:00:00",
        "calendarYear": "1991",
        "period": "Q3",
        "revenue": 12800000,
        "costOfRevenue": 0,
        "grossProfit": 12800000,
        "grossProfitRatio": 1,
        "researchAndDevelopmentExpenses": 0,
        "generalAndAdministrativeExpenses": 3000000,
        "sellingAndMarketingExpenses": 0,
        "sellingGeneralAndAdministrativeExpenses": 3000000,
        "otherExpenses": -2400000,
        "operatingExpenses": 600000,
        "costAndExpenses": 600000,
        "interestIncome": 19700000,
        "interestExpense": 7700000,
        "depreciationAndAmortization": 0,
        "ebitda": 13400000,
        "ebitdaratio": 1.046875,
        "operatingIncome": 13400000,
        "operatingIncomeRatio": 1.046875,
        "totalOtherIncomeExpensesNet": -7700000,
        "incomeBeforeTax": 5700000,
        "incomeBeforeTaxRatio": 0.4453125,
        "incomeTaxExpense": 2500000,
        "netIncome": 3200000,
        "netIncomeRatio": 0.25,
        "eps": 0.11,
        "epsdiluted": 0.11,
        "weightedAverageShsOut": 29091000,
        "weightedAverageShsOutDil": 29091000,
        "link": "",
        "finalLink": ""
    }
]