[
    {
        "date": "2017-12-31",
        "symbol": "SNI",
        "reportedCurrency": "USD",
        "cik": "0000000000",
        "fillingDate": "2017-12-31",
        "acceptedDate": "2017-12-30 19:00:00",
        "calendarYear": "2017",
        "period": "Q4",
        "revenue": 956116000,
        "costOfRevenue": 356812000,
        "grossProfit": 599304000,
        "grossProfitRatio": 0.6268109727,
        "researchAndDevelopmentExpenses": 0,
        "generalAndAdministrativeExpenses": 0,
        "sellingAndMarketingExpenses": 0,
        "sellingGeneralAndAdministrativeExpenses": 237071000,
        "otherExpenses": 42359000,
        "operatingExpenses": 279430000,
        "costAndExpenses": 636242000,
        "interestIncome": 0,
        "interestExpense": -21612000,
        "depreciationAndAmortization": 41854000,
        "ebitda": 296280000,
        "ebitdaratio": 0.3098787176,
        "operatingIncome": 319874000,
        "operatingIncomeRatio": 0.3345556397,
        "totalOtherIncomeExpensesNet": 6068000,
        "incomeBeforeTax": 325942000,
        "incomeBeforeTaxRatio": 0.3409021499,
        "incomeTaxExpense": 210166000,
        "netIncome": 65872000,
        "netIncomeRatio": 0.068895406,
        "eps": 0.51,
        "epsdiluted": 0.5,
        "weightedAverageShsOut": 130392000,
        "weightedAverageShsOutDil": 131353000,
        "link": "",
        "finalLink": ""
    },
    {
        "date": "2017-09-30",
        "symbol": "SNI",
        "reportedCurrency": "USD",
        "cik": "0000000000",
        "fillingDate": "2017-09-30",
        "acceptedDate": "2017-09-29 20:00:00",
        "calendarYear": "2017",
        "period": "Q3",
        "revenue": 825525000,
        "costOfRevenue": 318292000,
        "grossProfit": 507233000,
        "grossProfitRatio": 0.6144368735,
        "researchAndDevelopmentExpenses": 0,
        "generalAndAdministrativeExpenses": 0,
        "sellingAndMarketingExpenses": 0,
        "sellingGeneralAndAdministrativeExpenses": 224192000,
        "otherExpenses": 32136000,
        "operatingExpenses": 256328000,
        "costAndExpenses": 574620000,
        "interestIncome": 0,
        "interestExpense": -23092000,
        "depreciationAndAmortization": 32136000,
        "ebitda": 203586000,
        "ebitdaratio": 0.2466139729,
        "operatingIncome": 250905000,
        "operatingIncomeRatio": 0.3039338603,
        "totalOtherIncomeExpensesNet": -17368000,
        "incomeBeforeTax": 233537000,
        "incomeBeforeTaxRatio": 0.2828951273,
        "incomeTaxExpense": 70454000,
        "netIncome": 124088000,
        "netIncomeRatio": 0.1503140426,
        "eps": 0.95,
        "epsdiluted": 0.95,
        "weightedAverageShsOut": 130313000,
        "weightedAverageShsOutDil": 131262000,
        "link": "",
        "finalLink": ""
    },
    {
        "date": "2017-06-30",
        "symbol": "SNI",
        "reportedCurrency": "USD",
        "cik": "0000000000",
        "fillingDate": "2017-06-30",
        "acceptedDate": "2017-06-29 20:00:00",
        "calendarYear": "2017",
        "period": "Q2",
        "revenue": 925046000,
        "costOfRevenue": 299851000,
        "grossProfit": 625195000,
        "grossProfitRatio": 0.6758528765,
        "researchAndDevelopmentExpenses": 0,
        "generalAndAdministrativeExpenses": 0,
        "sellingAndMarketingExpenses": 0,
        "sellingGeneralAndAdministrativeExpenses": 212397000,
        "otherExpenses": 38718000,
        "operatingExpenses": 251115000,
        "costAndExpenses": 550966000,
        "interestIncome": 0,
        "interestExpense": -24203000,
        "depreciationAndAmortization": 38718000,
        "ebitda": 363689000,
        "ebitdaratio": 0.3931577457,
        "operatingIncome": 374080000,
        "operatingIncomeRatio": 0.4043907006,
        "totalOtherIncomeExpensesNet": 26696000,
        "incomeBeforeTax": 400776000,
        "incomeBeforeTaxRatio": 0.433249806,
        "incomeTaxExpense": 115099000,
        "netIncome": 234075000,
        "netIncomeRatio": 0.2530414704,
        "eps": 1.8,
        "epsdiluted": 1.79,
        "weightedAverageShsOut": 130233000,
        "weightedAverageShsOutDil": 130884000,
        "link": "",
        "finalLink": ""
    },
    {
        "date": "2017-03-31",
        "symbol": "SNI",
        "reportedCurrency": "USD",
        "cik": "0000000000",
        "fillingDate": "2017-03-31",
        "acceptedDate": "2017-03-30 20:00:00",
        "calendarYear": "2017",
        "period": "Q1",
        "revenue": 855120000,
        "costOfRevenue": 279039000,
        "grossProfit": 576081000,
        "grossProfitRatio": 0.6736843952,
        "researchAndDevelopmentExpenses": 0,
        "generalAndAdministrativeExpenses": 0,
        "sellingAndMarketingExpenses": 0,
        "sellingGeneralAndAdministrativeExpenses": 207370000,
        "otherExpenses": 39157000,
        "operatingExpenses": 246527000,
        "costAndExpenses": 525566000,
        "interestIncome": 0,
        "interestExpense": -24252000,
        "depreciationAndAmortization": 39157000,
        "ebitda": 315945000,
        "ebitdaratio": 0.3694744597,
        "operatingIncome": 329554000,
        "operatingIncomeRatio": 0.3853891851,
        "totalOtherIncomeExpensesNet": 21401000,
        "incomeBeforeTax": 350955000,
        "incomeBeforeTaxRatio": 0.410416082,
        "incomeTaxExpense": 101140000,
        "netIncome": 199900000,
        "netIncomeRatio": 0.23376836,
        "eps": 1.54,
        "epsdiluted": 1.53,
        "weightedAverageShsOut": 129921000,
        "weightedAverageShsOutDil": 130743000,
        "link": "",
        "finalLink": ""
    },
    {
        "date": "2016-12-31",
        "symbol": "SNI",
        "reportedCurrency": "USD",
        "cik": "0000000000",
        "fillingDate": "2016-12-31",
        "acceptedDate": "2016-12-30 19:00:00",
        "calendarYear": "2016",
        "period": "Q4",
        "revenue": 888701000,
        "costOfRevenue": 328355000,
        "grossProfit": 560346000,
        "grossProfitRatio": 0.6305225267,
        "researchAndDevelopmentExpenses": 0,
        "generalAndAdministrativeExpenses": 0,
        "sellingAndMarketingExpenses": 0,
        "sellingGeneralAndAdministrativeExpenses": 215959000,
        "otherExpenses": 116636000,
        "operatingExpenses": 332595000,
        "costAndExpenses": 660950000,
        "interestIncome": 0,
        "interestExpense": -29912000,
        "depreciationAndAmortization": 58758000,
        "ebitda": 177876000,
        "ebitdaratio": 0.2001528073,
        "operatingIncome": 227751000,
        "operatingIncomeRatio": 0.2562740449,
        "totalOtherIncomeExpensesNet": -38505000,
        "incomeBeforeTax": 189246000,
        "incomeBeforeTaxRatio": 0.2129467616,
        "incomeTaxExpense": 96937000,
        "netIncome": 52093000,
        "netIncomeRatio": 0.0586170152,
        "eps": 0.4,
        "epsdiluted": 0.4,
        "weightedAverageShsOut": 129661000,
        "weightedAverageShsOutDil": 130350000,
        "link": "",
        "finalLink": ""
    },
    {
        "date": "2016-09-30",
        "symbol": "SNI",
        "reportedCurrency": "USD",
        "cik": "0000000000",
        "fillingDate": "2016-09-30",
        "acceptedDate": "2016-09-29 20:00:00",
        "calendarYear": "2016",
        "period": "Q3",
        "revenue": 803085000,
        "costOfRevenue": 298207000,
        "grossProfit": 504878000,
        "grossProfitRatio": 0.6286731791,
        "researchAndDevelopmentExpenses": 0,
        "generalAndAdministrativeExpenses": 0,
        "sellingAndMarketingExpenses": 0,
        "sellingGeneralAndAdministrativeExpenses": 200820000,
        "otherExpenses": 46141000,
        "operatingExpenses": 246961000,
        "costAndExpenses": 545168000,
        "interestIncome": 0,
        "interestExpense": -32609000,
        "depreciationAndAmortization": -395596000,
        "ebitda": -206165000,
        "ebitdaratio": -0.2567162878,
        "operatingIncome": 257917000,
        "operatingIncomeRatio": 0.3211577853,
        "totalOtherIncomeExpensesNet": -33000,
        "incomeBeforeTax": 257884000,
        "incomeBeforeTaxRatio": 0.3211166937,
        "incomeTaxExpense": 76043000,
        "netIncome": 145997000,
        "netIncomeRatio": 0.1817952023,
        "eps": 1.13,
        "epsdiluted": 1.12,
        "weightedAverageShsOut": 129586000,
        "weightedAverageShsOutDil": 130124000,
        "link": "",
        "finalLink": ""
    },
    {
        "date": "2016-06-30",
        "symbol": "SNI",
        "reportedCurrency": "USD",
        "cik": "0000000000",
        "fillingDate": "2016-06-30",
        "acceptedDate": "2016-06-29 20:00:00",
        "calendarYear": "2016",
        "period": "Q2",
        "revenue": 892771000,
        "costOfRevenue": 286999000,
        "grossProfit": 605772000,
        "grossProfitRatio": 0.6785301046,
        "researchAndDevelopmentExpenses": 0,
        "generalAndAdministrativeExpenses": 0,
        "sellingAndMarketingExpenses": 0,
        "sellingGeneralAndAdministrativeExpenses": 191133000,
        "otherExpenses": 41743000,
        "operatingExpenses": 232876000,
        "costAndExpenses": 519875000,
        "interestIncome": 0,
        "interestExpense": -33175000,
        "depreciationAndAmortization": 264410000,
        "ebitda": 514146000,
        "ebitdaratio": 0.5758990827,
        "operatingIncome": 372896000,
        "operatingIncomeRatio": 0.4176838181,
        "totalOtherIncomeExpensesNet": -41241000,
        "incomeBeforeTax": 331655000,
        "incomeBeforeTaxRatio": 0.3714894413,
        "incomeTaxExpense": 98303000,
        "netIncome": 184608000,
        "netIncomeRatio": 0.2067809102,
        "eps": 1.42,
        "epsdiluted": 1.42,
        "weightedAverageShsOut": 129562000,
        "weightedAverageShsOutDil": 130141000,
        "link": "",
        "finalLink": ""
    },
    {
        "date": "2016-03-31",
        "symbol": "SNI",
        "reportedCurrency": "USD",
        "cik": "0000000000",
        "fillingDate": "2016-03-31",
        "acceptedDate": "2016-03-30 20:00:00",
        "calendarYear": "2016",
        "period": "Q1",
        "revenue": 816878000,
        "costOfRevenue": 279667000,
        "grossProfit": 537211000,
        "grossProfitRatio": 0.6576392068,
        "researchAndDevelopmentExpenses": 0,
        "generalAndAdministrativeExpenses": 0,
        "sellingAndMarketingExpenses": 0,
        "sellingGeneralAndAdministrativeExpenses": 198821000,
        "otherExpenses": 48359000,
        "operatingExpenses": 247180000,
        "costAndExpenses": 526847000,
        "interestIncome": 0,
        "interestExpense": -33745000,
        "depreciationAndAmortization": 267542000,
        "ebitda": 683741000,
        "ebitdaratio": 0.837017278,
        "operatingIncome": 290031000,
        "operatingIncomeRatio": 0.3550481222,
        "totalOtherIncomeExpensesNet": 208962000,
        "incomeBeforeTax": 498993000,
        "incomeBeforeTaxRatio": 0.6108537627,
        "incomeTaxExpense": 159047000,
        "netIncome": 290897000,
        "netIncomeRatio": 0.3561082561,
        "eps": 2.25,
        "epsdiluted": 2.24,
        "weightedAverageShsOut": 129295000,
        "weightedAverageShsOutDil": 129790000,
        "link": "",
        "finalLink": ""
    },
    {
        "date": "2015-12-31",
        "symbol": "SNI",
        "reportedCurrency": "USD",
        "cik": "0000000000",
        "fillingDate": "2015-12-31",
        "acceptedDate": "2015-12-30 19:00:00",
        "calendarYear": "2015",
        "period": "Q4",
        "revenue": 851753000,
        "costOfRevenue": 322973000,
        "grossProfit": 528780000,
        "grossProfitRatio": 0.6208137805,
        "researchAndDevelopmentExpenses": 0,
        "generalAndAdministrativeExpenses": 0,
        "sellingAndMarketingExpenses": 0,
        "sellingGeneralAndAdministrativeExpenses": 210849000,
        "otherExpenses": 42840000,
        "operatingExpenses": 253689000,
        "costAndExpenses": 576662000,
        "interestIncome": 0,
        "interestExpense": -27806000,
        "depreciationAndAmortization": 41277000,
        "ebitda": 254885000,
        "ebitdaratio": 0.2992475518,
        "operatingIncome": 275091000,
        "operatingIncomeRatio": 0.3229703917,
        "totalOtherIncomeExpensesNet": 4517000,
        "incomeBeforeTax": 279608000,
        "incomeBeforeTaxRatio": 0.3282735723,
        "incomeTaxExpense": 76706000,
        "netIncome": 164708000,
        "netIncomeRatio": 0.1933753095,
        "eps": 1.27,
        "epsdiluted": 1.27,
        "weightedAverageShsOut": 129211000,
        "weightedAverageShsOutDil": 129728000,
        "link": "",
        "finalLink": ""
    },
    {
        "date": "2015-09-30",
        "symbol": "SNI",
        "reportedCurrency": "USD",
        "cik": "0000000000",
        "fillingDate": "2015-09-30",
        "acceptedDate": "2015-09-29 20:00:00",
        "calendarYear": "2015",
        "period": "Q3",
        "revenue": 776122000,
        "costOfRevenue": 270150000,
        "grossProfit": 505972000,
        "grossProfitRatio": 0.6519232801,
        "researchAndDevelopmentExpenses": 0,
        "generalAndAdministrativeExpenses": 0,
        "sellingAndMarketingExpenses": 0,
        "sellingGeneralAndAdministrativeExpenses": 193645000,
        "otherExpenses": 41331000,
        "operatingExpenses": 234976000,
        "costAndExpenses": 505126000,
        "interestIncome": 0,
        "interestExpense": -50439000,
        "depreciationAndAmortization": 41291000,
        "ebitda": 190521000,
        "ebitdaratio": 0.2454781594,
        "operatingIncome": 270996000,
        "operatingIncomeRatio": 0.3491667547,
        "totalOtherIncomeExpensesNet": -32553000,
        "incomeBeforeTax": 238443000,
        "incomeBeforeTaxRatio": 0.3072236066,
        "incomeTaxExpense": 75110000,
        "netIncome": 124559000,
        "netIncomeRatio": 0.1604889437,
        "eps": 0.96,
        "epsdiluted": 0.96,
        "weightedAverageShsOut": 129177000,
        "weightedAverageShsOutDil": 129704000,
        "link": "",
        "finalLink": ""
    },
    {
        "date": "2015-06-30",
        "symbol": "SNI",
        "reportedCurrency": "USD",
        "cik": "0000000000",
        "fillingDate": "2015-06-30",
        "acceptedDate": "2015-06-29 20:00:00",
        "calendarYear": "2015",
        "period": "Q2",
        "revenue": 732102000,
        "costOfRevenue": 195087000,
        "grossProfit": 537015000,
        "grossProfitRatio": 0.7335248367,
        "researchAndDevelopmentExpenses": 0,
        "generalAndAdministrativeExpenses": 0,
        "sellingAndMarketingExpenses": 0,
        "sellingGeneralAndAdministrativeExpenses": 178498000,
        "otherExpenses": 26482000,
        "operatingExpenses": 204980000,
        "costAndExpenses": 400067000,
        "interestIncome": 0,
        "interestExpense": -16835000,
        "depreciationAndAmortization": 26438000,
        "ebitda": 323647000,
        "ebitdaratio": 0.4420791092,
        "operatingIncome": 332035000,
        "operatingIncomeRatio": 0.4535365291,
        "totalOtherIncomeExpensesNet": 34459000,
        "incomeBeforeTax": 366494000,
        "incomeBeforeTaxRatio": 0.5006051069,
        "incomeTaxExpense": 120326000,
        "netIncome": 193718000,
        "netIncomeRatio": 0.2646052053,
        "eps": 1.5,
        "epsdiluted": 1.49,
        "weightedAverageShsOut": 129225000,
        "weightedAverageShsOutDil": 129868000,
        "link": "",
        "finalLink": ""
    },
    {
        "date": "2015-03-31",
        "symbol": "SNI",
        "reportedCurrency": "USD",
        "cik": "0000000000",
        "fillingDate": "2015-03-31",
        "acceptedDate": "2015-03-30 20:00:00",
        "calendarYear": "2015",
        "period": "Q1",
        "revenue": 658250000,
        "costOfRevenue": 199147000,
        "grossProfit": 459103000,
        "grossProfitRatio": 0.6974599316,
        "researchAndDevelopmentExpenses": 0,
        "generalAndAdministrativeExpenses": 0,
        "sellingAndMarketingExpenses": 0,
        "sellingGeneralAndAdministrativeExpenses": 202187000,
        "otherExpenses": 31106000,
        "operatingExpenses": 233293000,
        "costAndExpenses": 432440000,
        "interestIncome": 0,
        "interestExpense": -12967000,
        "depreciationAndAmortization": 28590000,
        "ebitda": 210715000,
        "ebitdaratio": 0.3201139385,
        "operatingIncome": 225810000,
        "operatingIncomeRatio": 0.3430459552,
        "totalOtherIncomeExpensesNet": 11509000,
        "incomeBeforeTax": 237319000,
        "incomeBeforeTaxRatio": 0.3605301937,
        "incomeTaxExpense": 71249000,
        "netIncome": 123843000,
        "netIncomeRatio": 0.1881397645,
        "eps": 0.94,
        "epsdiluted": 0.94,
        "weightedAverageShsOut": 131259000,
        "weightedAverageShsOutDil": 131942000,
        "link": "",
        "finalLink": ""
    },
    {
        "date": "2014-12-31",
        "symbol": "SNI",
        "reportedCurrency": "USD",
        "cik": "0000000000",
        "fillingDate": "2014-12-31",
        "acceptedDate": "2014-12-30 19:00:00",
        "calendarYear": "2014",
        "period": "Q4",
        "revenue": 669152000,
        "costOfRevenue": 200478000,
        "grossProfit": 468674000,
        "grossProfitRatio": 0.7003999091,
        "researchAndDevelopmentExpenses": 0,
        "generalAndAdministrativeExpenses": 0,
        "sellingAndMarketingExpenses": 0,
        "sellingGeneralAndAdministrativeExpenses": 206895000,
        "otherExpenses": 31321000,
        "operatingExpenses": 238216000,
        "costAndExpenses": 438694000,
        "interestIncome": 0,
        "interestExpense": 15789000,
        "depreciationAndAmortization": 31498000,
        "ebitda": 235001000,
        "ebitdaratio": 0.3511922553,
        "operatingIncome": 230458000,
        "operatingIncomeRatio": 0.3444030654,
        "totalOtherIncomeExpensesNet": 3459000,
        "incomeBeforeTax": 233917000,
        "incomeBeforeTaxRatio": 0.3495722945,
        "incomeTaxExpense": 55868000,
        "netIncome": 131846000,
        "netIncomeRatio": 0.1970344555,
        "eps": 0.96,
        "epsdiluted": 0.96,
        "weightedAverageShsOut": 136876000,
        "weightedAverageShsOutDil": 137708000,
        "link": "",
        "finalLink": ""
    },
    {
        "date": "2014-09-30",
        "symbol": "SNI",
        "reportedCurrency": "USD",
        "cik": "0000000000",
        "fillingDate": "2014-09-30",
        "acceptedDate": "2014-09-29 20:00:00",
        "calendarYear": "2014",
        "period": "Q3",
        "revenue": 644423000,
        "costOfRevenue": 207099000,
        "grossProfit": 437324000,
        "grossProfitRatio": 0.6786287889,
        "researchAndDevelopmentExpenses": 0,
        "generalAndAdministrativeExpenses": 0,
        "sellingAndMarketingExpenses": 0,
        "sellingGeneralAndAdministrativeExpenses": 167361000,
        "otherExpenses": 31169000,
        "operatingExpenses": 198530000,
        "costAndExpenses": 405629000,
        "interestIncome": 0,
        "interestExpense": 12235000,
        "depreciationAndAmortization": 201828000,
        "ebitda": 421312000,
        "ebitdaratio": 0.6537817552,
        "operatingIncome": 238794000,
        "operatingIncomeRatio": 0.3705547443,
        "totalOtherIncomeExpensesNet": 7417000,
        "incomeBeforeTax": 246211000,
        "incomeBeforeTaxRatio": 0.3820642652,
        "incomeTaxExpense": 75910000,
        "netIncome": 131339000,
        "netIncomeRatio": 0.2038086785,
        "eps": 0.93,
        "epsdiluted": 0.93,
        "weightedAverageShsOut": 140738000,
        "weightedAverageShsOutDil": 141628000,
        "link": "",
        "finalLink": ""
    },
    {
        "date": "2014-06-30",
        "symbol": "SNI",
        "reportedCurrency": "USD",
        "cik": "0000000000",
        "fillingDate": "2014-06-30",
        "acceptedDate": "2014-06-29 20:00:00",
        "calendarYear": "2014",
        "period": "Q2",
        "revenue": 708132000,
        "costOfRevenue": 190181000,
        "grossProfit": 517951000,
        "grossProfitRatio": 0.7314328402,
        "researchAndDevelopmentExpenses": 0,
        "generalAndAdministrativeExpenses": 0,
        "sellingAndMarketingExpenses": 0,
        "sellingGeneralAndAdministrativeExpenses": 198666000,
        "otherExpenses": 35820000,
        "operatingExpenses": 234486000,
        "costAndExpenses": 424667000,
        "interestIncome": 0,
        "interestExpense": 12232000,
        "depreciationAndAmortization": 186766000,
        "ebitda": 445151000,
        "ebitdaratio": 0.6286271486,
        "operatingIncome": 283465000,
        "operatingIncomeRatio": 0.4002996616,
        "totalOtherIncomeExpensesNet": 14563000,
        "incomeBeforeTax": 298028000,
        "incomeBeforeTaxRatio": 0.4208650365,
        "incomeTaxExpense": 92359000,
        "netIncome": 153794000,
        "netIncomeRatio": 0.2171826722,
        "eps": 1.08,
        "epsdiluted": 1.07,
        "weightedAverageShsOut": 142342000,
        "weightedAverageShsOutDil": 143224000,
        "link": "",
        "finalLink": ""
    },
    {
        "date": "2014-03-31",
        "symbol": "SNI",
        "reportedCurrency": "USD",
        "cik": "0000000000",
        "fillingDate": "2014-03-31",
        "acceptedDate": "2014-03-30 20:00:00",
        "calendarYear": "2014",
        "period": "Q1",
        "revenue": 643749000,
        "costOfRevenue": 181138000,
        "grossProfit": 462611000,
        "grossProfitRatio": 0.7186201454,
        "researchAndDevelopmentExpenses": 0,
        "generalAndAdministrativeExpenses": 0,
        "sellingAndMarketingExpenses": 0,
        "sellingGeneralAndAdministrativeExpenses": 191877000,
        "otherExpenses": 31142000,
        "operatingExpenses": 223019000,
        "costAndExpenses": 404157000,
        "interestIncome": 0,
        "interestExpense": 12431000,
        "depreciationAndAmortization": 172292000,
        "ebitda": 389925000,
        "ebitdaratio": 0.6057096788,
        "operatingIncome": 239592000,
        "operatingIncomeRatio": 0.3721823257,
        "totalOtherIncomeExpensesNet": 10103000,
        "incomeBeforeTax": 249695000,
        "incomeBeforeTaxRatio": 0.3878763307,
        "incomeTaxExpense": 76906000,
        "netIncome": 128296000,
        "netIncomeRatio": 0.1992950669,
        "eps": 0.88,
        "epsdiluted": 0.87,
        "weightedAverageShsOut": 146322000,
        "weightedAverageShsOutDil": 147440000,
        "link": "",
        "finalLink": ""
    },
    {
        "date": "2013-12-31",
        "symbol": "SNI",
        "reportedCurrency": "USD",
        "cik": "0000000000",
        "fillingDate": "2013-12-31",
        "acceptedDate": "2013-12-30 19:00:00",
        "calendarYear": "2013",
        "period": "Q4",
        "revenue": 654395000,
        "costOfRevenue": 188645000,
        "grossProfit": 465750000,
        "grossProfitRatio": 0.7117260982,
        "researchAndDevelopmentExpenses": 0,
        "generalAndAdministrativeExpenses": 0,
        "sellingAndMarketingExpenses": 0,
        "sellingGeneralAndAdministrativeExpenses": 192481000,
        "otherExpenses": 56646000,
        "operatingExpenses": 249127000,
        "costAndExpenses": 437772000,
        "interestIncome": 0,
        "interestExpense": 12031000,
        "depreciationAndAmortization": 31812000,
        "ebitda": 225983000,
        "ebitdaratio": 0.3453311838,
        "operatingIncome": 216623000,
        "operatingIncomeRatio": 0.331027896,
        "totalOtherIncomeExpensesNet": 8026000,
        "incomeBeforeTax": 224649000,
        "incomeBeforeTaxRatio": 0.3432926596,
        "incomeTaxExpense": 73621000,
        "netIncome": 108519000,
        "netIncomeRatio": 0.1658310348,
        "eps": 0.74,
        "epsdiluted": 0.73,
        "weightedAverageShsOut": 146813000,
        "weightedAverageShsOutDil": 148076000,
        "link": "",
        "finalLink": ""
    },
    {
        "date": "2013-09-30",
        "symbol": "SNI",
        "reportedCurrency": "USD",
        "cik": "0000000000",
        "fillingDate": "2013-09-30",
        "acceptedDate": "2013-09-29 20:00:00",
        "calendarYear": "2013",
        "period": "Q3",
        "revenue": 616901000,
        "costOfRevenue": 178221000,
        "grossProfit": 438680000,
        "grossProfitRatio": 0.7111027539,
        "researchAndDevelopmentExpenses": 0,
        "generalAndAdministrativeExpenses": 0,
        "sellingAndMarketingExpenses": 0,
        "sellingGeneralAndAdministrativeExpenses": 176644000,
        "otherExpenses": 29609000,
        "operatingExpenses": 206253000,
        "costAndExpenses": 384474000,
        "interestIncome": 0,
        "interestExpense": 12337000,
        "depreciationAndAmortization": 29514000,
        "ebitda": 235028000,
        "ebitdaratio": 0.3809817134,
        "operatingIncome": 232427000,
        "operatingIncomeRatio": 0.3767654778,
        "totalOtherIncomeExpensesNet": 2217000,
        "incomeBeforeTax": 234644000,
        "incomeBeforeTaxRatio": 0.3803592473,
        "incomeTaxExpense": 64174000,
        "netIncome": 129003000,
        "netIncomeRatio": 0.2091145905,
        "eps": 0.88,
        "epsdiluted": 0.87,
        "weightedAverageShsOut": 146578000,
        "weightedAverageShsOutDil": 147802000,
        "link": "",
        "finalLink": ""
    },
    {
        "date": "2013-06-30",
        "symbol": "SNI",
        "reportedCurrency": "USD",
        "cik": "0000000000",
        "fillingDate": "2013-06-30",
        "acceptedDate": "2013-06-29 20:00:00",
        "calendarYear": "2013",
        "period": "Q2",
        "revenue": 665128000,
        "costOfRevenue": 168677000,
        "grossProfit": 496451000,
        "grossProfitRatio": 0.7463991893,
        "researchAndDevelopmentExpenses": 0,
        "generalAndAdministrativeExpenses": 0,
        "sellingAndMarketingExpenses": 0,
        "sellingGeneralAndAdministrativeExpenses": 176770000,
        "otherExpenses": 30053000,
        "operatingExpenses": 206823000,
        "costAndExpenses": 375500000,
        "interestIncome": 0,
        "interestExpense": 12197000,
        "depreciationAndAmortization": -98237000,
        "ebitda": 169830000,
        "ebitdaratio": 0.2553343116,
        "operatingIncome": 289628000,
        "operatingIncomeRatio": 0.4354470117,
        "totalOtherIncomeExpensesNet": 16856000,
        "incomeBeforeTax": 306484000,
        "incomeBeforeTaxRatio": 0.4607895022,
        "incomeTaxExpense": 96141000,
        "netIncome": 159729000,
        "netIncomeRatio": 0.240147761,
        "eps": 1.09,
        "epsdiluted": 1.08,
        "weightedAverageShsOut": 147132000,
        "weightedAverageShsOutDil": 148259000,
        "link": "",
        "finalLink": ""
    },
    {
        "date": "2013-03-31",
        "symbol": "SNI",
        "reportedCurrency": "USD",
        "cik": "0000000000",
        "fillingDate": "2013-03-31",
        "acceptedDate": "2013-03-30 20:00:00",
        "calendarYear": "2013",
        "period": "Q1",
        "revenue": 594385000,
        "costOfRevenue": 163751000,
        "grossProfit": 430634000,
        "grossProfitRatio": 0.7245034784,
        "researchAndDevelopmentExpenses": 0,
        "generalAndAdministrativeExpenses": 0,
        "sellingAndMarketingExpenses": 0,
        "sellingGeneralAndAdministrativeExpenses": 183160000,
        "otherExpenses": 27676000,
        "operatingExpenses": 210836000,
        "costAndExpenses": 374587000,
        "interestIncome": 0,
        "interestExpense": 12145000,
        "depreciationAndAmortization": 154491000,
        "ebitda": 348142000,
        "ebitdaratio": 0.5857180111,
        "operatingIncome": 219798000,
        "operatingIncomeRatio": 0.3697906239,
        "totalOtherIncomeExpensesNet": 5076000,
        "incomeBeforeTax": 224874000,
        "incomeBeforeTaxRatio": 0.3783305433,
        "incomeTaxExpense": 73687000,
        "netIncome": 107819000,
        "netIncomeRatio": 0.1813958966,
        "eps": 0.72,
        "epsdiluted": 0.72,
        "weightedAverageShsOut": 148813000,
        "weightedAverageShsOutDil": 149901000,
        "link": "",
        "finalLink": ""
    },
    {
        "date": "2012-12-31",
        "symbol": "SNI",
        "reportedCurrency": "USD",
        "cik": "0000000000",
        "fillingDate": "2012-12-31",
        "acceptedDate": "2012-12-30 19:00:00",
        "calendarYear": "2012",
        "period": "Q4",
        "revenue": 604665000,
        "costOfRevenue": 165855000,
        "grossProfit": 438810000,
        "grossProfitRatio": 0.7257076232,
        "researchAndDevelopmentExpenses": 0,
        "generalAndAdministrativeExpenses": 0,
        "sellingAndMarketingExpenses": 0,
        "sellingGeneralAndAdministrativeExpenses": 172919000,
        "otherExpenses": 46966000,
        "operatingExpenses": 219885000,
        "costAndExpenses": 385740000,
        "interestIncome": 0,
        "interestExpense": 12869000,
        "depreciationAndAmortization": 159447000,
        "ebitda": 354947000,
        "ebitdaratio": 0.5870142972,
        "operatingIncome": 218925000,
        "operatingIncomeRatio": 0.3620599836,
        "totalOtherIncomeExpensesNet": 2379000,
        "incomeBeforeTax": 221304000,
        "incomeBeforeTaxRatio": 0.3659943936,
        "incomeTaxExpense": -123170000,
        "netIncome": 305801000,
        "netIncomeRatio": 0.5057362341,
        "eps": 2.03,
        "epsdiluted": 2.02,
        "weightedAverageShsOut": 150546000,
        "weightedAverageShsOutDil": 151711000,
        "link": "",
        "finalLink": ""
    },
    {
        "date": "2012-09-30",
        "symbol": "SNI",
        "reportedCurrency": "USD",
        "cik": "0000000000",
        "fillingDate": "2012-09-30",
        "acceptedDate": "2012-09-29 20:00:00",
        "calendarYear": "2012",
        "period": "Q3",
        "revenue": 566186000,
        "costOfRevenue": 156297000,
        "grossProfit": 409889000,
        "grossProfitRatio": 0.7239476073,
        "researchAndDevelopmentExpenses": 0,
        "generalAndAdministrativeExpenses": 0,
        "sellingAndMarketingExpenses": 0,
        "sellingGeneralAndAdministrativeExpenses": 158823000,
        "otherExpenses": 28994000,
        "operatingExpenses": 187817000,
        "costAndExpenses": 344114000,
        "interestIncome": 0,
        "interestExpense": 12518000,
        "depreciationAndAmortization": 153801000,
        "ebitda": 350382000,
        "ebitdaratio": 0.6188461036,
        "operatingIncome": 222072000,
        "operatingIncomeRatio": 0.3922244633,
        "totalOtherIncomeExpensesNet": 389000,
        "incomeBeforeTax": 222461000,
        "incomeBeforeTaxRatio": 0.3929115167,
        "incomeTaxExpense": 65653000,
        "netIncome": 118410000,
        "netIncomeRatio": 0.2091362203,
        "eps": 0.79,
        "epsdiluted": 0.78,
        "weightedAverageShsOut": 149985000,
        "weightedAverageShsOutDil": 151201000,
        "link": "",
        "finalLink": ""
    },
    {
        "date": "2012-06-30",
        "symbol": "SNI",
        "reportedCurrency": "USD",
        "cik": "0000000000",
        "fillingDate": "2012-06-30",
        "acceptedDate": "2012-06-29 20:00:00",
        "calendarYear": "2012",
        "period": "Q2",
        "revenue": 600986000,
        "costOfRevenue": 150903000,
        "grossProfit": 450083000,
        "grossProfitRatio": 0.7489076285,
        "researchAndDevelopmentExpenses": 0,
        "generalAndAdministrativeExpenses": 0,
        "sellingAndMarketingExpenses": 0,
        "sellingGeneralAndAdministrativeExpenses": 165402000,
        "otherExpenses": 25965000,
        "operatingExpenses": 191367000,
        "costAndExpenses": 342270000,
        "interestIncome": 0,
        "interestExpense": 13247000,
        "depreciationAndAmortization": 256965000,
        "ebitda": 491604000,
        "ebitdaratio": 0.8179957603,
        "operatingIncome": 258716000,
        "operatingIncomeRatio": 0.4304859015,
        "totalOtherIncomeExpensesNet": 11735000,
        "incomeBeforeTax": 270451000,
        "incomeBeforeTaxRatio": 0.4500121467,
        "incomeTaxExpense": 79028000,
        "netIncome": 142364000,
        "netIncomeRatio": 0.2368840539,
        "eps": 0.94,
        "epsdiluted": 0.93,
        "weightedAverageShsOut": 152086000,
        "weightedAverageShsOutDil": 153438000,
        "link": "",
        "finalLink": ""
    },
    {
        "date": "2012-03-31",
        "symbol": "SNI",
        "reportedCurrency": "USD",
        "cik": "0000000000",
        "fillingDate": "2012-03-31",
        "acceptedDate": "2012-03-30 20:00:00",
        "calendarYear": "2012",
        "period": "Q1",
        "revenue": 535345000,
        "costOfRevenue": 296110000,
        "grossProfit": 239235000,
        "grossProfitRatio": 0.4468800493,
        "researchAndDevelopmentExpenses": 0,
        "generalAndAdministrativeExpenses": 0,
        "sellingAndMarketingExpenses": 30921000,
        "sellingGeneralAndAdministrativeExpenses": 30921000,
        "otherExpenses": -6346000,
        "operatingExpenses": 24575000,
        "costAndExpenses": 320685000,
        "interestIncome": 0,
        "interestExpense": 12180000,
        "depreciationAndAmortization": 24516000,
        "ebitda": 218195000,
        "ebitdaratio": 0.4075782906,
        "operatingIncome": 214660000,
        "operatingIncomeRatio": 0.4009750721,
        "totalOtherIncomeExpensesNet": 8887000,
        "incomeBeforeTax": 223547000,
        "incomeBeforeTaxRatio": 0.4175755821,
        "incomeTaxExpense": 66596000,
        "netIncome": 114903000,
        "netIncomeRatio": 0.2146335541,
        "eps": 0.74,
        "epsdiluted": 0.73,
        "weightedAverageShsOut": 156118000,
        "weightedAverageShsOutDil": 157068000,
        "link": "",
        "finalLink": ""
    },
    {
        "date": "2011-12-31",
        "symbol": "SNI",
        "reportedCurrency": "USD",
        "cik": "0000000000",
        "fillingDate": "2011-12-31",
        "acceptedDate": "2011-12-30 19:00:00",
        "calendarYear": "2011",
        "period": "Q4",
        "revenue": 553489000,
        "costOfRevenue": 266495000,
        "grossProfit": 286994000,
        "grossProfitRatio": 0.5185179832,
        "researchAndDevelopmentExpenses": 0,
        "generalAndAdministrativeExpenses": 0,
        "sellingAndMarketingExpenses": 29535000,
        "sellingGeneralAndAdministrativeExpenses": 29535000,
        "otherExpenses": 24275000,
        "operatingExpenses": 53810000,
        "costAndExpenses": 320305000,
        "interestIncome": 0,
        "interestExpense": 9773000,
        "depreciationAndAmortization": 495897000,
        "ebitda": 712257000,
        "ebitdaratio": 1.2868494225,
        "operatingIncome": 233184000,
        "operatingIncomeRatio": 0.4212983456,
        "totalOtherIncomeExpensesNet": 16637000,
        "incomeBeforeTax": 249821000,
        "incomeBeforeTaxRatio": 0.4513567569,
        "incomeTaxExpense": 71586000,
        "netIncome": 135001000,
        "netIncomeRatio": 0.243909093,
        "eps": 0.86,
        "epsdiluted": 0.86,
        "weightedAverageShsOut": 156118000,
        "weightedAverageShsOutDil": 157068000,
        "link": "",
        "finalLink": ""
    },
    {
        "date": "2011-09-30",
        "symbol": "SNI",
        "reportedCurrency": "USD",
        "cik": "0000000000",
        "fillingDate": "2011-09-30",
        "acceptedDate": "2011-09-29 20:00:00",
        "calendarYear": "2011",
        "period": "Q3",
        "revenue": 503744000,
        "costOfRevenue": 285273000,
        "grossProfit": 218471000,
        "grossProfitRatio": 0.4336944956,
        "researchAndDevelopmentExpenses": 0,
        "generalAndAdministrativeExpenses": 0,
        "sellingAndMarketingExpenses": 30199000,
        "sellingGeneralAndAdministrativeExpenses": 30199000,
        "otherExpenses": -7545000,
        "operatingExpenses": 22654000,
        "costAndExpenses": 307927000,
        "interestIncome": 0,
        "interestExpense": 9157000,
        "depreciationAndAmortization": 22736000,
        "ebitda": 163679000,
        "ebitdaratio": 0.3249249619,
        "operatingIncome": 195817000,
        "operatingIncomeRatio": 0.3887232404,
        "totalOtherIncomeExpensesNet": -26094000,
        "incomeBeforeTax": 169723000,
        "incomeBeforeTaxRatio": 0.3369231197,
        "incomeTaxExpense": 33183000,
        "netIncome": 98603000,
        "netIncomeRatio": 0.1957402967,
        "eps": 0.62,
        "epsdiluted": 0.61,
        "weightedAverageShsOut": 159363608,
        "weightedAverageShsOutDil": 162276000,
        "link": "",
        "finalLink": ""
    },
    {
        "date": "2011-06-30",
        "symbol": "SNI",
        "reportedCurrency": "USD",
        "cik": "0000000000",
        "fillingDate": "2011-06-30",
        "acceptedDate": "2011-06-29 20:00:00",
        "calendarYear": "2011",
        "period": "Q2",
        "revenue": 533984000,
        "costOfRevenue": 259883000,
        "grossProfit": 274101000,
        "grossProfitRatio": 0.513313133,
        "researchAndDevelopmentExpenses": 0,
        "generalAndAdministrativeExpenses": 0,
        "sellingAndMarketingExpenses": 27953000,
        "sellingGeneralAndAdministrativeExpenses": 27953000,
        "otherExpenses": -5776000,
        "operatingExpenses": 22177000,
        "costAndExpenses": 282060000,
        "interestIncome": 0,
        "interestExpense": 8576000,
        "depreciationAndAmortization": 22174000,
        "ebitda": 187651000,
        "ebitdaratio": 0.3514168964,
        "operatingIncome": 251924000,
        "operatingIncomeRatio": 0.4717819261,
        "totalOtherIncomeExpensesNet": 4869000,
        "incomeBeforeTax": 256793000,
        "incomeBeforeTaxRatio": 0.4809001768,
        "incomeTaxExpense": 79472000,
        "netIncome": 77429000,
        "netIncomeRatio": 0.145002472,
        "eps": 0.48,
        "epsdiluted": 0.46,
        "weightedAverageShsOut": 161737781,
        "weightedAverageShsOutDil": 170048000,
        "link": "",
        "finalLink": ""
    },
    {
        "date": "2011-03-31",
        "symbol": "SNI",
        "reportedCurrency": "USD",
        "cik": "0000000000",
        "fillingDate": "2011-03-31",
        "acceptedDate": "2011-03-30 20:00:00",
        "calendarYear": "2011",
        "period": "Q1",
        "revenue": 535967000,
        "costOfRevenue": 239058000,
        "grossProfit": 296909000,
        "grossProfitRatio": 0.5539688078,
        "researchAndDevelopmentExpenses": 0,
        "generalAndAdministrativeExpenses": 0,
        "sellingAndMarketingExpenses": 59784000,
        "sellingGeneralAndAdministrativeExpenses": 59784000,
        "otherExpenses": 29878000,
        "operatingExpenses": 89662000,
        "costAndExpenses": 328720000,
        "interestIncome": 0,
        "interestExpense": 8615000,
        "depreciationAndAmortization": 120163000,
        "ebitda": 292500000,
        "ebitdaratio": 0.545742555,
        "operatingIncome": 207247000,
        "operatingIncomeRatio": 0.3866786575,
        "totalOtherIncomeExpensesNet": 1267000,
        "incomeBeforeTax": 208514000,
        "incomeBeforeTaxRatio": 0.389042609,
        "incomeTaxExpense": 63197000,
        "netIncome": 100525000,
        "netIncomeRatio": 0.1875581892,
        "eps": 0.6,
        "epsdiluted": 0.59,
        "weightedAverageShsOut": 168426000,
        "weightedAverageShsOutDil": 169694000,
        "link": "",
        "finalLink": ""
    },
    {
        "date": "2010-12-31",
        "symbol": "SNI",
        "reportedCurrency": "USD",
        "cik": "0000000000",
        "fillingDate": "2010-12-31",
        "acceptedDate": "2010-12-30 19:00:00",
        "calendarYear": "2010",
        "period": "Q4",
        "revenue": 573041000,
        "costOfRevenue": 259593000,
        "grossProfit": 313448000,
        "grossProfitRatio": 0.5469905295,
        "researchAndDevelopmentExpenses": 0,
        "generalAndAdministrativeExpenses": 0,
        "sellingAndMarketingExpenses": 66474000,
        "sellingGeneralAndAdministrativeExpenses": 66474000,
        "otherExpenses": 30636000,
        "operatingExpenses": 97110000,
        "costAndExpenses": 356703000,
        "interestIncome": 0,
        "interestExpense": 8621000,
        "depreciationAndAmortization": 440345000,
        "ebitda": 639636000,
        "ebitdaratio": 1.1162133251,
        "operatingIncome": 216338000,
        "operatingIncomeRatio": 0.3775262154,
        "totalOtherIncomeExpensesNet": -896000,
        "incomeBeforeTax": 215442000,
        "incomeBeforeTaxRatio": 0.3759626275,
        "incomeTaxExpense": 60057000,
        "netIncome": 130613000,
        "netIncomeRatio": 0.2279295897,
        "eps": 0.78,
        "epsdiluted": 0.77,
        "weightedAverageShsOut": 168426000,
        "weightedAverageShsOutDil": 169694000,
        "link": "",
        "finalLink": ""
    },
    {
        "date": "2010-09-30",
        "symbol": "SNI",
        "reportedCurrency": "USD",
        "cik": "0000000000",
        "fillingDate": "2010-09-30",
        "acceptedDate": "2010-09-29 20:00:00",
        "calendarYear": "2010",
        "period": "Q3",
        "revenue": 508687000,
        "costOfRevenue": 241806000,
        "grossProfit": 266881000,
        "grossProfitRatio": 0.5246467867,
        "researchAndDevelopmentExpenses": 0,
        "generalAndAdministrativeExpenses": 0,
        "sellingAndMarketingExpenses": 43064000,
        "sellingGeneralAndAdministrativeExpenses": 43064000,
        "otherExpenses": 30238000,
        "operatingExpenses": 73302000,
        "costAndExpenses": 315108000,
        "interestIncome": 0,
        "interestExpense": 8774000,
        "depreciationAndAmortization": 39684000,
        "ebitda": 205440000,
        "ebitdaratio": 0.4038632794,
        "operatingIncome": 193579000,
        "operatingIncomeRatio": 0.3805463871,
        "totalOtherIncomeExpensesNet": -2153000,
        "incomeBeforeTax": 191426000,
        "incomeBeforeTaxRatio": 0.3763139219,
        "incomeTaxExpense": 55289000,
        "netIncome": 101693000,
        "netIncomeRatio": 0.1999127165,
        "eps": 0.61,
        "epsdiluted": 0.61,
        "weightedAverageShsOut": 166731000,
        "weightedAverageShsOutDil": 167791000,
        "link": "",
        "finalLink": ""
    },
    {
        "date": "2010-06-30",
        "symbol": "SNI",
        "reportedCurrency": "USD",
        "cik": "0000000000",
        "fillingDate": "2010-06-30",
        "acceptedDate": "2010-06-29 20:00:00",
        "calendarYear": "2010",
        "period": "Q2",
        "revenue": 516041000,
        "costOfRevenue": 245597000,
        "grossProfit": 270444000,
        "grossProfitRatio": 0.5240746375,
        "researchAndDevelopmentExpenses": 0,
        "generalAndAdministrativeExpenses": 0,
        "sellingAndMarketingExpenses": 42553000,
        "sellingGeneralAndAdministrativeExpenses": 42553000,
        "otherExpenses": 34339000,
        "operatingExpenses": 76892000,
        "costAndExpenses": 322489000,
        "interestIncome": 0,
        "interestExpense": 9291000,
        "depreciationAndAmortization": 41229000,
        "ebitda": 217431000,
        "ebitdaratio": 0.4213444281,
        "operatingIncome": 193552000,
        "operatingIncomeRatio": 0.375070973,
        "totalOtherIncomeExpensesNet": -1173000,
        "incomeBeforeTax": 192379000,
        "incomeBeforeTaxRatio": 0.3727978978,
        "incomeTaxExpense": 60703000,
        "netIncome": 106208000,
        "netIncomeRatio": 0.205813104,
        "eps": 0.64,
        "epsdiluted": 0.63,
        "weightedAverageShsOut": 166683000,
        "weightedAverageShsOutDil": 167802000,
        "link": "",
        "finalLink": ""
    },
    {
        "date": "2010-03-31",
        "symbol": "SNI",
        "reportedCurrency": "USD",
        "cik": "0000000000",
        "fillingDate": "2010-03-31",
        "acceptedDate": "2010-03-30 20:00:00",
        "calendarYear": "2010",
        "period": "Q1",
        "revenue": 469393000,
        "costOfRevenue": 294239000,
        "grossProfit": 175154000,
        "grossProfitRatio": 0.3731500044,
        "researchAndDevelopmentExpenses": 0,
        "generalAndAdministrativeExpenses": 0,
        "sellingAndMarketingExpenses": 56422000,
        "sellingGeneralAndAdministrativeExpenses": 56422000,
        "otherExpenses": -24827000,
        "operatingExpenses": 31595000,
        "costAndExpenses": 325834000,
        "interestIncome": 0,
        "interestExpense": 8481000,
        "depreciationAndAmortization": 38554000,
        "ebitda": 164368000,
        "ebitdaratio": 0.3501713916,
        "operatingIncome": 143559000,
        "operatingIncomeRatio": 0.3058396695,
        "totalOtherIncomeExpensesNet": -2902000,
        "incomeBeforeTax": 140657000,
        "incomeBeforeTaxRatio": 0.2996572169,
        "incomeTaxExpense": 44875000,
        "netIncome": 72458000,
        "netIncomeRatio": 0.1543653186,
        "eps": 0.44,
        "epsdiluted": 0.43,
        "weightedAverageShsOut": 166119928,
        "weightedAverageShsOutDil": 167031000,
        "link": "",
        "finalLink": ""
    },
    {
        "date": "2009-12-31",
        "symbol": "SNI",
        "reportedCurrency": "USD",
        "cik": "0000000000",
        "fillingDate": "2009-12-31",
        "acceptedDate": "2009-12-30 19:00:00",
        "calendarYear": "2009",
        "period": "Q4",
        "revenue": 429739000,
        "costOfRevenue": 235060000,
        "grossProfit": 194679000,
        "grossProfitRatio": 0.4530168311,
        "researchAndDevelopmentExpenses": 0,
        "generalAndAdministrativeExpenses": 0,
        "sellingAndMarketingExpenses": 42661000,
        "sellingGeneralAndAdministrativeExpenses": 42661000,
        "otherExpenses": 24442000,
        "operatingExpenses": 67103000,
        "costAndExpenses": 302163000,
        "interestIncome": 0,
        "interestExpense": 1789000,
        "depreciationAndAmortization": 32425000,
        "ebitda": 159593000,
        "ebitdaratio": 0.3713719258,
        "operatingIncome": 127576000,
        "operatingIncomeRatio": 0.2968685644,
        "totalOtherIncomeExpensesNet": -8504000,
        "incomeBeforeTax": 119072000,
        "incomeBeforeTaxRatio": 0.2770798089,
        "incomeTaxExpense": 31025000,
        "netIncome": 94354000,
        "netIncomeRatio": 0.2195611755,
        "eps": 0.57,
        "epsdiluted": 0.56,
        "weightedAverageShsOut": 166119928,
        "weightedAverageShsOutDil": 167031000,
        "link": "",
        "finalLink": ""
    },
    {
        "date": "2009-09-30",
        "symbol": "SNI",
        "reportedCurrency": "USD",
        "cik": "0000000000",
        "fillingDate": "2009-09-30",
        "acceptedDate": "2009-09-29 20:00:00",
        "calendarYear": "2009",
        "period": "Q3",
        "revenue": 364461000,
        "costOfRevenue": 189117000,
        "grossProfit": 175344000,
        "grossProfitRatio": 0.4811049742,
        "researchAndDevelopmentExpenses": 0,
        "generalAndAdministrativeExpenses": 0,
        "sellingAndMarketingExpenses": 31080000,
        "sellingGeneralAndAdministrativeExpenses": 31080000,
        "otherExpenses": 21564000,
        "operatingExpenses": 52644000,
        "costAndExpenses": 241761000,
        "interestIncome": 0,
        "interestExpense": 285000,
        "depreciationAndAmortization": 29837000,
        "ebitda": 136986000,
        "ebitdaratio": 0.3758591454,
        "operatingIncome": 122700000,
        "operatingIncomeRatio": 0.3366615358,
        "totalOtherIncomeExpensesNet": 3267000,
        "incomeBeforeTax": 125967000,
        "incomeBeforeTaxRatio": 0.3456254579,
        "incomeTaxExpense": 41544000,
        "netIncome": 65320000,
        "netIncomeRatio": 0.1792235658,
        "eps": 0.4,
        "epsdiluted": 0.39,
        "weightedAverageShsOut": 165329000,
        "weightedAverageShsOutDil": 165736000,
        "link": "",
        "finalLink": ""
    },
    {
        "date": "2009-06-30",
        "symbol": "SNI",
        "reportedCurrency": "USD",
        "cik": "0000000000",
        "fillingDate": "2009-06-30",
        "acceptedDate": "2009-06-29 20:00:00",
        "calendarYear": "2009",
        "period": "Q2",
        "revenue": 391272000,
        "costOfRevenue": 189898000,
        "grossProfit": 201374000,
        "grossProfitRatio": 0.5146649901,
        "researchAndDevelopmentExpenses": 0,
        "generalAndAdministrativeExpenses": 0,
        "sellingAndMarketingExpenses": 35231000,
        "sellingGeneralAndAdministrativeExpenses": 35231000,
        "otherExpenses": 19501000,
        "operatingExpenses": 54732000,
        "costAndExpenses": 244630000,
        "interestIncome": 0,
        "interestExpense": 399000,
        "depreciationAndAmortization": 27754000,
        "ebitda": 155181000,
        "ebitdaratio": 0.3966064528,
        "operatingIncome": 146642000,
        "operatingIncomeRatio": 0.3747827598,
        "totalOtherIncomeExpensesNet": 5709000,
        "incomeBeforeTax": 152351000,
        "incomeBeforeTaxRatio": 0.3893736327,
        "incomeTaxExpense": 47504000,
        "netIncome": 79524000,
        "netIncomeRatio": 0.2032448016,
        "eps": 0.49,
        "epsdiluted": 0.48,
        "weightedAverageShsOut": 163954000,
        "weightedAverageShsOutDil": 164396000,
        "link": "",
        "finalLink": ""
    },
    {
        "date": "2009-03-31",
        "symbol": "SNI",
        "reportedCurrency": "USD",
        "cik": "0000000000",
        "fillingDate": "2009-03-31",
        "acceptedDate": "2009-03-30 20:00:00",
        "calendarYear": "2009",
        "period": "Q1",
        "revenue": 361217000,
        "costOfRevenue": 184549000,
        "grossProfit": 176668000,
        "grossProfitRatio": 0.489091045,
        "researchAndDevelopmentExpenses": 0,
        "generalAndAdministrativeExpenses": 0,
        "sellingAndMarketingExpenses": 37393000,
        "sellingGeneralAndAdministrativeExpenses": 37393000,
        "otherExpenses": 20013000,
        "operatingExpenses": 57406000,
        "costAndExpenses": 241955000,
        "interestIncome": 0,
        "interestExpense": 330000,
        "depreciationAndAmortization": 29284000,
        "ebitda": 130155000,
        "ebitdaratio": 0.3603235728,
        "operatingIncome": 119262000,
        "operatingIncomeRatio": 0.3301671848,
        "totalOtherIncomeExpensesNet": 1050000,
        "incomeBeforeTax": 120312000,
        "incomeBeforeTaxRatio": 0.3330740248,
        "incomeTaxExpense": 40413000,
        "netIncome": 60128000,
        "netIncomeRatio": 0.1664594966,
        "eps": 0.37,
        "epsdiluted": 0.37,
        "weightedAverageShsOut": 163516000,
        "weightedAverageShsOutDil": 163516000,
        "link": "",
        "finalLink": ""
    },
    {
        "date": "2008-12-31",
        "symbol": "SNI",
        "reportedCurrency": "USD",
        "cik": "0000000000",
        "fillingDate": "2008-12-31",
        "acceptedDate": "2008-12-30 19:00:00",
        "calendarYear": "2008",
        "period": "Q4",
        "revenue": 411520000,
        "costOfRevenue": 242214000,
        "grossProfit": 169306000,
        "grossProfitRatio": 0.4114162131,
        "researchAndDevelopmentExpenses": 0,
        "generalAndAdministrativeExpenses": 0,
        "sellingAndMarketingExpenses": 0,
        "sellingGeneralAndAdministrativeExpenses": -11576000,
        "otherExpenses": 263823000,
        "operatingExpenses": 252247000,
        "costAndExpenses": 494461000,
        "interestIncome": 0,
        "interestExpense": 1528000,
        "depreciationAndAmortization": 52726000,
        "ebitda": -52163000,
        "ebitdaratio": -0.1267569012,
        "operatingIncome": -82941000,
        "operatingIncomeRatio": -0.2015479199,
        "totalOtherIncomeExpensesNet": 2894000,
        "incomeBeforeTax": -80047000,
        "incomeBeforeTaxRatio": -0.1945154549,
        "incomeTaxExpense": 47130000,
        "netIncome": -153547000,
        "netIncomeRatio": -0.373121598,
        "eps": -0.94,
        "epsdiluted": -0.94,
        "weightedAverageShsOut": 163516000,
        "weightedAverageShsOutDil": 163516000,
        "link": "",
        "finalLink": ""
    },
    {
        "date": "2008-09-30",
        "symbol": "SNI",
        "reportedCurrency": "USD",
        "cik": "0000000000",
        "fillingDate": "2008-09-30",
        "acceptedDate": "2008-09-29 20:00:00",
        "calendarYear": "2008",
        "period": "Q3",
        "revenue": 374711000,
        "costOfRevenue": 168396000,
        "grossProfit": 206315000,
        "grossProfitRatio": 0.5505976606,
        "researchAndDevelopmentExpenses": 0,
        "generalAndAdministrativeExpenses": 0,
        "sellingAndMarketingExpenses": 0,
        "sellingGeneralAndAdministrativeExpenses": 71281000,
        "otherExpenses": 18635000,
        "operatingExpenses": 89916000,
        "costAndExpenses": 258312000,
        "interestIncome": 0,
        "interestExpense": 1569000,
        "depreciationAndAmortization": -110520000,
        "ebitda": -7107000,
        "ebitdaratio": -0.0189666169,
        "operatingIncome": 116399000,
        "operatingIncomeRatio": 0.3106367307,
        "totalOtherIncomeExpensesNet": 4766000,
        "incomeBeforeTax": 121165000,
        "incomeBeforeTaxRatio": 0.3233558663,
        "incomeTaxExpense": 44517000,
        "netIncome": 57327000,
        "netIncomeRatio": 0.1529899042,
        "eps": 0.35,
        "epsdiluted": 0.35,
        "weightedAverageShsOut": 163152000,
        "weightedAverageShsOutDil": 164472000,
        "link": "",
        "finalLink": ""
    },
    {
        "date": "2008-06-30",
        "symbol": "SNI",
        "reportedCurrency": "USD",
        "cik": "0000000000",
        "fillingDate": "2008-06-30",
        "acceptedDate": "2008-06-29 20:00:00",
        "calendarYear": "2008",
        "period": "Q2",
        "revenue": 416074000,
        "costOfRevenue": 183976000,
        "grossProfit": 232098000,
        "grossProfitRatio": 0.5578286555,
        "researchAndDevelopmentExpenses": 0,
        "generalAndAdministrativeExpenses": 0,
        "sellingAndMarketingExpenses": 0,
        "sellingGeneralAndAdministrativeExpenses": 51101000,
        "otherExpenses": 18257000,
        "operatingExpenses": 69358000,
        "costAndExpenses": 253334000,
        "interestIncome": 0,
        "interestExpense": 5289000,
        "depreciationAndAmortization": 76555000,
        "ebitda": 193720000,
        "ebitdaratio": 0.4655902556,
        "operatingIncome": 162740000,
        "operatingIncomeRatio": 0.3911323466,
        "totalOtherIncomeExpensesNet": -26431000,
        "incomeBeforeTax": 136309000,
        "incomeBeforeTaxRatio": 0.327607589,
        "incomeTaxExpense": 58604000,
        "netIncome": 53272000,
        "netIncomeRatio": 0.1280349169,
        "eps": 0.33,
        "epsdiluted": 0.33,
        "weightedAverageShsOut": 161430303,
        "weightedAverageShsOutDil": 161430303,
        "link": "",
        "finalLink": ""
    },
    {
        "date": "2008-03-31",
        "symbol": "SNI",
        "reportedCurrency": "USD",
        "cik": "0000000000",
        "fillingDate": "2008-03-31",
        "acceptedDate": "2008-03-30 20:00:00",
        "calendarYear": "2008",
        "period": "Q1",
        "revenue": 388332000,
        "costOfRevenue": 178780000,
        "grossProfit": 209552000,
        "grossProfitRatio": 0.5396207369,
        "researchAndDevelopmentExpenses": 0,
        "generalAndAdministrativeExpenses": 0,
        "sellingAndMarketingExpenses": 0,
        "sellingGeneralAndAdministrativeExpenses": 55898000,
        "otherExpenses": 17710000,
        "operatingExpenses": 73608000,
        "costAndExpenses": 252388000,
        "interestIncome": 0,
        "interestExpense": 5821000,
        "depreciationAndAmortization": 88567000,
        "ebitda": 204013000,
        "ebitdaratio": 0.5253571686,
        "operatingIncome": 135944000,
        "operatingIncomeRatio": 0.3500715882,
        "totalOtherIncomeExpensesNet": -4052000,
        "incomeBeforeTax": 131892000,
        "incomeBeforeTaxRatio": 0.3396372176,
        "incomeTaxExpense": 43120000,
        "netIncome": 66505000,
        "netIncomeRatio": 0.1712580987,
        "eps": 0.41,
        "epsdiluted": 0.41,
        "weightedAverageShsOut": 163100000,
        "weightedAverageShsOutDil": 163219000,
        "link": "",
        "finalLink": ""
    },
    {
        "date": "2007-12-31",
        "symbol": "SNI",
        "reportedCurrency": "USD",
        "cik": "0000000000",
        "fillingDate": "2007-12-31",
        "acceptedDate": "2007-12-30 19:00:00",
        "calendarYear": "2007",
        "period": "Q4",
        "revenue": 397717000,
        "costOfRevenue": 0,
        "grossProfit": 397717000,
        "grossProfitRatio": 1,
        "researchAndDevelopmentExpenses": 0,
        "generalAndAdministrativeExpenses": 0,
        "sellingAndMarketingExpenses": 0,
        "sellingGeneralAndAdministrativeExpenses": -139794000,
        "otherExpenses": -290213000,
        "operatingExpenses": -430007000,
        "costAndExpenses": -430007000,
        "interestIncome": 0,
        "interestExpense": 7662000,
        "depreciationAndAmortization": 259232000,
        "ebitda": -6846000,
        "ebitdaratio": -0.0172132446,
        "operatingIncome": 165614000,
        "operatingIncomeRatio": 0.4164116696,
        "totalOtherIncomeExpensesNet": -413367000,
        "incomeBeforeTax": -247753000,
        "incomeBeforeTaxRatio": -0.6229379182,
        "incomeTaxExpense": 25059000,
        "netIncome": -298799000,
        "netIncomeRatio": -0.7512854618,
        "eps": -1.83,
        "epsdiluted": -1.83,
        "weightedAverageShsOut": 163100000,
        "weightedAverageShsOutDil": 163219000,
        "link": "",
        "finalLink": ""
    },
    {
        "date": "2007-09-30",
        "symbol": "SNI",
        "reportedCurrency": "USD",
        "cik": "0000000000",
        "fillingDate": "2007-09-30",
        "acceptedDate": "2007-09-29 20:00:00",
        "calendarYear": "2007",
        "period": "Q3",
        "revenue": 343965000,
        "costOfRevenue": 0,
        "grossProfit": 343965000,
        "grossProfitRatio": 1,
        "researchAndDevelopmentExpenses": 0,
        "generalAndAdministrativeExpenses": 58910000,
        "sellingAndMarketingExpenses": 39602000,
        "sellingGeneralAndAdministrativeExpenses": 98512000,
        "otherExpenses": 132110000,
        "operatingExpenses": 230622000,
        "costAndExpenses": 230622000,
        "interestIncome": 0,
        "interestExpense": 8810000,
        "depreciationAndAmortization": -78060000,
        "ebitda": 22864000,
        "ebitdaratio": 0.0664718794,
        "operatingIncome": 113343000,
        "operatingIncomeRatio": 0.3295189918,
        "totalOtherIncomeExpensesNet": -3696000,
        "incomeBeforeTax": 109647000,
        "incomeBeforeTaxRatio": 0.3187737124,
        "incomeTaxExpense": 34216000,
        "netIncome": 57898000,
        "netIncomeRatio": 0.1683252657,
        "eps": 0.35,
        "epsdiluted": 0.35,
        "weightedAverageShsOut": 163466000,
        "weightedAverageShsOutDil": 163466000,
        "link": "",
        "finalLink": ""
    },
    {
        "date": "2007-06-30",
        "symbol": "SNI",
        "reportedCurrency": "USD",
        "cik": "0000000000",
        "fillingDate": "2007-06-30",
        "acceptedDate": "2007-06-29 20:00:00",
        "calendarYear": "2007",
        "period": "Q2",
        "revenue": 367170000,
        "costOfRevenue": 0,
        "grossProfit": 367170000,
        "grossProfitRatio": 1,
        "researchAndDevelopmentExpenses": 0,
        "generalAndAdministrativeExpenses": 0,
        "sellingAndMarketingExpenses": 44985000,
        "sellingGeneralAndAdministrativeExpenses": 44985000,
        "otherExpenses": 185479000,
        "operatingExpenses": 230464000,
        "costAndExpenses": 230464000,
        "interestIncome": 0,
        "interestExpense": 10212000,
        "depreciationAndAmortization": 82450000,
        "ebitda": 204432000,
        "ebitdaratio": 0.5567775145,
        "operatingIncome": 136706000,
        "operatingIncomeRatio": 0.3723234469,
        "totalOtherIncomeExpensesNet": -3800000,
        "incomeBeforeTax": 132906000,
        "incomeBeforeTaxRatio": 0.3619740175,
        "incomeTaxExpense": 41552000,
        "netIncome": 70218000,
        "netIncomeRatio": 0.1912411145,
        "eps": 0.43,
        "epsdiluted": 0.43,
        "weightedAverageShsOut": 163297674,
        "weightedAverageShsOutDil": 163297674,
        "link": "",
        "finalLink": ""
    },
    {
        "date": "2007-03-31",
        "symbol": "SNI",
        "reportedCurrency": "USD",
        "cik": "0000000000",
        "fillingDate": "2007-03-31",
        "acceptedDate": "2007-03-30 20:00:00",
        "calendarYear": "2007",
        "period": "Q1",
        "revenue": 332413000,
        "costOfRevenue": 0,
        "grossProfit": 332413000,
        "grossProfitRatio": 1,
        "researchAndDevelopmentExpenses": 0,
        "generalAndAdministrativeExpenses": 0,
        "sellingAndMarketingExpenses": 58412000,
        "sellingGeneralAndAdministrativeExpenses": 58412000,
        "otherExpenses": 184202000,
        "operatingExpenses": 242614000,
        "costAndExpenses": 242614000,
        "interestIncome": 0,
        "interestExpense": 10086000,
        "depreciationAndAmortization": 80508000,
        "ebitda": 160430000,
        "ebitdaratio": 0.4826225208,
        "operatingIncome": 89799000,
        "operatingIncomeRatio": 0.2701428644,
        "totalOtherIncomeExpensesNet": -6046000,
        "incomeBeforeTax": 83753000,
        "incomeBeforeTaxRatio": 0.2519546468,
        "incomeTaxExpense": 25560000,
        "netIncome": 44276000,
        "netIncomeRatio": 0.1331957535,
        "eps": 0.27,
        "epsdiluted": 0.27,
        "weightedAverageShsOut": 163297674,
        "weightedAverageShsOutDil": 163297674,
        "link": "",
        "finalLink": ""
    }
]