[
    {
        "date": "2025-09-27",
        "symbol": "SPXC",
        "reportedCurrency": "USD",
        "cik": "0000088205",
        "fillingDate": "2025-10-31",
        "acceptedDate": "2025-10-30 17:55:31",
        "calendarYear": "2025",
        "period": "Q3",
        "revenue": 592800000,
        "costOfRevenue": 377900000,
        "grossProfit": 214900000,
        "grossProfitRatio": 0.4040148448,
        "researchAndDevelopmentExpenses": 0,
        "generalAndAdministrativeExpenses": 0,
        "sellingAndMarketingExpenses": 0,
        "sellingGeneralAndAdministrativeExpenses": 117700000,
        "otherExpenses": 0,
        "operatingExpenses": 117700000,
        "costAndExpenses": 495600000,
        "interestIncome": 1100000,
        "interestExpense": 12000000,
        "depreciationAndAmortization": 32400000,
        "ebitda": 125900000,
        "ebitdaratio": 0.2123819163,
        "operatingIncome": 97200000,
        "operatingIncomeRatio": 0.1637989204,
        "totalOtherIncomeExpensesNet": -15700000,
        "incomeBeforeTax": 81500000,
        "incomeBeforeTaxRatio": 0.1374831309,
        "incomeTaxExpense": 18400000,
        "netIncome": 63100000,
        "netIncomeRatio": 0.1064439946,
        "eps": 1.3,
        "epsdiluted": 1.28,
        "weightedAverageShsOut": 48170000,
        "weightedAverageShsOutDil": 48919000,
        "link": "https://www.sec.gov/Archives/edgar/data/88205/000008820525000073/0000088205-25-000073-index.htm",
        "finalLink": "https://www.sec.gov/Archives/edgar/data/88205/000008820525000073/spxc-20250927.htm"
    },
    {
        "date": "2025-06-28",
        "symbol": "SPXC",
        "reportedCurrency": "USD",
        "cik": "0000088205",
        "fillingDate": "2025-08-01",
        "acceptedDate": "2025-07-31 17:52:36",
        "calendarYear": "2025",
        "period": "Q2",
        "revenue": 552400000,
        "costOfRevenue": 323500000,
        "grossProfit": 228900000,
        "grossProfitRatio": 0.4143736423,
        "researchAndDevelopmentExpenses": 0,
        "generalAndAdministrativeExpenses": 0,
        "sellingAndMarketingExpenses": 0,
        "sellingGeneralAndAdministrativeExpenses": 117200000,
        "otherExpenses": 25100000,
        "operatingExpenses": 142300000,
        "costAndExpenses": 465800000,
        "interestIncome": 1000000,
        "interestExpense": 15600000,
        "depreciationAndAmortization": 32500000,
        "ebitda": 118000000,
        "ebitdaratio": 0.2136133237,
        "operatingIncome": 86600000,
        "operatingIncomeRatio": 0.1567704562,
        "totalOtherIncomeExpensesNet": -16700000,
        "incomeBeforeTax": 69900000,
        "incomeBeforeTaxRatio": 0.12653874,
        "incomeTaxExpense": 17400000,
        "netIncome": 52200000,
        "netIncomeRatio": 0.0944967415,
        "eps": 1.12,
        "epsdiluted": 1.1,
        "weightedAverageShsOut": 46716000,
        "weightedAverageShsOutDil": 47396000,
        "link": "https://www.sec.gov/Archives/edgar/data/88205/000008820525000062/0000088205-25-000062-index.htm",
        "finalLink": "https://www.sec.gov/Archives/edgar/data/88205/000008820525000062/spxc-20250628.htm"
    },
    {
        "date": "2025-03-29",
        "symbol": "SPXC",
        "reportedCurrency": "USD",
        "cik": "0000088205",
        "fillingDate": "2025-05-02",
        "acceptedDate": "2025-05-01 17:37:42",
        "calendarYear": "2025",
        "period": "Q1",
        "revenue": 482600000,
        "costOfRevenue": 286700000,
        "grossProfit": 195900000,
        "grossProfitRatio": 0.4059262329,
        "researchAndDevelopmentExpenses": 0,
        "generalAndAdministrativeExpenses": 0,
        "sellingAndMarketingExpenses": 0,
        "sellingGeneralAndAdministrativeExpenses": 109500000,
        "otherExpenses": 19800000,
        "operatingExpenses": 129300000,
        "costAndExpenses": 416000000,
        "interestIncome": 900000,
        "interestExpense": 12300000,
        "depreciationAndAmortization": 27000000,
        "ebitda": 97200000,
        "ebitdaratio": 0.2014090344,
        "operatingIncome": 66600000,
        "operatingIncomeRatio": 0.1380024865,
        "totalOtherIncomeExpensesNet": -8700000,
        "incomeBeforeTax": 57900000,
        "incomeBeforeTaxRatio": 0.1199751347,
        "incomeTaxExpense": 6200000,
        "netIncome": 51200000,
        "netIncomeRatio": 0.1060920017,
        "eps": 1.11,
        "epsdiluted": 1.1,
        "weightedAverageShsOut": 46453000,
        "weightedAverageShsOutDil": 47122000,
        "link": "https://www.sec.gov/Archives/edgar/data/88205/000008820525000037/0000088205-25-000037-index.htm",
        "finalLink": "https://www.sec.gov/Archives/edgar/data/88205/000008820525000037/spxc-20250329.htm"
    },
    {
        "date": "2024-12-31",
        "symbol": "SPXC",
        "reportedCurrency": "USD",
        "cik": "0000088205",
        "fillingDate": "2025-02-26",
        "acceptedDate": "2025-02-25 17:47:42",
        "calendarYear": "2024",
        "period": "Q4",
        "revenue": 533700000,
        "costOfRevenue": 315600000,
        "grossProfit": 218100000,
        "grossProfitRatio": 0.4086565486,
        "researchAndDevelopmentExpenses": 0,
        "generalAndAdministrativeExpenses": 0,
        "sellingAndMarketingExpenses": 0,
        "sellingGeneralAndAdministrativeExpenses": 108900000,
        "otherExpenses": 19000000,
        "operatingExpenses": 127900000,
        "costAndExpenses": 443500000,
        "interestIncome": 900000,
        "interestExpense": 11000000,
        "depreciationAndAmortization": 23700000,
        "ebitda": 112600000,
        "ebitdaratio": 0.2109799513,
        "operatingIncome": 90200000,
        "operatingIncomeRatio": 0.1690088064,
        "totalOtherIncomeExpensesNet": -12300000,
        "incomeBeforeTax": 77900000,
        "incomeBeforeTaxRatio": 0.145962151,
        "incomeTaxExpense": 21400000,
        "netIncome": 57100000,
        "netIncomeRatio": 0.1069889451,
        "eps": 1.22,
        "epsdiluted": 1.2,
        "weightedAverageShsOut": 46187000,
        "weightedAverageShsOutDil": 47366000,
        "link": "https://www.sec.gov/Archives/edgar/data/88205/000008820525000007/0000088205-25-000007-index.htm",
        "finalLink": "https://www.sec.gov/Archives/edgar/data/88205/000008820525000007/spxc-20241231.htm"
    },
    {
        "date": "2024-09-28",
        "symbol": "SPXC",
        "reportedCurrency": "USD",
        "cik": "0000088205",
        "fillingDate": "2024-10-31",
        "acceptedDate": "2024-10-30 17:46:23",
        "calendarYear": "2024",
        "period": "Q3",
        "revenue": 483700000,
        "costOfRevenue": 286100000,
        "grossProfit": 197600000,
        "grossProfitRatio": 0.4085176762,
        "researchAndDevelopmentExpenses": 0,
        "generalAndAdministrativeExpenses": 0,
        "sellingAndMarketingExpenses": 0,
        "sellingGeneralAndAdministrativeExpenses": 101600000,
        "otherExpenses": 17100000,
        "operatingExpenses": 118700000,
        "costAndExpenses": 404800000,
        "interestIncome": 600000,
        "interestExpense": 12100000,
        "depreciationAndAmortization": 23500000,
        "ebitda": 101600000,
        "ebitdaratio": 0.2100475501,
        "operatingIncome": 78900000,
        "operatingIncomeRatio": 0.1631176349,
        "totalOtherIncomeExpensesNet": -12900000,
        "incomeBeforeTax": 66000000,
        "incomeBeforeTaxRatio": 0.1364482117,
        "incomeTaxExpense": 15100000,
        "netIncome": 50200000,
        "netIncomeRatio": 0.1037833368,
        "eps": 1.1,
        "epsdiluted": 1.08,
        "weightedAverageShsOut": 46305000,
        "weightedAverageShsOutDil": 47265000,
        "link": "https://www.sec.gov/Archives/edgar/data/88205/000008820524000059/0000088205-24-000059-index.htm",
        "finalLink": "https://www.sec.gov/Archives/edgar/data/88205/000008820524000059/spxc-20240928.htm"
    },
    {
        "date": "2024-06-29",
        "symbol": "SPXC",
        "reportedCurrency": "USD",
        "cik": "0000088205",
        "fillingDate": "2024-08-02",
        "acceptedDate": "2024-08-01 17:38:56",
        "calendarYear": "2024",
        "period": "Q2",
        "revenue": 501300000,
        "costOfRevenue": 300500000,
        "grossProfit": 200800000,
        "grossProfitRatio": 0.4005585478,
        "researchAndDevelopmentExpenses": 0,
        "generalAndAdministrativeExpenses": 0,
        "sellingAndMarketingExpenses": 0,
        "sellingGeneralAndAdministrativeExpenses": 101200000,
        "otherExpenses": 25000000,
        "operatingExpenses": 126200000,
        "costAndExpenses": 426700000,
        "interestIncome": 300000,
        "interestExpense": 12800000,
        "depreciationAndAmortization": 23400000,
        "ebitda": 96600000,
        "ebitdaratio": 0.1926989826,
        "operatingIncome": 74600000,
        "operatingIncomeRatio": 0.148813086,
        "totalOtherIncomeExpensesNet": -14200000,
        "incomeBeforeTax": 60400000,
        "incomeBeforeTaxRatio": 0.1204867345,
        "incomeTaxExpense": 15200000,
        "netIncome": 44200000,
        "netIncomeRatio": 0.088170756,
        "eps": 0.96,
        "epsdiluted": 0.94,
        "weightedAverageShsOut": 46246000,
        "weightedAverageShsOutDil": 47158000,
        "link": "https://www.sec.gov/Archives/edgar/data/88205/000008820524000050/0000088205-24-000050-index.htm",
        "finalLink": "https://www.sec.gov/Archives/edgar/data/88205/000008820524000050/spxc-20240629.htm"
    },
    {
        "date": "2024-03-30",
        "symbol": "SPXC",
        "reportedCurrency": "USD",
        "cik": "0000088205",
        "fillingDate": "2024-05-03",
        "acceptedDate": "2024-05-02 17:42:46",
        "calendarYear": "2024",
        "period": "Q1",
        "revenue": 465200000,
        "costOfRevenue": 282300000,
        "grossProfit": 182900000,
        "grossProfitRatio": 0.3931642304,
        "researchAndDevelopmentExpenses": 0,
        "generalAndAdministrativeExpenses": 0,
        "sellingAndMarketingExpenses": 0,
        "sellingGeneralAndAdministrativeExpenses": 102900000,
        "otherExpenses": 15400000,
        "operatingExpenses": 118300000,
        "costAndExpenses": 400600000,
        "interestIncome": 300000,
        "interestExpense": 9800000,
        "depreciationAndAmortization": 21000000,
        "ebitda": 81900000,
        "ebitdaratio": 0.1760533104,
        "operatingIncome": 64600000,
        "operatingIncomeRatio": 0.1388650043,
        "totalOtherIncomeExpensesNet": -13500000,
        "incomeBeforeTax": 51100000,
        "incomeBeforeTaxRatio": 0.1098452279,
        "incomeTaxExpense": 1900000,
        "netIncome": 49000000,
        "netIncomeRatio": 0.1053310404,
        "eps": 1.07,
        "epsdiluted": 1.05,
        "weightedAverageShsOut": 45828000,
        "weightedAverageShsOutDil": 46683000,
        "link": "https://www.sec.gov/Archives/edgar/data/88205/000008820524000039/0000088205-24-000039-index.htm",
        "finalLink": "https://www.sec.gov/Archives/edgar/data/88205/000008820524000039/spxc-20240330.htm"
    },
    {
        "date": "2023-12-31",
        "symbol": "SPXC",
        "reportedCurrency": "USD",
        "cik": "0000088205",
        "fillingDate": "2024-02-23",
        "acceptedDate": "2024-02-22 17:46:43",
        "calendarYear": "2023",
        "period": "Q4",
        "revenue": 469400000,
        "costOfRevenue": 281500000,
        "grossProfit": 187900000,
        "grossProfitRatio": 0.4002982531,
        "researchAndDevelopmentExpenses": 43300000,
        "generalAndAdministrativeExpenses": 0,
        "sellingAndMarketingExpenses": 0,
        "sellingGeneralAndAdministrativeExpenses": 103500000,
        "otherExpenses": -22000000,
        "operatingExpenses": 124800000,
        "costAndExpenses": 406300000,
        "interestIncome": 200000,
        "interestExpense": 9200000,
        "depreciationAndAmortization": 16800000,
        "ebitda": 67700000,
        "ebitdaratio": 0.1442266723,
        "operatingIncome": 63100000,
        "operatingIncomeRatio": 0.134426928,
        "totalOtherIncomeExpensesNet": -21400000,
        "incomeBeforeTax": 41700000,
        "incomeBeforeTaxRatio": 0.088836813,
        "incomeTaxExpense": 10100000,
        "netIncome": 31500000,
        "netIncomeRatio": 0.067106945,
        "eps": 0.69,
        "epsdiluted": 0.67,
        "weightedAverageShsOut": 45656000,
        "weightedAverageShsOutDil": 46873000,
        "link": "https://www.sec.gov/Archives/edgar/data/88205/000008820524000008/0000088205-24-000008-index.htm",
        "finalLink": "https://www.sec.gov/Archives/edgar/data/88205/000008820524000008/spxc-20231231.htm"
    },
    {
        "date": "2023-09-30",
        "symbol": "SPXC",
        "reportedCurrency": "USD",
        "cik": "0000088205",
        "fillingDate": "2023-11-03",
        "acceptedDate": "2023-11-02 17:43:26",
        "calendarYear": "2023",
        "period": "Q3",
        "revenue": 448700000,
        "costOfRevenue": 280100000,
        "grossProfit": 168600000,
        "grossProfitRatio": 0.3757521729,
        "researchAndDevelopmentExpenses": 0,
        "generalAndAdministrativeExpenses": 0,
        "sellingAndMarketingExpenses": 0,
        "sellingGeneralAndAdministrativeExpenses": 96300000,
        "otherExpenses": 14600000,
        "operatingExpenses": 110900000,
        "costAndExpenses": 391000000,
        "interestIncome": 800000,
        "interestExpense": 10200000,
        "depreciationAndAmortization": 19700000,
        "ebitda": 78000000,
        "ebitdaratio": 0.1738355248,
        "operatingIncome": 57700000,
        "operatingIncomeRatio": 0.1285937152,
        "totalOtherIncomeExpensesNet": -9600000,
        "incomeBeforeTax": 48100000,
        "incomeBeforeTaxRatio": 0.1071985737,
        "incomeTaxExpense": 12400000,
        "netIncome": -20400000,
        "netIncomeRatio": -0.0454646757,
        "eps": -0.45,
        "epsdiluted": -0.45,
        "weightedAverageShsOut": 45608000,
        "weightedAverageShsOutDil": 46751000,
        "link": "https://www.sec.gov/Archives/edgar/data/88205/000008820523000037/0000088205-23-000037-index.htm",
        "finalLink": "https://www.sec.gov/Archives/edgar/data/88205/000008820523000037/spxc-20230930.htm"
    },
    {
        "date": "2023-07-01",
        "symbol": "SPXC",
        "reportedCurrency": "USD",
        "cik": "0000088205",
        "fillingDate": "2023-08-03",
        "acceptedDate": "2023-08-02 18:00:52",
        "calendarYear": "2023",
        "period": "Q2",
        "revenue": 423300000,
        "costOfRevenue": 259700000,
        "grossProfit": 163600000,
        "grossProfitRatio": 0.386487125,
        "researchAndDevelopmentExpenses": 0,
        "generalAndAdministrativeExpenses": 0,
        "sellingAndMarketingExpenses": 0,
        "sellingGeneralAndAdministrativeExpenses": 100800000,
        "otherExpenses": 11500000,
        "operatingExpenses": 112300000,
        "costAndExpenses": 372000000,
        "interestIncome": 200000,
        "interestExpense": 5400000,
        "depreciationAndAmortization": 16000000,
        "ebitda": 67500000,
        "ebitdaratio": 0.1594613749,
        "operatingIncome": 51300000,
        "operatingIncomeRatio": 0.1211906449,
        "totalOtherIncomeExpensesNet": -5200000,
        "incomeBeforeTax": 46100000,
        "incomeBeforeTaxRatio": 0.1089062131,
        "incomeTaxExpense": 7800000,
        "netIncome": 36000000,
        "netIncomeRatio": 0.0850460666,
        "eps": 0.79,
        "epsdiluted": 0.77,
        "weightedAverageShsOut": 45533000,
        "weightedAverageShsOutDil": 46627000,
        "link": "https://www.sec.gov/Archives/edgar/data/88205/000008820523000031/0000088205-23-000031-index.htm",
        "finalLink": "https://www.sec.gov/Archives/edgar/data/88205/000008820523000031/spxc-20230701.htm"
    },
    {
        "date": "2023-04-01",
        "symbol": "SPXC",
        "reportedCurrency": "USD",
        "cik": "0000088205",
        "fillingDate": "2023-05-05",
        "acceptedDate": "2023-05-04 18:38:09",
        "calendarYear": "2023",
        "period": "Q1",
        "revenue": 399800000,
        "costOfRevenue": 249900000,
        "grossProfit": 149900000,
        "grossProfitRatio": 0.3749374687,
        "researchAndDevelopmentExpenses": 0,
        "generalAndAdministrativeExpenses": 0,
        "sellingAndMarketingExpenses": 0,
        "sellingGeneralAndAdministrativeExpenses": 93800000,
        "otherExpenses": 6300000,
        "operatingExpenses": 100100000,
        "costAndExpenses": 350000000,
        "interestIncome": 500000,
        "interestExpense": 2400000,
        "depreciationAndAmortization": 10700000,
        "ebitda": 63500000,
        "ebitdaratio": 0.1588294147,
        "operatingIncome": 49800000,
        "operatingIncomeRatio": 0.1245622811,
        "totalOtherIncomeExpensesNet": 600000,
        "incomeBeforeTax": 50400000,
        "incomeBeforeTaxRatio": 0.1260630315,
        "incomeTaxExpense": 11300000,
        "netIncome": 42800000,
        "netIncomeRatio": 0.1070535268,
        "eps": 0.92,
        "epsdiluted": 0.92,
        "weightedAverageShsOut": 45382000,
        "weightedAverageShsOutDil": 46402000,
        "link": "https://www.sec.gov/Archives/edgar/data/88205/000008820523000019/0000088205-23-000019-index.htm",
        "finalLink": "https://www.sec.gov/Archives/edgar/data/88205/000008820523000019/spxc-20230401.htm"
    },
    {
        "date": "2022-12-31",
        "symbol": "SPXC",
        "reportedCurrency": "USD",
        "cik": "0000088205",
        "fillingDate": "2023-02-24",
        "acceptedDate": "2023-02-23 17:46:29",
        "calendarYear": "2022",
        "period": "Q4",
        "revenue": 429300000,
        "costOfRevenue": 267100000,
        "grossProfit": 162200000,
        "grossProfitRatio": 0.3778243652,
        "researchAndDevelopmentExpenses": 0,
        "generalAndAdministrativeExpenses": 0,
        "sellingAndMarketingExpenses": 0,
        "sellingGeneralAndAdministrativeExpenses": 94100000,
        "otherExpenses": 93000000,
        "operatingExpenses": 187100000,
        "costAndExpenses": 454200000,
        "interestIncome": 300000,
        "interestExpense": 2000000,
        "depreciationAndAmortization": 9500000,
        "ebitda": -10500000,
        "ebitdaratio": -0.0244584207,
        "operatingIncome": -24900000,
        "operatingIncomeRatio": -0.0580013976,
        "totalOtherIncomeExpensesNet": 2900000,
        "incomeBeforeTax": -22000000,
        "incomeBeforeTaxRatio": -0.0512462148,
        "incomeTaxExpense": 2800000,
        "netIncome": -27300000,
        "netIncomeRatio": -0.0635918938,
        "eps": -0.6,
        "epsdiluted": -0.6,
        "weightedAverageShsOut": 45236000,
        "weightedAverageShsOutDil": 45236000,
        "link": "https://www.sec.gov/Archives/edgar/data/88205/000008820523000007/0000088205-23-000007-index.htm",
        "finalLink": "https://www.sec.gov/Archives/edgar/data/88205/000008820523000007/spxc-20221231.htm"
    },
    {
        "date": "2022-10-01",
        "symbol": "SPXC",
        "reportedCurrency": "USD",
        "cik": "0000088205",
        "fillingDate": "2022-11-04",
        "acceptedDate": "2022-11-03 18:06:20",
        "calendarYear": "2022",
        "period": "Q3",
        "revenue": 370500000,
        "costOfRevenue": 237400000,
        "grossProfit": 133100000,
        "grossProfitRatio": 0.3592442645,
        "researchAndDevelopmentExpenses": 0,
        "generalAndAdministrativeExpenses": 0,
        "sellingAndMarketingExpenses": 0,
        "sellingGeneralAndAdministrativeExpenses": 89100000,
        "otherExpenses": 6700000,
        "operatingExpenses": 95800000,
        "costAndExpenses": 333200000,
        "interestIncome": 1000000,
        "interestExpense": 2600000,
        "depreciationAndAmortization": 11300000,
        "ebitda": 23900000,
        "ebitdaratio": 0.0645074224,
        "operatingIncome": 37300000,
        "operatingIncomeRatio": 0.1006747638,
        "totalOtherIncomeExpensesNet": -27300000,
        "incomeBeforeTax": 10000000,
        "incomeBeforeTaxRatio": 0.0269905533,
        "incomeTaxExpense": -2500000,
        "netIncome": 3100000,
        "netIncomeRatio": 0.0083670715,
        "eps": 0.07,
        "epsdiluted": 0.07,
        "weightedAverageShsOut": 45144000,
        "weightedAverageShsOutDil": 46132000,
        "link": "https://www.sec.gov/Archives/edgar/data/88205/000008820522000044/0000088205-22-000044-index.htm",
        "finalLink": "https://www.sec.gov/Archives/edgar/data/88205/000008820522000044/spxc-20221001.htm"
    },
    {
        "date": "2022-07-02",
        "symbol": "SPXC",
        "reportedCurrency": "USD",
        "cik": "0000088205",
        "fillingDate": "2022-08-05",
        "acceptedDate": "2022-08-04 18:48:33",
        "calendarYear": "2022",
        "period": "Q2",
        "revenue": 354000000,
        "costOfRevenue": 229400000,
        "grossProfit": 124600000,
        "grossProfitRatio": 0.3519774011,
        "researchAndDevelopmentExpenses": 0,
        "generalAndAdministrativeExpenses": 0,
        "sellingAndMarketingExpenses": 0,
        "sellingGeneralAndAdministrativeExpenses": 88300000,
        "otherExpenses": 9100000,
        "operatingExpenses": 97400000,
        "costAndExpenses": 326800000,
        "interestIncome": 300000,
        "interestExpense": 2300000,
        "depreciationAndAmortization": 11600000,
        "ebitda": 37400000,
        "ebitdaratio": 0.1056497175,
        "operatingIncome": 27200000,
        "operatingIncomeRatio": 0.0768361582,
        "totalOtherIncomeExpensesNet": -3700000,
        "incomeBeforeTax": 23500000,
        "incomeBeforeTaxRatio": 0.0663841808,
        "incomeTaxExpense": 4400000,
        "netIncome": 13000000,
        "netIncomeRatio": 0.0367231638,
        "eps": 0.29,
        "epsdiluted": 0.28,
        "weightedAverageShsOut": 45444000,
        "weightedAverageShsOutDil": 46289000,
        "link": "https://www.sec.gov/Archives/edgar/data/88205/000008820522000034/0000088205-22-000034-index.htm",
        "finalLink": "https://www.sec.gov/Archives/edgar/data/88205/000008820522000034/spxc-20220702.htm"
    },
    {
        "date": "2022-04-02",
        "symbol": "SPXC",
        "reportedCurrency": "USD",
        "cik": "0000088205",
        "fillingDate": "2022-05-05",
        "acceptedDate": "2022-05-04 17:58:12",
        "calendarYear": "2022",
        "period": "Q1",
        "revenue": 307100000,
        "costOfRevenue": 203100000,
        "grossProfit": 104000000,
        "grossProfitRatio": 0.3386519049,
        "researchAndDevelopmentExpenses": 0,
        "generalAndAdministrativeExpenses": 0,
        "sellingAndMarketingExpenses": 0,
        "sellingGeneralAndAdministrativeExpenses": 84200000,
        "otherExpenses": 8400000,
        "operatingExpenses": 92600000,
        "costAndExpenses": 295700000,
        "interestIncome": 100000,
        "interestExpense": 2400000,
        "depreciationAndAmortization": 14000000,
        "ebitda": 32000000,
        "ebitdaratio": 0.1042005861,
        "operatingIncome": 11400000,
        "operatingIncomeRatio": 0.0371214588,
        "totalOtherIncomeExpensesNet": 4200000,
        "incomeBeforeTax": 15600000,
        "incomeBeforeTaxRatio": 0.0507977857,
        "incomeTaxExpense": 2600000,
        "netIncome": 11400000,
        "netIncomeRatio": 0.0371214588,
        "eps": 0.25,
        "epsdiluted": 0.25,
        "weightedAverageShsOut": 45554000,
        "weightedAverageShsOutDil": 46445000,
        "link": "https://www.sec.gov/Archives/edgar/data/88205/000008820522000021/0000088205-22-000021-index.htm",
        "finalLink": "https://www.sec.gov/Archives/edgar/data/88205/000008820522000021/spxc-20220402.htm"
    },
    {
        "date": "2021-12-31",
        "symbol": "SPXC",
        "reportedCurrency": "USD",
        "cik": "0000088205",
        "fillingDate": "2022-02-25",
        "acceptedDate": "2022-02-25 17:32:32",
        "calendarYear": "2021",
        "period": "Q4",
        "revenue": 349100000,
        "costOfRevenue": 217300000,
        "grossProfit": 131800000,
        "grossProfitRatio": 0.3775422515,
        "researchAndDevelopmentExpenses": 0,
        "generalAndAdministrativeExpenses": 0,
        "sellingAndMarketingExpenses": 0,
        "sellingGeneralAndAdministrativeExpenses": 74900000,
        "otherExpenses": 27900000,
        "operatingExpenses": 102800000,
        "costAndExpenses": 320100000,
        "interestIncome": 100000,
        "interestExpense": 2200000,
        "depreciationAndAmortization": 10200000,
        "ebitda": 31100000,
        "ebitdaratio": 0.0890862217,
        "operatingIncome": 29000000,
        "operatingIncomeRatio": 0.0830707534,
        "totalOtherIncomeExpensesNet": -10300000,
        "incomeBeforeTax": 18700000,
        "incomeBeforeTaxRatio": 0.0535663134,
        "incomeTaxExpense": 1100000,
        "netIncome": 6000000,
        "netIncomeRatio": 0.0171870524,
        "eps": 0.14,
        "epsdiluted": 0.14,
        "weightedAverageShsOut": 45427000,
        "weightedAverageShsOutDil": 46705000,
        "link": "https://www.sec.gov/Archives/edgar/data/88205/000008820522000013/0000088205-22-000013-index.htm",
        "finalLink": "https://www.sec.gov/Archives/edgar/data/88205/000008820522000013/spxc-20211231.htm"
    },
    {
        "date": "2021-10-02",
        "symbol": "SPXC",
        "reportedCurrency": "USD",
        "cik": "0000088205",
        "fillingDate": "2021-11-04",
        "acceptedDate": "2021-11-03 17:56:35",
        "calendarYear": "2021",
        "period": "Q3",
        "revenue": 285700000,
        "costOfRevenue": 189900000,
        "grossProfit": 95800000,
        "grossProfitRatio": 0.3353167658,
        "researchAndDevelopmentExpenses": 0,
        "generalAndAdministrativeExpenses": 0,
        "sellingAndMarketingExpenses": 0,
        "sellingGeneralAndAdministrativeExpenses": 72700000,
        "otherExpenses": 5400000,
        "operatingExpenses": 78100000,
        "costAndExpenses": 268000000,
        "interestIncome": 100000,
        "interestExpense": 3500000,
        "depreciationAndAmortization": 12000000,
        "ebitda": 33600000,
        "ebitdaratio": 0.1176058803,
        "operatingIncome": 17700000,
        "operatingIncomeRatio": 0.0619530977,
        "totalOtherIncomeExpensesNet": 400000,
        "incomeBeforeTax": 18100000,
        "incomeBeforeTaxRatio": 0.0633531677,
        "incomeTaxExpense": 4200000,
        "netIncome": 330300000,
        "netIncomeRatio": 1.1561078054,
        "eps": 7.3,
        "epsdiluted": 7.1,
        "weightedAverageShsOut": 45331000,
        "weightedAverageShsOutDil": 46650000,
        "link": "https://www.sec.gov/Archives/edgar/data/88205/000008820521000042/0000088205-21-000042-index.htm",
        "finalLink": "https://www.sec.gov/Archives/edgar/data/88205/000008820521000042/spxc-20211002.htm"
    },
    {
        "date": "2021-07-03",
        "symbol": "SPXC",
        "reportedCurrency": "USD",
        "cik": "0000088205",
        "fillingDate": "2021-08-06",
        "acceptedDate": "2021-08-05 18:46:21",
        "calendarYear": "2021",
        "period": "Q2",
        "revenue": 296600000,
        "costOfRevenue": 194300000,
        "grossProfit": 102300000,
        "grossProfitRatio": 0.3449089683,
        "researchAndDevelopmentExpenses": 0,
        "generalAndAdministrativeExpenses": 0,
        "sellingAndMarketingExpenses": 0,
        "sellingGeneralAndAdministrativeExpenses": 75400000,
        "otherExpenses": 9800000,
        "operatingExpenses": 85200000,
        "costAndExpenses": 279500000,
        "interestIncome": 0,
        "interestExpense": 3400000,
        "depreciationAndAmortization": 11200000,
        "ebitda": 34700000,
        "ebitdaratio": 0.1169925826,
        "operatingIncome": 17100000,
        "operatingIncomeRatio": 0.0576534053,
        "totalOtherIncomeExpensesNet": 3000000,
        "incomeBeforeTax": 20100000,
        "incomeBeforeTaxRatio": 0.0677680378,
        "incomeTaxExpense": 2400000,
        "netIncome": 61900000,
        "netIncomeRatio": 0.208698584,
        "eps": 1.37,
        "epsdiluted": 1.33,
        "weightedAverageShsOut": 45271000,
        "weightedAverageShsOutDil": 46545000,
        "link": "https://www.sec.gov/Archives/edgar/data/88205/000008820521000030/0000088205-21-000030-index.htm",
        "finalLink": "https://www.sec.gov/Archives/edgar/data/88205/000008820521000030/spxc-20210703.htm"
    },
    {
        "date": "2021-04-03",
        "symbol": "SPXC",
        "reportedCurrency": "USD",
        "cik": "0000088205",
        "fillingDate": "2021-05-07",
        "acceptedDate": "2021-05-06 17:57:17",
        "calendarYear": "2021",
        "period": "Q1",
        "revenue": 287200000,
        "costOfRevenue": 182800000,
        "grossProfit": 104400000,
        "grossProfitRatio": 0.3635097493,
        "researchAndDevelopmentExpenses": 0,
        "generalAndAdministrativeExpenses": 0,
        "sellingAndMarketingExpenses": 0,
        "sellingGeneralAndAdministrativeExpenses": 75200000,
        "otherExpenses": 4200000,
        "operatingExpenses": 79400000,
        "costAndExpenses": 262200000,
        "interestIncome": 100000,
        "interestExpense": 4200000,
        "depreciationAndAmortization": 8700000,
        "ebitda": 41200000,
        "ebitdaratio": 0.143454039,
        "operatingIncome": 25000000,
        "operatingIncomeRatio": 0.0870473538,
        "totalOtherIncomeExpensesNet": 3300000,
        "incomeBeforeTax": 28300000,
        "incomeBeforeTaxRatio": 0.0985376045,
        "incomeTaxExpense": 5300000,
        "netIncome": 26800000,
        "netIncomeRatio": 0.0933147632,
        "eps": 0.59,
        "epsdiluted": 0.58,
        "weightedAverageShsOut": 45132000,
        "weightedAverageShsOutDil": 46319000,
        "link": "https://www.sec.gov/Archives/edgar/data/88205/000008820521000015/0000088205-21-000015-index.htm",
        "finalLink": "https://www.sec.gov/Archives/edgar/data/88205/000008820521000015/spxc-20210403.htm"
    },
    {
        "date": "2020-12-31",
        "symbol": "SPXC",
        "reportedCurrency": "USD",
        "cik": "0000088205",
        "fillingDate": "2021-02-26",
        "acceptedDate": "2021-02-25 18:30:03",
        "calendarYear": "2020",
        "period": "Q4",
        "revenue": 453600000,
        "costOfRevenue": 311100000,
        "grossProfit": 142500000,
        "grossProfitRatio": 0.3141534392,
        "researchAndDevelopmentExpenses": 0,
        "generalAndAdministrativeExpenses": 0,
        "sellingAndMarketingExpenses": 0,
        "sellingGeneralAndAdministrativeExpenses": 90700000,
        "otherExpenses": 16900000,
        "operatingExpenses": 107600000,
        "costAndExpenses": 418700000,
        "interestIncome": 0,
        "interestExpense": 4400000,
        "depreciationAndAmortization": 13100000,
        "ebitda": 41300000,
        "ebitdaratio": 0.0910493827,
        "operatingIncome": 34900000,
        "operatingIncomeRatio": 0.0769400353,
        "totalOtherIncomeExpensesNet": -11100000,
        "incomeBeforeTax": 23800000,
        "incomeBeforeTaxRatio": 0.0524691358,
        "incomeTaxExpense": -3100000,
        "netIncome": 24600000,
        "netIncomeRatio": 0.0542328042,
        "eps": 0.55,
        "epsdiluted": 0.53,
        "weightedAverageShsOut": 44894000,
        "weightedAverageShsOutDil": 46151000,
        "link": "https://www.sec.gov/Archives/edgar/data/88205/000008820521000009/0000088205-21-000009-index.htm",
        "finalLink": "https://www.sec.gov/Archives/edgar/data/88205/000008820521000009/spxc-20201231.htm"
    },
    {
        "date": "2020-09-26",
        "symbol": "SPXC",
        "reportedCurrency": "USD",
        "cik": "0000088205",
        "fillingDate": "2020-10-30",
        "acceptedDate": "2020-10-29 17:57:08",
        "calendarYear": "2020",
        "period": "Q3",
        "revenue": 268300000,
        "costOfRevenue": 176600000,
        "grossProfit": 91700000,
        "grossProfitRatio": 0.3417815878,
        "researchAndDevelopmentExpenses": 0,
        "generalAndAdministrativeExpenses": 0,
        "sellingAndMarketingExpenses": 0,
        "sellingGeneralAndAdministrativeExpenses": 67700000,
        "otherExpenses": 3600000,
        "operatingExpenses": 71300000,
        "costAndExpenses": 247900000,
        "interestIncome": 100000,
        "interestExpense": 4500000,
        "depreciationAndAmortization": 7800000,
        "ebitda": 31000000,
        "ebitdaratio": 0.1155423034,
        "operatingIncome": 20400000,
        "operatingIncomeRatio": 0.07603429,
        "totalOtherIncomeExpensesNet": -1700000,
        "incomeBeforeTax": 18700000,
        "incomeBeforeTaxRatio": 0.0696980991,
        "incomeTaxExpense": 3100000,
        "netIncome": 22800000,
        "netIncomeRatio": 0.0849795006,
        "eps": 0.51,
        "epsdiluted": 0.5,
        "weightedAverageShsOut": 44708000,
        "weightedAverageShsOutDil": 45894000,
        "link": "https://www.sec.gov/Archives/edgar/data/88205/000008820520000040/0000088205-20-000040-index.htm",
        "finalLink": "https://www.sec.gov/Archives/edgar/data/88205/000008820520000040/spxc-20200926.htm"
    },
    {
        "date": "2020-06-27",
        "symbol": "SPXC",
        "reportedCurrency": "USD",
        "cik": "0000088205",
        "fillingDate": "2020-07-31",
        "acceptedDate": "2020-07-30 19:53:03",
        "calendarYear": "2020",
        "period": "Q2",
        "revenue": 258000000,
        "costOfRevenue": 169700000,
        "grossProfit": 88300000,
        "grossProfitRatio": 0.342248062,
        "researchAndDevelopmentExpenses": 0,
        "generalAndAdministrativeExpenses": 0,
        "sellingAndMarketingExpenses": 0,
        "sellingGeneralAndAdministrativeExpenses": 67400000,
        "otherExpenses": 3400000,
        "operatingExpenses": 70800000,
        "costAndExpenses": 240500000,
        "interestIncome": 100000,
        "interestExpense": 4800000,
        "depreciationAndAmortization": 4600000,
        "ebitda": 27600000,
        "ebitdaratio": 0.1069767442,
        "operatingIncome": 17500000,
        "operatingIncomeRatio": 0.0678294574,
        "totalOtherIncomeExpensesNet": 700000,
        "incomeBeforeTax": 18200000,
        "incomeBeforeTaxRatio": 0.0705426357,
        "incomeTaxExpense": 3000000,
        "netIncome": 27100000,
        "netIncomeRatio": 0.1050387597,
        "eps": 0.61,
        "epsdiluted": 0.59,
        "weightedAverageShsOut": 44590000,
        "weightedAverageShsOutDil": 45648000,
        "link": "https://www.sec.gov/Archives/edgar/data/88205/000008820520000030/0000088205-20-000030-index.htm",
        "finalLink": "https://www.sec.gov/Archives/edgar/data/88205/000008820520000030/spxc-20200627.htm"
    },
    {
        "date": "2020-03-28",
        "symbol": "SPXC",
        "reportedCurrency": "USD",
        "cik": "0000088205",
        "fillingDate": "2020-05-01",
        "acceptedDate": "2020-04-30 17:48:48",
        "calendarYear": "2020",
        "period": "Q1",
        "revenue": 367400000,
        "costOfRevenue": 253700000,
        "grossProfit": 113700000,
        "grossProfitRatio": 0.3094719652,
        "researchAndDevelopmentExpenses": 0,
        "generalAndAdministrativeExpenses": 0,
        "sellingAndMarketingExpenses": 0,
        "sellingGeneralAndAdministrativeExpenses": 78900000,
        "otherExpenses": 2500000,
        "operatingExpenses": 81400000,
        "costAndExpenses": 335100000,
        "interestIncome": 0,
        "interestExpense": 4700000,
        "depreciationAndAmortization": 9200000,
        "ebitda": 42200000,
        "ebitdaratio": 0.1148611867,
        "operatingIncome": 32300000,
        "operatingIncomeRatio": 0.0879150789,
        "totalOtherIncomeExpensesNet": -4000000,
        "incomeBeforeTax": 28300000,
        "incomeBeforeTaxRatio": 0.0770277627,
        "incomeTaxExpense": 6000000,
        "netIncome": 22700000,
        "netIncomeRatio": 0.0617855199,
        "eps": 0.51,
        "epsdiluted": 0.5,
        "weightedAverageShsOut": 44309000,
        "weightedAverageShsOutDil": 45527000,
        "link": "https://www.sec.gov/Archives/edgar/data/88205/000008820520000016/0000088205-20-000016-index.htm",
        "finalLink": "https://www.sec.gov/Archives/edgar/data/88205/000008820520000016/spxc-20200328.htm"
    },
    {
        "date": "2019-12-31",
        "symbol": "SPXC",
        "reportedCurrency": "USD",
        "cik": "0000088205",
        "fillingDate": "2020-02-14",
        "acceptedDate": "2020-02-13 21:33:51",
        "calendarYear": "2019",
        "period": "Q4",
        "revenue": 444600000,
        "costOfRevenue": 301100000,
        "grossProfit": 143500000,
        "grossProfitRatio": 0.3227620333,
        "researchAndDevelopmentExpenses": 0,
        "generalAndAdministrativeExpenses": 0,
        "sellingAndMarketingExpenses": 0,
        "sellingGeneralAndAdministrativeExpenses": 89000000,
        "otherExpenses": 3500000,
        "operatingExpenses": 92500000,
        "costAndExpenses": 393600000,
        "interestIncome": 500000,
        "interestExpense": 5400000,
        "depreciationAndAmortization": 9800000,
        "ebitda": 45700000,
        "ebitdaratio": 0.1027890238,
        "operatingIncome": 51000000,
        "operatingIncomeRatio": 0.1147098516,
        "totalOtherIncomeExpensesNet": -20500000,
        "incomeBeforeTax": 30500000,
        "incomeBeforeTaxRatio": 0.0686009897,
        "incomeTaxExpense": 2000000,
        "netIncome": 31000000,
        "netIncomeRatio": 0.069725596,
        "eps": 0.7,
        "epsdiluted": 0.68,
        "weightedAverageShsOut": 44157000,
        "weightedAverageShsOutDil": 45491000,
        "link": "https://www.sec.gov/Archives/edgar/data/88205/000008820520000008/0000088205-20-000008-index.htm",
        "finalLink": "https://www.sec.gov/Archives/edgar/data/88205/000008820520000008/spxc-20191231.htm"
    },
    {
        "date": "2019-09-28",
        "symbol": "SPXC",
        "reportedCurrency": "USD",
        "cik": "0000088205",
        "fillingDate": "2019-10-31",
        "acceptedDate": "2019-10-30 17:47:36",
        "calendarYear": "2019",
        "period": "Q3",
        "revenue": 364800000,
        "costOfRevenue": 258600000,
        "grossProfit": 106200000,
        "grossProfitRatio": 0.2911184211,
        "researchAndDevelopmentExpenses": 0,
        "generalAndAdministrativeExpenses": 0,
        "sellingAndMarketingExpenses": 0,
        "sellingGeneralAndAdministrativeExpenses": 74600000,
        "otherExpenses": 4000000,
        "operatingExpenses": 78600000,
        "costAndExpenses": 337200000,
        "interestIncome": 400000,
        "interestExpense": 5000000,
        "depreciationAndAmortization": 8100000,
        "ebitda": 37100000,
        "ebitdaratio": 0.1016995614,
        "operatingIncome": 27600000,
        "operatingIncomeRatio": 0.0756578947,
        "totalOtherIncomeExpensesNet": -3600000,
        "incomeBeforeTax": 24000000,
        "incomeBeforeTaxRatio": 0.0657894737,
        "incomeTaxExpense": 2800000,
        "netIncome": 21500000,
        "netIncomeRatio": 0.0589364035,
        "eps": 0.49,
        "epsdiluted": 0.48,
        "weightedAverageShsOut": 44072000,
        "weightedAverageShsOutDil": 45176000,
        "link": "https://www.sec.gov/Archives/edgar/data/88205/000008820519000044/0000088205-19-000044-index.htm",
        "finalLink": "https://www.sec.gov/Archives/edgar/data/88205/000008820519000044/spx-20190928x10q.htm"
    },
    {
        "date": "2019-06-29",
        "symbol": "SPXC",
        "reportedCurrency": "USD",
        "cik": "0000088205",
        "fillingDate": "2019-08-02",
        "acceptedDate": "2019-08-01 17:48:38",
        "calendarYear": "2019",
        "period": "Q2",
        "revenue": 372400000,
        "costOfRevenue": 264200000,
        "grossProfit": 108200000,
        "grossProfitRatio": 0.2905477981,
        "researchAndDevelopmentExpenses": 0,
        "generalAndAdministrativeExpenses": 0,
        "sellingAndMarketingExpenses": 0,
        "sellingGeneralAndAdministrativeExpenses": 78200000,
        "otherExpenses": 3700000,
        "operatingExpenses": 81900000,
        "costAndExpenses": 346100000,
        "interestIncome": 600000,
        "interestExpense": 5300000,
        "depreciationAndAmortization": 8500000,
        "ebitda": 37300000,
        "ebitdaratio": 0.1001611171,
        "operatingIncome": 26300000,
        "operatingIncomeRatio": 0.070622986,
        "totalOtherIncomeExpensesNet": -2800000,
        "incomeBeforeTax": 23500000,
        "incomeBeforeTaxRatio": 0.063104189,
        "incomeTaxExpense": 4100000,
        "netIncome": 19200000,
        "netIncomeRatio": 0.0515574651,
        "eps": 0.44,
        "epsdiluted": 0.43,
        "weightedAverageShsOut": 43914000,
        "weightedAverageShsOutDil": 44892000,
        "link": "https://www.sec.gov/Archives/edgar/data/88205/000008820519000034/0000088205-19-000034-index.htm",
        "finalLink": "https://www.sec.gov/Archives/edgar/data/88205/000008820519000034/spx-20190629x10q.htm"
    },
    {
        "date": "2019-03-30",
        "symbol": "SPXC",
        "reportedCurrency": "USD",
        "cik": "0000088205",
        "fillingDate": "2019-05-06",
        "acceptedDate": "2019-05-06 16:32:57",
        "calendarYear": "2019",
        "period": "Q1",
        "revenue": 343600000,
        "costOfRevenue": 260400000,
        "grossProfit": 83200000,
        "grossProfitRatio": 0.2421420256,
        "researchAndDevelopmentExpenses": 0,
        "generalAndAdministrativeExpenses": 0,
        "sellingAndMarketingExpenses": 0,
        "sellingGeneralAndAdministrativeExpenses": 76700000,
        "otherExpenses": 3500000,
        "operatingExpenses": 80200000,
        "costAndExpenses": 340600000,
        "interestIncome": 300000,
        "interestExpense": 5300000,
        "depreciationAndAmortization": 8100000,
        "ebitda": 18600000,
        "ebitdaratio": 0.0541327125,
        "operatingIncome": 3000000,
        "operatingIncomeRatio": 0.0087310827,
        "totalOtherIncomeExpensesNet": 2200000,
        "incomeBeforeTax": 5200000,
        "incomeBeforeTaxRatio": 0.0151338766,
        "incomeTaxExpense": 4600000,
        "netIncome": -800000,
        "netIncomeRatio": -0.0023282887,
        "eps": -0.02,
        "epsdiluted": -0.02,
        "weightedAverageShsOut": 43618000,
        "weightedAverageShsOutDil": 44880000,
        "link": "https://www.sec.gov/Archives/edgar/data/88205/000008820519000014/0000088205-19-000014-index.htm",
        "finalLink": "https://www.sec.gov/Archives/edgar/data/88205/000008820519000014/spx-20190330x10q.htm"
    },
    {
        "date": "2018-12-31",
        "symbol": "SPXC",
        "reportedCurrency": "USD",
        "cik": "0000088205",
        "fillingDate": "2019-02-15",
        "acceptedDate": "2019-02-15 17:08:38",
        "calendarYear": "2018",
        "period": "Q4",
        "revenue": 445000000,
        "costOfRevenue": 309800000,
        "grossProfit": 135200000,
        "grossProfitRatio": 0.3038202247,
        "researchAndDevelopmentExpenses": 0,
        "generalAndAdministrativeExpenses": 0,
        "sellingAndMarketingExpenses": 0,
        "sellingGeneralAndAdministrativeExpenses": 79800000,
        "otherExpenses": 3200000,
        "operatingExpenses": 83000000,
        "costAndExpenses": 392800000,
        "interestIncome": 400000,
        "interestExpense": 6200000,
        "depreciationAndAmortization": 7900000,
        "ebitda": 48600000,
        "ebitdaratio": 0.1092134831,
        "operatingIncome": 52200000,
        "operatingIncomeRatio": 0.1173033708,
        "totalOtherIncomeExpensesNet": -17700000,
        "incomeBeforeTax": 34500000,
        "incomeBeforeTaxRatio": 0.0775280899,
        "incomeTaxExpense": -4800000,
        "netIncome": 39200000,
        "netIncomeRatio": 0.0880898876,
        "eps": 0.9,
        "epsdiluted": 0.88,
        "weightedAverageShsOut": 43369000,
        "weightedAverageShsOutDil": 44652000,
        "link": "https://www.sec.gov/Archives/edgar/data/88205/000008820519000008/0000088205-19-000008-index.htm",
        "finalLink": "https://www.sec.gov/Archives/edgar/data/88205/000008820519000008/spx-20181231x10kwxbrl.htm"
    },
    {
        "date": "2018-09-29",
        "symbol": "SPXC",
        "reportedCurrency": "USD",
        "cik": "0000088205",
        "fillingDate": "2018-11-06",
        "acceptedDate": "2018-11-06 09:07:34",
        "calendarYear": "2018",
        "period": "Q3",
        "revenue": 362500000,
        "costOfRevenue": 274800000,
        "grossProfit": 87700000,
        "grossProfitRatio": 0.2419310345,
        "researchAndDevelopmentExpenses": 0,
        "generalAndAdministrativeExpenses": 0,
        "sellingAndMarketingExpenses": 0,
        "sellingGeneralAndAdministrativeExpenses": 71600000,
        "otherExpenses": 2700000,
        "operatingExpenses": 74300000,
        "costAndExpenses": 349100000,
        "interestIncome": 300000,
        "interestExpense": 5900000,
        "depreciationAndAmortization": 7900000,
        "ebitda": 22300000,
        "ebitdaratio": 0.0615172414,
        "operatingIncome": 13400000,
        "operatingIncomeRatio": 0.0369655172,
        "totalOtherIncomeExpensesNet": -4900000,
        "incomeBeforeTax": 8500000,
        "incomeBeforeTaxRatio": 0.0234482759,
        "incomeTaxExpense": 1700000,
        "netIncome": 6600000,
        "netIncomeRatio": 0.0182068966,
        "eps": 0.15,
        "epsdiluted": 0.15,
        "weightedAverageShsOut": 43080000,
        "weightedAverageShsOutDil": 44904000,
        "link": "https://www.sec.gov/Archives/edgar/data/88205/000008820518000015/0000088205-18-000015-index.htm",
        "finalLink": "https://www.sec.gov/Archives/edgar/data/88205/000008820518000015/spx-20180929x10q.htm"
    },
    {
        "date": "2018-06-30",
        "symbol": "SPXC",
        "reportedCurrency": "USD",
        "cik": "0000088205",
        "fillingDate": "2018-08-03",
        "acceptedDate": "2018-08-02 18:04:00",
        "calendarYear": "2018",
        "period": "Q2",
        "revenue": 379200000,
        "costOfRevenue": 281500000,
        "grossProfit": 97700000,
        "grossProfitRatio": 0.2576476793,
        "researchAndDevelopmentExpenses": 0,
        "generalAndAdministrativeExpenses": 0,
        "sellingAndMarketingExpenses": 0,
        "sellingGeneralAndAdministrativeExpenses": 72600000,
        "otherExpenses": 2400000,
        "operatingExpenses": 75000000,
        "costAndExpenses": 356500000,
        "interestIncome": 300000,
        "interestExpense": 5100000,
        "depreciationAndAmortization": 6800000,
        "ebitda": 32000000,
        "ebitdaratio": 0.0843881857,
        "operatingIncome": 22700000,
        "operatingIncomeRatio": 0.0598628692,
        "totalOtherIncomeExpensesNet": -2600000,
        "incomeBeforeTax": 20100000,
        "incomeBeforeTaxRatio": 0.0530063291,
        "incomeTaxExpense": 400000,
        "netIncome": 23000000,
        "netIncomeRatio": 0.0606540084,
        "eps": 0.54,
        "epsdiluted": 0.51,
        "weightedAverageShsOut": 42988000,
        "weightedAverageShsOutDil": 44723000,
        "link": "https://www.sec.gov/Archives/edgar/data/88205/000008820518000013/0000088205-18-000013-index.htm",
        "finalLink": "https://www.sec.gov/Archives/edgar/data/88205/000008820518000013/spx-20180630x10q.htm"
    },
    {
        "date": "2018-03-31",
        "symbol": "SPXC",
        "reportedCurrency": "USD",
        "cik": "0000088205",
        "fillingDate": "2018-05-04",
        "acceptedDate": "2018-05-03 20:10:44",
        "calendarYear": "2018",
        "period": "Q1",
        "revenue": 351900000,
        "costOfRevenue": 261800000,
        "grossProfit": 90100000,
        "grossProfitRatio": 0.2560386473,
        "researchAndDevelopmentExpenses": 0,
        "generalAndAdministrativeExpenses": 0,
        "sellingAndMarketingExpenses": 0,
        "sellingGeneralAndAdministrativeExpenses": 68600000,
        "otherExpenses": 2200000,
        "operatingExpenses": 70800000,
        "costAndExpenses": 332600000,
        "interestIncome": 500000,
        "interestExpense": 4300000,
        "depreciationAndAmortization": 6600000,
        "ebitda": 27400000,
        "ebitdaratio": 0.0778630293,
        "operatingIncome": 19300000,
        "operatingIncomeRatio": 0.0548451265,
        "totalOtherIncomeExpensesNet": -2800000,
        "incomeBeforeTax": 16500000,
        "incomeBeforeTaxRatio": 0.0468883205,
        "incomeTaxExpense": 4100000,
        "netIncome": 12400000,
        "netIncomeRatio": 0.0352372833,
        "eps": 0.29,
        "epsdiluted": 0.28,
        "weightedAverageShsOut": 42772000,
        "weightedAverageShsOutDil": 44353000,
        "link": "https://www.sec.gov/Archives/edgar/data/88205/000008820518000008/0000088205-18-000008-index.htm",
        "finalLink": "https://www.sec.gov/Archives/edgar/data/88205/000008820518000008/spx-20180331x10q.htm"
    },
    {
        "date": "2017-12-31",
        "symbol": "SPXC",
        "reportedCurrency": "USD",
        "cik": "0000088205",
        "fillingDate": "2018-02-21",
        "acceptedDate": "2018-02-21 17:13:52",
        "calendarYear": "2017",
        "period": "Q4",
        "revenue": 387000000,
        "costOfRevenue": 306100000,
        "grossProfit": 80900000,
        "grossProfitRatio": 0.2090439276,
        "researchAndDevelopmentExpenses": 0,
        "generalAndAdministrativeExpenses": 0,
        "sellingAndMarketingExpenses": 0,
        "sellingGeneralAndAdministrativeExpenses": 78400000,
        "otherExpenses": 800000,
        "operatingExpenses": 79200000,
        "costAndExpenses": 385300000,
        "interestIncome": 400000,
        "interestExpense": 4200000,
        "depreciationAndAmortization": 6300000,
        "ebitda": 8600000,
        "ebitdaratio": 0.0222222222,
        "operatingIncome": 1700000,
        "operatingIncomeRatio": 0.0043927649,
        "totalOtherIncomeExpensesNet": -3600000,
        "incomeBeforeTax": -1900000,
        "incomeBeforeTaxRatio": -0.0049095607,
        "incomeTaxExpense": -61900000,
        "netIncome": 58600000,
        "netIncomeRatio": 0.1514211886,
        "eps": 1.38,
        "epsdiluted": 1.32,
        "weightedAverageShsOut": 42613000,
        "weightedAverageShsOutDil": 44401000,
        "link": "https://www.sec.gov/Archives/edgar/data/88205/000008820518000002/0000088205-18-000002-index.htm",
        "finalLink": "https://www.sec.gov/Archives/edgar/data/88205/000008820518000002/spx-20171231x10k1wxbrl.htm"
    },
    {
        "date": "2017-09-30",
        "symbol": "SPXC",
        "reportedCurrency": "USD",
        "cik": "0000088205",
        "fillingDate": "2017-11-03",
        "acceptedDate": "2017-11-02 18:08:26",
        "calendarYear": "2017",
        "period": "Q3",
        "revenue": 348500000,
        "costOfRevenue": 263400000,
        "grossProfit": 85100000,
        "grossProfitRatio": 0.2441893831,
        "researchAndDevelopmentExpenses": 0,
        "generalAndAdministrativeExpenses": 0,
        "sellingAndMarketingExpenses": 0,
        "sellingGeneralAndAdministrativeExpenses": 64400000,
        "otherExpenses": -9000000,
        "operatingExpenses": 55400000,
        "costAndExpenses": 318800000,
        "interestIncome": 200000,
        "interestExpense": 4300000,
        "depreciationAndAmortization": 6300000,
        "ebitda": 37400000,
        "ebitdaratio": 0.1073170732,
        "operatingIncome": 29700000,
        "operatingIncomeRatio": 0.0852223816,
        "totalOtherIncomeExpensesNet": -2900000,
        "incomeBeforeTax": 26800000,
        "incomeBeforeTaxRatio": 0.0769010043,
        "incomeTaxExpense": 4800000,
        "netIncome": 22300000,
        "netIncomeRatio": 0.0639885222,
        "eps": 0.52,
        "epsdiluted": 0.51,
        "weightedAverageShsOut": 42540000,
        "weightedAverageShsOutDil": 44064000,
        "link": "https://www.sec.gov/Archives/edgar/data/88205/000008820517000024/0000088205-17-000024-index.htm",
        "finalLink": "https://www.sec.gov/Archives/edgar/data/88205/000008820517000024/spx-20170930x10q.htm"
    },
    {
        "date": "2017-07-01",
        "symbol": "SPXC",
        "reportedCurrency": "USD",
        "cik": "0000088205",
        "fillingDate": "2017-08-04",
        "acceptedDate": "2017-08-03 18:03:00",
        "calendarYear": "2017",
        "period": "Q2",
        "revenue": 349700000,
        "costOfRevenue": 273600000,
        "grossProfit": 76100000,
        "grossProfitRatio": 0.2176150987,
        "researchAndDevelopmentExpenses": 0,
        "generalAndAdministrativeExpenses": 0,
        "sellingAndMarketingExpenses": 0,
        "sellingGeneralAndAdministrativeExpenses": 70300000,
        "otherExpenses": 600000,
        "operatingExpenses": 70900000,
        "costAndExpenses": 344500000,
        "interestIncome": 300000,
        "interestExpense": 4600000,
        "depreciationAndAmortization": 6300000,
        "ebitda": 8600000,
        "ebitdaratio": 0.0245925079,
        "operatingIncome": 5200000,
        "operatingIncomeRatio": 0.0148698885,
        "totalOtherIncomeExpensesNet": -7500000,
        "incomeBeforeTax": -2300000,
        "incomeBeforeTaxRatio": -0.0065770661,
        "incomeTaxExpense": 6000000,
        "netIncome": -9000000,
        "netIncomeRatio": -0.0257363454,
        "eps": -0.21,
        "epsdiluted": -0.21,
        "weightedAverageShsOut": 42388000,
        "weightedAverageShsOutDil": 42388000,
        "link": "https://www.sec.gov/Archives/edgar/data/88205/000008820517000022/0000088205-17-000022-index.htm",
        "finalLink": "https://www.sec.gov/Archives/edgar/data/88205/000008820517000022/spx-20170701x10q.htm"
    },
    {
        "date": "2017-04-01",
        "symbol": "SPXC",
        "reportedCurrency": "USD",
        "cik": "0000088205",
        "fillingDate": "2017-05-05",
        "acceptedDate": "2017-05-04 17:42:07",
        "calendarYear": "2017",
        "period": "Q1",
        "revenue": 340600000,
        "costOfRevenue": 252500000,
        "grossProfit": 88100000,
        "grossProfitRatio": 0.2586611861,
        "researchAndDevelopmentExpenses": 0,
        "generalAndAdministrativeExpenses": 0,
        "sellingAndMarketingExpenses": 0,
        "sellingGeneralAndAdministrativeExpenses": 68300000,
        "otherExpenses": 700000,
        "operatingExpenses": 69000000,
        "costAndExpenses": 321500000,
        "interestIncome": 400000,
        "interestExpense": 4000000,
        "depreciationAndAmortization": 6300000,
        "ebitda": 23800000,
        "ebitdaratio": 0.0698766882,
        "operatingIncome": 19100000,
        "operatingIncomeRatio": 0.0560775103,
        "totalOtherIncomeExpensesNet": -5600000,
        "incomeBeforeTax": 13500000,
        "incomeBeforeTaxRatio": 0.0396359366,
        "incomeTaxExpense": 3200000,
        "netIncome": 17400000,
        "netIncomeRatio": 0.0510863183,
        "eps": 0.41,
        "epsdiluted": 0.4,
        "weightedAverageShsOut": 42108000,
        "weightedAverageShsOutDil": 43454000,
        "link": "https://www.sec.gov/Archives/edgar/data/88205/000008820517000013/0000088205-17-000013-index.htm",
        "finalLink": "https://www.sec.gov/Archives/edgar/data/88205/000008820517000013/spx-20170401x10q.htm"
    },
    {
        "date": "2016-12-31",
        "symbol": "SPXC",
        "reportedCurrency": "USD",
        "cik": "0000088205",
        "fillingDate": "2017-02-24",
        "acceptedDate": "2017-02-24 08:29:52",
        "calendarYear": "2016",
        "period": "Q4",
        "revenue": 284900000,
        "costOfRevenue": 177700000,
        "grossProfit": 107200000,
        "grossProfitRatio": 0.3762723763,
        "researchAndDevelopmentExpenses": 0,
        "generalAndAdministrativeExpenses": 0,
        "sellingAndMarketingExpenses": 0,
        "sellingGeneralAndAdministrativeExpenses": 61500000,
        "otherExpenses": 27800000,
        "operatingExpenses": 89300000,
        "costAndExpenses": 267000000,
        "interestIncome": 400000,
        "interestExpense": 3700000,
        "depreciationAndAmortization": 4800000,
        "ebitda": 21100000,
        "ebitdaratio": 0.0740610741,
        "operatingIncome": 17900000,
        "operatingIncomeRatio": 0.0628290628,
        "totalOtherIncomeExpensesNet": -5300000,
        "incomeBeforeTax": 12600000,
        "incomeBeforeTaxRatio": 0.0442260442,
        "incomeTaxExpense": 3000000,
        "netIncome": -86100000,
        "netIncomeRatio": -0.3022113022,
        "eps": -2.06,
        "epsdiluted": -2.06,
        "weightedAverageShsOut": 41828000,
        "weightedAverageShsOutDil": 41828000,
        "link": "https://www.sec.gov/Archives/edgar/data/88205/000008820517000008/0000088205-17-000008-index.htm",
        "finalLink": "https://www.sec.gov/Archives/edgar/data/88205/000008820517000008/spx-20161231x10k.htm"
    },
    {
        "date": "2016-10-01",
        "symbol": "SPXC",
        "reportedCurrency": "USD",
        "cik": "0000088205",
        "fillingDate": "2016-11-04",
        "acceptedDate": "2016-11-03 18:47:43",
        "calendarYear": "2016",
        "period": "Q3",
        "revenue": 345000000,
        "costOfRevenue": 264200000,
        "grossProfit": 80800000,
        "grossProfitRatio": 0.2342028986,
        "researchAndDevelopmentExpenses": 0,
        "generalAndAdministrativeExpenses": 0,
        "sellingAndMarketingExpenses": 0,
        "sellingGeneralAndAdministrativeExpenses": 68500000,
        "otherExpenses": 1000000,
        "operatingExpenses": 69500000,
        "costAndExpenses": 333700000,
        "interestIncome": 0,
        "interestExpense": 3800000,
        "depreciationAndAmortization": 7000000,
        "ebitda": 17900000,
        "ebitdaratio": 0.051884058,
        "operatingIncome": 11300000,
        "operatingIncomeRatio": 0.0327536232,
        "totalOtherIncomeExpensesNet": -4200000,
        "incomeBeforeTax": 7100000,
        "incomeBeforeTaxRatio": 0.0205797101,
        "incomeTaxExpense": 500000,
        "netIncome": 1900000,
        "netIncomeRatio": 0.0055072464,
        "eps": 0.04,
        "epsdiluted": 0.04,
        "weightedAverageShsOut": 41721000,
        "weightedAverageShsOutDil": 42475000,
        "link": "https://www.sec.gov/Archives/edgar/data/88205/000008820516000027/0000088205-16-000027-index.htm",
        "finalLink": "https://www.sec.gov/Archives/edgar/data/88205/000008820516000027/spx-20161001x10q.htm"
    },
    {
        "date": "2016-07-02",
        "symbol": "SPXC",
        "reportedCurrency": "USD",
        "cik": "0000088205",
        "fillingDate": "2016-08-05",
        "acceptedDate": "2016-08-04 17:35:09",
        "calendarYear": "2016",
        "period": "Q2",
        "revenue": 371400000,
        "costOfRevenue": 280300000,
        "grossProfit": 91100000,
        "grossProfitRatio": 0.2452880991,
        "researchAndDevelopmentExpenses": 0,
        "generalAndAdministrativeExpenses": 0,
        "sellingAndMarketingExpenses": 0,
        "sellingGeneralAndAdministrativeExpenses": 72800000,
        "otherExpenses": 4500000,
        "operatingExpenses": 77300000,
        "costAndExpenses": 357600000,
        "interestIncome": 200000,
        "interestExpense": 3800000,
        "depreciationAndAmortization": 6500000,
        "ebitda": 20600000,
        "ebitdaratio": 0.0554658051,
        "operatingIncome": 13800000,
        "operatingIncomeRatio": 0.0371567044,
        "totalOtherIncomeExpensesNet": -3500000,
        "incomeBeforeTax": 10300000,
        "incomeBeforeTaxRatio": 0.0277329025,
        "incomeTaxExpense": 3800000,
        "netIncome": -14100000,
        "netIncomeRatio": -0.0379644588,
        "eps": -0.34,
        "epsdiluted": -0.34,
        "weightedAverageShsOut": 41594000,
        "weightedAverageShsOutDil": 41594000,
        "link": "https://www.sec.gov/Archives/edgar/data/88205/000008820516000018/0000088205-16-000018-index.htm",
        "finalLink": "https://www.sec.gov/Archives/edgar/data/88205/000008820516000018/spx-20160702x10q.htm"
    },
    {
        "date": "2016-04-02",
        "symbol": "SPXC",
        "reportedCurrency": "USD",
        "cik": "0000088205",
        "fillingDate": "2016-05-06",
        "acceptedDate": "2016-05-05 17:53:47",
        "calendarYear": "2016",
        "period": "Q1",
        "revenue": 360600000,
        "costOfRevenue": 270700000,
        "grossProfit": 89900000,
        "grossProfitRatio": 0.249306711,
        "researchAndDevelopmentExpenses": 0,
        "generalAndAdministrativeExpenses": 0,
        "sellingAndMarketingExpenses": 0,
        "sellingGeneralAndAdministrativeExpenses": 74300000,
        "otherExpenses": -12500000,
        "operatingExpenses": 61800000,
        "costAndExpenses": 332500000,
        "interestIncome": 200000,
        "interestExpense": 3500000,
        "depreciationAndAmortization": 6700000,
        "ebitda": 36200000,
        "ebitdaratio": 0.1003882418,
        "operatingIncome": 28100000,
        "operatingIncomeRatio": 0.0779256794,
        "totalOtherIncomeExpensesNet": -2100000,
        "incomeBeforeTax": 26000000,
        "incomeBeforeTaxRatio": 0.0721020521,
        "incomeTaxExpense": 5800000,
        "netIncome": 13000000,
        "netIncomeRatio": 0.0360510261,
        "eps": 0.31,
        "epsdiluted": 0.31,
        "weightedAverageShsOut": 41293000,
        "weightedAverageShsOutDil": 41553000,
        "link": "https://www.sec.gov/Archives/edgar/data/88205/000008820516000009/0000088205-16-000009-index.htm",
        "finalLink": "https://www.sec.gov/Archives/edgar/data/88205/000008820516000009/spx-20160402x10q.htm"
    },
    {
        "date": "2015-12-31",
        "symbol": "SPXC",
        "reportedCurrency": "USD",
        "cik": "0000088205",
        "fillingDate": "2016-02-26",
        "acceptedDate": "2016-02-26 17:42:06",
        "calendarYear": "2015",
        "period": "Q4",
        "revenue": 509500000,
        "costOfRevenue": 390500000,
        "grossProfit": 119000000,
        "grossProfitRatio": 0.233562316,
        "researchAndDevelopmentExpenses": 0,
        "generalAndAdministrativeExpenses": 0,
        "sellingAndMarketingExpenses": 0,
        "sellingGeneralAndAdministrativeExpenses": 103300000,
        "otherExpenses": 18800000,
        "operatingExpenses": 122100000,
        "costAndExpenses": 512600000,
        "interestIncome": 0,
        "interestExpense": 3500000,
        "depreciationAndAmortization": 8000000,
        "ebitda": 700000,
        "ebitdaratio": 0.001373896,
        "operatingIncome": -3100000,
        "operatingIncomeRatio": -0.0060843965,
        "totalOtherIncomeExpensesNet": -7700000,
        "incomeBeforeTax": -10800000,
        "incomeBeforeTaxRatio": -0.0211972522,
        "incomeTaxExpense": -3200000,
        "netIncome": -9500000,
        "netIncomeRatio": -0.0186457311,
        "eps": -0.23,
        "epsdiluted": -0.23,
        "weightedAverageShsOut": 41156000,
        "weightedAverageShsOutDil": 41156000,
        "link": "https://www.sec.gov/Archives/edgar/data/88205/000008820516000007/0000088205-16-000007-index.htm",
        "finalLink": "https://www.sec.gov/Archives/edgar/data/88205/000008820516000007/spx-20151231x10k.htm"
    },
    {
        "date": "2015-09-26",
        "symbol": "SPXC",
        "reportedCurrency": "USD",
        "cik": "0000088205",
        "fillingDate": "2015-11-05",
        "acceptedDate": "2015-11-05 17:20:45",
        "calendarYear": "2015",
        "period": "Q3",
        "revenue": 374100000,
        "costOfRevenue": 371200000,
        "grossProfit": 2900000,
        "grossProfitRatio": 0.007751938,
        "researchAndDevelopmentExpenses": 0,
        "generalAndAdministrativeExpenses": 0,
        "sellingAndMarketingExpenses": 0,
        "sellingGeneralAndAdministrativeExpenses": 106800000,
        "otherExpenses": 9700000,
        "operatingExpenses": 116500000,
        "costAndExpenses": 487700000,
        "interestIncome": 400000,
        "interestExpense": 6300000,
        "depreciationAndAmortization": 10200000,
        "ebitda": -108700000,
        "ebitdaratio": -0.2905640203,
        "operatingIncome": -113600000,
        "operatingIncomeRatio": -0.3036621224,
        "totalOtherIncomeExpensesNet": -11600000,
        "incomeBeforeTax": -125200000,
        "incomeBeforeTaxRatio": -0.3346698744,
        "incomeTaxExpense": 5500000,
        "netIncome": -105000000,
        "netIncomeRatio": -0.2806736167,
        "eps": -2.58,
        "epsdiluted": -2.58,
        "weightedAverageShsOut": 40663000,
        "weightedAverageShsOutDil": 40663000,
        "link": "https://www.sec.gov/Archives/edgar/data/88205/000162828015008366/0001628280-15-008366-index.htm",
        "finalLink": "https://www.sec.gov/Archives/edgar/data/88205/000162828015008366/spx-20150926x10q.htm"
    },
    {
        "date": "2015-06-27",
        "symbol": "SPXC",
        "reportedCurrency": "USD",
        "cik": "0000088205",
        "fillingDate": "2015-07-29",
        "acceptedDate": "2015-07-29 17:07:31",
        "calendarYear": "2015",
        "period": "Q2",
        "revenue": 459400000,
        "costOfRevenue": 363400000,
        "grossProfit": 96000000,
        "grossProfitRatio": 0.2089682194,
        "researchAndDevelopmentExpenses": 0,
        "generalAndAdministrativeExpenses": 0,
        "sellingAndMarketingExpenses": 0,
        "sellingGeneralAndAdministrativeExpenses": 100700000,
        "otherExpenses": 4000000,
        "operatingExpenses": 104700000,
        "costAndExpenses": 468100000,
        "interestIncome": 900000,
        "interestExpense": 6500000,
        "depreciationAndAmortization": 10600000,
        "ebitda": 4500000,
        "ebitdaratio": 0.0097953853,
        "operatingIncome": -8700000,
        "operatingIncomeRatio": -0.0189377449,
        "totalOtherIncomeExpensesNet": -3900000,
        "incomeBeforeTax": -12600000,
        "incomeBeforeTaxRatio": -0.0274270788,
        "incomeTaxExpense": -800000,
        "netIncome": 38900000,
        "netIncomeRatio": 0.0846756639,
        "eps": 0.96,
        "epsdiluted": 0.96,
        "weightedAverageShsOut": 40602000,
        "weightedAverageShsOutDil": 40602000,
        "link": "https://www.sec.gov/Archives/edgar/data/88205/000110465915054384/0001104659-15-054384-index.htm",
        "finalLink": "https://www.sec.gov/Archives/edgar/data/88205/000110465915054384/a15-11865_110q.htm"
    },
    {
        "date": "2015-03-28",
        "symbol": "SPXC",
        "reportedCurrency": "USD",
        "cik": "0000088205",
        "fillingDate": "2015-04-29",
        "acceptedDate": "2015-04-29 17:31:11",
        "calendarYear": "2015",
        "period": "Q1",
        "revenue": 376300000,
        "costOfRevenue": 301800000,
        "grossProfit": 74500000,
        "grossProfitRatio": 0.1979803348,
        "researchAndDevelopmentExpenses": 0,
        "generalAndAdministrativeExpenses": 0,
        "sellingAndMarketingExpenses": 0,
        "sellingGeneralAndAdministrativeExpenses": 114900000,
        "otherExpenses": 4200000,
        "operatingExpenses": 119100000,
        "costAndExpenses": 420900000,
        "interestIncome": 1100000,
        "interestExpense": 5700000,
        "depreciationAndAmortization": 10400000,
        "ebitda": -38200000,
        "ebitdaratio": -0.1015147489,
        "operatingIncome": -44600000,
        "operatingIncomeRatio": -0.1185224555,
        "totalOtherIncomeExpensesNet": -9700000,
        "incomeBeforeTax": -54300000,
        "incomeBeforeTaxRatio": -0.1442997608,
        "incomeTaxExpense": -13300000,
        "netIncome": -7100000,
        "netIncomeRatio": -0.0188679245,
        "eps": -0.18,
        "epsdiluted": -0.18,
        "weightedAverageShsOut": 40503000,
        "weightedAverageShsOutDil": 40503000,
        "link": "https://www.sec.gov/Archives/edgar/data/88205/000110465915031707/0001104659-15-031707-index.htm",
        "finalLink": "https://www.sec.gov/Archives/edgar/data/88205/000110465915031707/a15-6682_110q.htm"
    },
    {
        "date": "2014-12-31",
        "symbol": "SPXC",
        "reportedCurrency": "USD",
        "cik": "0000088205",
        "fillingDate": "2015-02-23",
        "acceptedDate": "2015-02-20 17:48:30",
        "calendarYear": "2014",
        "period": "Q4",
        "revenue": 1313900000,
        "costOfRevenue": 931200000,
        "grossProfit": 382700000,
        "grossProfitRatio": 0.2912702641,
        "researchAndDevelopmentExpenses": 0,
        "generalAndAdministrativeExpenses": 0,
        "sellingAndMarketingExpenses": 0,
        "sellingGeneralAndAdministrativeExpenses": 334000000,
        "otherExpenses": 50500000,
        "operatingExpenses": 384500000,
        "costAndExpenses": 1315700000,
        "interestIncome": 1600000,
        "interestExpense": 17600000,
        "depreciationAndAmortization": 27300000,
        "ebitda": 21800000,
        "ebitdaratio": 0.0165918259,
        "operatingIncome": -1800000,
        "operatingIncomeRatio": -0.0013699673,
        "totalOtherIncomeExpensesNet": -21300000,
        "incomeBeforeTax": -23100000,
        "incomeBeforeTaxRatio": -0.0175812467,
        "incomeTaxExpense": 11500000,
        "netIncome": -35000000,
        "netIncomeRatio": -0.0266382525,
        "eps": -0.86,
        "epsdiluted": -0.86,
        "weightedAverageShsOut": 42400000,
        "weightedAverageShsOutDil": 40548000,
        "link": "https://www.sec.gov/Archives/edgar/data/88205/000104746915001007/0001047469-15-001007-index.htm",
        "finalLink": "https://www.sec.gov/Archives/edgar/data/88205/000104746915001007/a2223096z10-k.htm"
    },
    {
        "date": "2014-09-27",
        "symbol": "SPXC",
        "reportedCurrency": "USD",
        "cik": "0000088205",
        "fillingDate": "2014-10-29",
        "acceptedDate": "2014-10-29 16:35:44",
        "calendarYear": "2014",
        "period": "Q3",
        "revenue": 489600000,
        "costOfRevenue": 377100000,
        "grossProfit": 112500000,
        "grossProfitRatio": 0.2297794118,
        "researchAndDevelopmentExpenses": 0,
        "generalAndAdministrativeExpenses": 0,
        "sellingAndMarketingExpenses": 0,
        "sellingGeneralAndAdministrativeExpenses": 111900000,
        "otherExpenses": 2700000,
        "operatingExpenses": 114600000,
        "costAndExpenses": 491700000,
        "interestIncome": 2500000,
        "interestExpense": 5000000,
        "depreciationAndAmortization": -24300000,
        "ebitda": -200000,
        "ebitdaratio": -0.0004084967,
        "operatingIncome": -2100000,
        "operatingIncomeRatio": -0.0042892157,
        "totalOtherIncomeExpensesNet": -4500000,
        "incomeBeforeTax": -6600000,
        "incomeBeforeTaxRatio": -0.0134803922,
        "incomeTaxExpense": 5600000,
        "netIncome": 63300000,
        "netIncomeRatio": 0.1292892157,
        "eps": 1.51,
        "epsdiluted": 1.51,
        "weightedAverageShsOut": 41796000,
        "weightedAverageShsOutDil": 41796000,
        "link": "https://www.sec.gov/Archives/edgar/data/88205/000110465914074851/0001104659-14-074851-index.htm",
        "finalLink": "https://www.sec.gov/Archives/edgar/data/88205/000110465914074851/a14-19676_110q.htm"
    },
    {
        "date": "2014-06-28",
        "symbol": "SPXC",
        "reportedCurrency": "USD",
        "cik": "0000088205",
        "fillingDate": "2014-07-30",
        "acceptedDate": "2014-07-30 16:47:15",
        "calendarYear": "2014",
        "period": "Q2",
        "revenue": 1195100000,
        "costOfRevenue": 847900000,
        "grossProfit": 347200000,
        "grossProfitRatio": 0.2905196218,
        "researchAndDevelopmentExpenses": 0,
        "generalAndAdministrativeExpenses": 0,
        "sellingAndMarketingExpenses": 0,
        "sellingGeneralAndAdministrativeExpenses": 244400000,
        "otherExpenses": 12800000,
        "operatingExpenses": 257200000,
        "costAndExpenses": 1105100000,
        "interestIncome": 2300000,
        "interestExpense": 16300000,
        "depreciationAndAmortization": 29800000,
        "ebitda": 121400000,
        "ebitdaratio": 0.1015814576,
        "operatingIncome": 90000000,
        "operatingIncomeRatio": 0.0753075056,
        "totalOtherIncomeExpensesNet": -14700000,
        "incomeBeforeTax": 75300000,
        "incomeBeforeTaxRatio": 0.0630072797,
        "incomeTaxExpense": 18600000,
        "netIncome": 51200000,
        "netIncomeRatio": 0.0428416032,
        "eps": 1.19,
        "epsdiluted": 1.17,
        "weightedAverageShsOut": 43068000,
        "weightedAverageShsOutDil": 43900000,
        "link": "https://www.sec.gov/Archives/edgar/data/88205/000110465914054978/0001104659-14-054978-index.htm",
        "finalLink": "https://www.sec.gov/Archives/edgar/data/88205/000110465914054978/a14-13932_110q.htm"
    },
    {
        "date": "2014-03-29",
        "symbol": "SPXC",
        "reportedCurrency": "USD",
        "cik": "0000088205",
        "fillingDate": "2014-04-30",
        "acceptedDate": "2014-04-30 16:04:59",
        "calendarYear": "2014",
        "period": "Q1",
        "revenue": 1077100000,
        "costOfRevenue": 775600000,
        "grossProfit": 301500000,
        "grossProfitRatio": 0.2799182991,
        "researchAndDevelopmentExpenses": 0,
        "generalAndAdministrativeExpenses": 0,
        "sellingAndMarketingExpenses": 0,
        "sellingGeneralAndAdministrativeExpenses": 267500000,
        "otherExpenses": 18300000,
        "operatingExpenses": 285800000,
        "costAndExpenses": 1061400000,
        "interestIncome": 2200000,
        "interestExpense": 19300000,
        "depreciationAndAmortization": 27600000,
        "ebitda": 503600000,
        "ebitdaratio": 0.4675517594,
        "operatingIncome": 15700000,
        "operatingIncomeRatio": 0.0145761768,
        "totalOtherIncomeExpensesNet": 441000000,
        "incomeBeforeTax": 456700000,
        "incomeBeforeTaxRatio": 0.4240089128,
        "incomeTaxExpense": 160000000,
        "netIncome": 318200000,
        "netIncomeRatio": 0.2954228948,
        "eps": 7.19,
        "epsdiluted": 7.06,
        "weightedAverageShsOut": 44236000,
        "weightedAverageShsOutDil": 45082000,
        "link": "https://www.sec.gov/Archives/edgar/data/88205/000110465914032641/0001104659-14-032641-index.htm",
        "finalLink": "https://www.sec.gov/Archives/edgar/data/88205/000110465914032641/a14-8960_110q.htm"
    },
    {
        "date": "2013-12-31",
        "symbol": "SPXC",
        "reportedCurrency": "USD",
        "cik": "0000088205",
        "fillingDate": "2014-02-21",
        "acceptedDate": "2014-02-21 16:23:00",
        "calendarYear": "2013",
        "period": "Q4",
        "revenue": 1319000000,
        "costOfRevenue": 916000000,
        "grossProfit": 403000000,
        "grossProfitRatio": 0.3055344958,
        "researchAndDevelopmentExpenses": 0,
        "generalAndAdministrativeExpenses": 0,
        "sellingAndMarketingExpenses": 0,
        "sellingGeneralAndAdministrativeExpenses": 219500000,
        "otherExpenses": 20500000,
        "operatingExpenses": 240000000,
        "costAndExpenses": 1156000000,
        "interestIncome": 2000000,
        "interestExpense": 29200000,
        "depreciationAndAmortization": 30300000,
        "ebitda": 199800000,
        "ebitdaratio": 0.1514783927,
        "operatingIncome": 163000000,
        "operatingIncomeRatio": 0.1235784685,
        "totalOtherIncomeExpensesNet": -22700000,
        "incomeBeforeTax": 140300000,
        "incomeBeforeTaxRatio": 0.106368461,
        "incomeTaxExpense": 37600000,
        "netIncome": 106200000,
        "netIncomeRatio": 0.0805155421,
        "eps": 1.94,
        "epsdiluted": 1.91,
        "weightedAverageShsOut": 41980272,
        "weightedAverageShsOutDil": 45609000,
        "link": "https://www.sec.gov/Archives/edgar/data/88205/000104746914001163/0001047469-14-001163-index.htm",
        "finalLink": "https://www.sec.gov/Archives/edgar/data/88205/000104746914001163/a2218170z10-k.htm"
    },
    {
        "date": "2013-09-28",
        "symbol": "SPXC",
        "reportedCurrency": "USD",
        "cik": "0000088205",
        "fillingDate": "2013-10-30",
        "acceptedDate": "2013-10-30 16:11:06",
        "calendarYear": "2013",
        "period": "Q3",
        "revenue": 1145800000,
        "costOfRevenue": 809000000,
        "grossProfit": 336800000,
        "grossProfitRatio": 0.2939430965,
        "researchAndDevelopmentExpenses": 0,
        "generalAndAdministrativeExpenses": 0,
        "sellingAndMarketingExpenses": 0,
        "sellingGeneralAndAdministrativeExpenses": 224800000,
        "otherExpenses": 15100000,
        "operatingExpenses": 239900000,
        "costAndExpenses": 1048900000,
        "interestIncome": 2600000,
        "interestExpense": 27100000,
        "depreciationAndAmortization": 29700000,
        "ebitda": 136500000,
        "ebitdaratio": 0.1191307383,
        "operatingIncome": 96900000,
        "operatingIncomeRatio": 0.0845697329,
        "totalOtherIncomeExpensesNet": -17200000,
        "incomeBeforeTax": 79700000,
        "incomeBeforeTaxRatio": 0.0695583872,
        "incomeTaxExpense": 16600000,
        "netIncome": 69300000,
        "netIncomeRatio": 0.0604817595,
        "eps": 1.55,
        "epsdiluted": 1.54,
        "weightedAverageShsOut": 44709000,
        "weightedAverageShsOutDil": 45037000,
        "link": "https://www.sec.gov/Archives/edgar/data/88205/000110465913079233/0001104659-13-079233-index.htm",
        "finalLink": "https://www.sec.gov/Archives/edgar/data/88205/000110465913079233/a13-19613_110q.htm"
    },
    {
        "date": "2013-06-29",
        "symbol": "SPXC",
        "reportedCurrency": "USD",
        "cik": "0000088205",
        "fillingDate": "2013-07-31",
        "acceptedDate": "2013-07-31 16:16:51",
        "calendarYear": "2013",
        "period": "Q2",
        "revenue": 1161900000,
        "costOfRevenue": 831800000,
        "grossProfit": 330100000,
        "grossProfitRatio": 0.2841036234,
        "researchAndDevelopmentExpenses": 0,
        "generalAndAdministrativeExpenses": 0,
        "sellingAndMarketingExpenses": 0,
        "sellingGeneralAndAdministrativeExpenses": 233100000,
        "otherExpenses": 26000000,
        "operatingExpenses": 259100000,
        "costAndExpenses": 1090900000,
        "interestIncome": 1500000,
        "interestExpense": 27100000,
        "depreciationAndAmortization": 27000000,
        "ebitda": 107300000,
        "ebitdaratio": 0.0923487391,
        "operatingIncome": 71000000,
        "operatingIncomeRatio": 0.0611068078,
        "totalOtherIncomeExpensesNet": -17800000,
        "incomeBeforeTax": 53200000,
        "incomeBeforeTaxRatio": 0.0457870729,
        "incomeTaxExpense": 14000000,
        "netIncome": 45200000,
        "netIncomeRatio": 0.0389017988,
        "eps": 0.99,
        "epsdiluted": 0.98,
        "weightedAverageShsOut": 45678000,
        "weightedAverageShsOutDil": 45972000,
        "link": "https://www.sec.gov/Archives/edgar/data/88205/000110465913058371/0001104659-13-058371-index.htm",
        "finalLink": "https://www.sec.gov/Archives/edgar/data/88205/000110465913058371/a13-13729_110q.htm"
    },
    {
        "date": "2013-03-30",
        "symbol": "SPXC",
        "reportedCurrency": "USD",
        "cik": "0000088205",
        "fillingDate": "2013-05-02",
        "acceptedDate": "2013-05-01 18:09:50",
        "calendarYear": "2013",
        "period": "Q1",
        "revenue": 1090500000,
        "costOfRevenue": 797400000,
        "grossProfit": 293100000,
        "grossProfitRatio": 0.2687757909,
        "researchAndDevelopmentExpenses": 0,
        "generalAndAdministrativeExpenses": 0,
        "sellingAndMarketingExpenses": 0,
        "sellingGeneralAndAdministrativeExpenses": 252700000,
        "otherExpenses": 10400000,
        "operatingExpenses": 263100000,
        "costAndExpenses": 1060500000,
        "interestIncome": 2100000,
        "interestExpense": 29200000,
        "depreciationAndAmortization": 27800000,
        "ebitda": 71200000,
        "ebitdaratio": 0.0652911508,
        "operatingIncome": 30000000,
        "operatingIncomeRatio": 0.0275103164,
        "totalOtherIncomeExpensesNet": -15800000,
        "incomeBeforeTax": 14200000,
        "incomeBeforeTaxRatio": 0.0130215497,
        "incomeTaxExpense": -400000,
        "netIncome": 8700000,
        "netIncomeRatio": 0.0079779917,
        "eps": 0.05,
        "epsdiluted": 0.05,
        "weightedAverageShsOut": 46418000,
        "weightedAverageShsOutDil": 47450000,
        "link": "https://www.sec.gov/Archives/edgar/data/88205/000110465913036080/0001104659-13-036080-index.htm",
        "finalLink": "https://www.sec.gov/Archives/edgar/data/88205/000110465913036080/a13-8398_110q.htm"
    },
    {
        "date": "2012-12-31",
        "symbol": "SPXC",
        "reportedCurrency": "USD",
        "cik": "0000088205",
        "fillingDate": "2013-02-25",
        "acceptedDate": "2013-02-25 09:43:59",
        "calendarYear": "2012",
        "period": "Q4",
        "revenue": 1425300000,
        "costOfRevenue": 1026100000,
        "grossProfit": 399200000,
        "grossProfitRatio": 0.2800813864,
        "researchAndDevelopmentExpenses": 0,
        "generalAndAdministrativeExpenses": 0,
        "sellingAndMarketingExpenses": 0,
        "sellingGeneralAndAdministrativeExpenses": 262900000,
        "otherExpenses": 300000000,
        "operatingExpenses": 562900000,
        "costAndExpenses": 1589000000,
        "interestIncome": 1800000,
        "interestExpense": 29300000,
        "depreciationAndAmortization": 26600000,
        "ebitda": -126700000,
        "ebitdaratio": -0.0888935663,
        "operatingIncome": -163700000,
        "operatingIncomeRatio": -0.1148530134,
        "totalOtherIncomeExpensesNet": -18900000,
        "incomeBeforeTax": -182600000,
        "incomeBeforeTaxRatio": -0.1281133796,
        "incomeTaxExpense": -2900000,
        "netIncome": 140500000,
        "netIncomeRatio": 0.0985757384,
        "eps": 2.83,
        "epsdiluted": 2.83,
        "weightedAverageShsOut": 49605000,
        "weightedAverageShsOutDil": 49605000,
        "link": "https://www.sec.gov/Archives/edgar/data/88205/000104746913001580/0001047469-13-001580-index.htm",
        "finalLink": "https://www.sec.gov/Archives/edgar/data/88205/000104746913001580/a2213225z10-ka.htm"
    },
    {
        "date": "2012-09-29",
        "symbol": "SPXC",
        "reportedCurrency": "USD",
        "cik": "0000088205",
        "fillingDate": "2012-10-31",
        "acceptedDate": "2012-10-31 16:26:46",
        "calendarYear": "2012",
        "period": "Q3",
        "revenue": 1176700000,
        "costOfRevenue": 858900000,
        "grossProfit": 317800000,
        "grossProfitRatio": 0.2700773349,
        "researchAndDevelopmentExpenses": 0,
        "generalAndAdministrativeExpenses": 0,
        "sellingAndMarketingExpenses": 0,
        "sellingGeneralAndAdministrativeExpenses": 226000000,
        "otherExpenses": 15200000,
        "operatingExpenses": 241200000,
        "costAndExpenses": 1100100000,
        "interestIncome": 1600000,
        "interestExpense": 28700000,
        "depreciationAndAmortization": 24900000,
        "ebitda": 111700000,
        "ebitdaratio": 0.0949264893,
        "operatingIncome": 76600000,
        "operatingIncomeRatio": 0.065097306,
        "totalOtherIncomeExpensesNet": -18500000,
        "incomeBeforeTax": 58100000,
        "incomeBeforeTaxRatio": 0.0493753718,
        "incomeTaxExpense": 9600000,
        "netIncome": 57800000,
        "netIncomeRatio": 0.0491204215,
        "eps": 1.16,
        "epsdiluted": 1.16,
        "weightedAverageShsOut": 49958000,
        "weightedAverageShsOutDil": 50038000,
        "link": "https://www.sec.gov/Archives/edgar/data/88205/000110465912072720/0001104659-12-072720-index.htm",
        "finalLink": "https://www.sec.gov/Archives/edgar/data/88205/000110465912072720/a12-19857_110q.htm"
    },
    {
        "date": "2012-06-30",
        "symbol": "SPXC",
        "reportedCurrency": "USD",
        "cik": "0000088205",
        "fillingDate": "2012-08-01",
        "acceptedDate": "2012-08-01 16:26:04",
        "calendarYear": "2012",
        "period": "Q2",
        "revenue": 1241900000,
        "costOfRevenue": 908600000,
        "grossProfit": 333300000,
        "grossProfitRatio": 0.2683790965,
        "researchAndDevelopmentExpenses": 0,
        "generalAndAdministrativeExpenses": 0,
        "sellingAndMarketingExpenses": 0,
        "sellingGeneralAndAdministrativeExpenses": 246500000,
        "otherExpenses": 17800000,
        "operatingExpenses": 264300000,
        "costAndExpenses": 1172900000,
        "interestIncome": 1600000,
        "interestExpense": 27800000,
        "depreciationAndAmortization": 29300000,
        "ebitda": 104000000,
        "ebitdaratio": 0.0837426524,
        "operatingIncome": 69000000,
        "operatingIncomeRatio": 0.055560029,
        "totalOtherIncomeExpensesNet": -22100000,
        "incomeBeforeTax": 46900000,
        "incomeBeforeTaxRatio": 0.0377647154,
        "incomeTaxExpense": 9000000,
        "netIncome": 47400000,
        "netIncomeRatio": 0.0381673243,
        "eps": 0.95,
        "epsdiluted": 0.93,
        "weightedAverageShsOut": 49954000,
        "weightedAverageShsOutDil": 50909000,
        "link": "https://www.sec.gov/Archives/edgar/data/88205/000110465912053231/0001104659-12-053231-index.htm",
        "finalLink": "https://www.sec.gov/Archives/edgar/data/88205/000110465912053231/a12-12967_110q.htm"
    },
    {
        "date": "2012-03-31",
        "symbol": "SPXC",
        "reportedCurrency": "USD",
        "cik": "0000088205",
        "fillingDate": "2012-05-02",
        "acceptedDate": "2012-05-02 17:22:39",
        "calendarYear": "2012",
        "period": "Q1",
        "revenue": 1153500000,
        "costOfRevenue": 853600000,
        "grossProfit": 299900000,
        "grossProfitRatio": 0.2599913307,
        "researchAndDevelopmentExpenses": 0,
        "generalAndAdministrativeExpenses": 0,
        "sellingAndMarketingExpenses": 0,
        "sellingGeneralAndAdministrativeExpenses": 271500000,
        "otherExpenses": 11100000,
        "operatingExpenses": 282600000,
        "costAndExpenses": 1136200000,
        "interestIncome": 1300000,
        "interestExpense": 28500000,
        "depreciationAndAmortization": 27500000,
        "ebitda": 77400000,
        "ebitdaratio": 0.06710013,
        "operatingIncome": 17300000,
        "operatingIncomeRatio": 0.0149978327,
        "totalOtherIncomeExpensesNet": 4100000,
        "incomeBeforeTax": 21400000,
        "incomeBeforeTaxRatio": 0.0185522323,
        "incomeTaxExpense": 13100000,
        "netIncome": 13500000,
        "netIncomeRatio": 0.0117035111,
        "eps": 0.27,
        "epsdiluted": 0.26,
        "weightedAverageShsOut": 50613000,
        "weightedAverageShsOutDil": 51459000,
        "link": "https://www.sec.gov/Archives/edgar/data/88205/000110465912032097/0001104659-12-032097-index.htm",
        "finalLink": "https://www.sec.gov/Archives/edgar/data/88205/000110465912032097/a12-7732_110q.htm"
    },
    {
        "date": "2011-12-31",
        "symbol": "SPXC",
        "reportedCurrency": "USD",
        "cik": "0000088205",
        "fillingDate": "2012-02-24",
        "acceptedDate": "2012-02-23 20:04:05",
        "calendarYear": "2011",
        "period": "Q4",
        "revenue": 1491700000,
        "costOfRevenue": 1080100000,
        "grossProfit": 411600000,
        "grossProfitRatio": 0.2759267949,
        "researchAndDevelopmentExpenses": 0,
        "generalAndAdministrativeExpenses": 0,
        "sellingAndMarketingExpenses": 0,
        "sellingGeneralAndAdministrativeExpenses": 265900000,
        "otherExpenses": 24200000,
        "operatingExpenses": 290100000,
        "costAndExpenses": 1370200000,
        "interestIncome": 1600000,
        "interestExpense": 25600000,
        "depreciationAndAmortization": 31600000,
        "ebitda": 139800000,
        "ebitdaratio": 0.0937185761,
        "operatingIncome": 121500000,
        "operatingIncomeRatio": 0.0814506938,
        "totalOtherIncomeExpensesNet": -38900000,
        "incomeBeforeTax": 82600000,
        "incomeBeforeTaxRatio": 0.0553730643,
        "incomeTaxExpense": 18200000,
        "netIncome": 62500000,
        "netIncomeRatio": 0.0418985051,
        "eps": 0,
        "epsdiluted": 0,
        "weightedAverageShsOut": 50499000,
        "weightedAverageShsOutDil": 50946000,
        "link": "https://www.sec.gov/Archives/edgar/data/88205/000104746912001395/0001047469-12-001395-index.htm",
        "finalLink": "https://www.sec.gov/Archives/edgar/data/88205/000104746912001395/a2207263z10-k.htm"
    },
    {
        "date": "2011-10-01",
        "symbol": "SPXC",
        "reportedCurrency": "USD",
        "cik": "0000088205",
        "fillingDate": "2011-11-02",
        "acceptedDate": "2011-11-02 16:29:38",
        "calendarYear": "2011",
        "period": "Q3",
        "revenue": 1166000000,
        "costOfRevenue": 842400000,
        "grossProfit": 323600000,
        "grossProfitRatio": 0.2775300172,
        "researchAndDevelopmentExpenses": 0,
        "generalAndAdministrativeExpenses": 0,
        "sellingAndMarketingExpenses": 0,
        "sellingGeneralAndAdministrativeExpenses": 222500000,
        "otherExpenses": 12800000,
        "operatingExpenses": 235300000,
        "costAndExpenses": 1077700000,
        "interestIncome": 1400000,
        "interestExpense": 23800000,
        "depreciationAndAmortization": 21900000,
        "ebitda": 85000000,
        "ebitdaratio": 0.0728987993,
        "operatingIncome": 88300000,
        "operatingIncomeRatio": 0.075728988,
        "totalOtherIncomeExpensesNet": -49000000,
        "incomeBeforeTax": 39300000,
        "incomeBeforeTaxRatio": 0.0337049743,
        "incomeTaxExpense": -11500000,
        "netIncome": 60700000,
        "netIncomeRatio": 0.052058319,
        "eps": 1.2,
        "epsdiluted": 1.2,
        "weightedAverageShsOut": 50618000,
        "weightedAverageShsOutDil": 50804000,
        "link": "https://www.sec.gov/Archives/edgar/data/88205/000110465911060080/0001104659-11-060080-index.htm",
        "finalLink": "https://www.sec.gov/Archives/edgar/data/88205/000110465911060080/a11-25021_110q.htm"
    },
    {
        "date": "2011-07-02",
        "symbol": "SPXC",
        "reportedCurrency": "USD",
        "cik": "0000088205",
        "fillingDate": "2011-08-03",
        "acceptedDate": "2011-08-03 16:37:51",
        "calendarYear": "2011",
        "period": "Q2",
        "revenue": 1136800000,
        "costOfRevenue": 822400000,
        "grossProfit": 314400000,
        "grossProfitRatio": 0.2765657987,
        "researchAndDevelopmentExpenses": 0,
        "generalAndAdministrativeExpenses": 0,
        "sellingAndMarketingExpenses": 0,
        "sellingGeneralAndAdministrativeExpenses": 231900000,
        "otherExpenses": 34600000,
        "operatingExpenses": 266500000,
        "costAndExpenses": 1088900000,
        "interestIncome": 1500000,
        "interestExpense": 23800000,
        "depreciationAndAmortization": 21100000,
        "ebitda": 74500000,
        "ebitdaratio": 0.0655348346,
        "operatingIncome": 47900000,
        "operatingIncomeRatio": 0.0421358198,
        "totalOtherIncomeExpensesNet": -18200000,
        "incomeBeforeTax": 29700000,
        "incomeBeforeTaxRatio": 0.0261259676,
        "incomeTaxExpense": 4700000,
        "netIncome": 34300000,
        "netIncomeRatio": 0.0301724138,
        "eps": 0.68,
        "epsdiluted": 0.67,
        "weightedAverageShsOut": 50554000,
        "weightedAverageShsOutDil": 51365000,
        "link": "https://www.sec.gov/Archives/edgar/data/88205/000110465911043173/0001104659-11-043173-index.htm",
        "finalLink": "https://www.sec.gov/Archives/edgar/data/88205/000110465911043173/a11-13833_110q.htm"
    },
    {
        "date": "2011-04-02",
        "symbol": "SPXC",
        "reportedCurrency": "USD",
        "cik": "0000088205",
        "fillingDate": "2011-05-04",
        "acceptedDate": "2011-05-04 16:27:32",
        "calendarYear": "2011",
        "period": "Q1",
        "revenue": 984900000,
        "costOfRevenue": 692100000,
        "grossProfit": 292800000,
        "grossProfitRatio": 0.2972890649,
        "researchAndDevelopmentExpenses": 0,
        "generalAndAdministrativeExpenses": 0,
        "sellingAndMarketingExpenses": 0,
        "sellingGeneralAndAdministrativeExpenses": 242400000,
        "otherExpenses": 8000000,
        "operatingExpenses": 250400000,
        "costAndExpenses": 942500000,
        "interestIncome": 1300000,
        "interestExpense": 24000000,
        "depreciationAndAmortization": 21100000,
        "ebitda": 76600000,
        "ebitdaratio": 0.0777743933,
        "operatingIncome": 42400000,
        "operatingIncomeRatio": 0.0430500558,
        "totalOtherIncomeExpensesNet": -10900000,
        "incomeBeforeTax": 31500000,
        "incomeBeforeTaxRatio": 0.0319829424,
        "incomeTaxExpense": 10800000,
        "netIncome": 23100000,
        "netIncomeRatio": 0.0234541578,
        "eps": 0.46,
        "epsdiluted": 0.45,
        "weightedAverageShsOut": 50264000,
        "weightedAverageShsOutDil": 50940000,
        "link": "https://www.sec.gov/Archives/edgar/data/88205/000110465911025769/0001104659-11-025769-index.htm",
        "finalLink": "https://www.sec.gov/Archives/edgar/data/88205/000110465911025769/a11-8699_110q.htm"
    },
    {
        "date": "2010-12-31",
        "symbol": "SPXC",
        "reportedCurrency": "USD",
        "cik": "0000088205",
        "fillingDate": "2011-02-22",
        "acceptedDate": "2011-02-22 17:28:50",
        "calendarYear": "2010",
        "period": "Q4",
        "revenue": 1321700000,
        "costOfRevenue": 934100000,
        "grossProfit": 387600000,
        "grossProfitRatio": 0.293258682,
        "researchAndDevelopmentExpenses": 0,
        "generalAndAdministrativeExpenses": 0,
        "sellingAndMarketingExpenses": 0,
        "sellingGeneralAndAdministrativeExpenses": 266600000,
        "otherExpenses": 25700000,
        "operatingExpenses": 292300000,
        "costAndExpenses": 1226400000,
        "interestIncome": 1500000,
        "interestExpense": 23700000,
        "depreciationAndAmortization": 30100000,
        "ebitda": 134200000,
        "ebitdaratio": 0.1015359007,
        "operatingIncome": 95300000,
        "operatingIncomeRatio": 0.0721041083,
        "totalOtherIncomeExpensesNet": -14900000,
        "incomeBeforeTax": 80400000,
        "incomeBeforeTaxRatio": 0.0608307483,
        "incomeTaxExpense": 15700000,
        "netIncome": 65300000,
        "netIncomeRatio": 0.0494060679,
        "eps": 0,
        "epsdiluted": 0,
        "weightedAverageShsOut": 49718000,
        "weightedAverageShsOutDil": 50400000,
        "link": "https://www.sec.gov/Archives/edgar/data/88205/000104746911001138/0001047469-11-001138-index.htm",
        "finalLink": "https://www.sec.gov/Archives/edgar/data/88205/000104746911001138/a2202081z10-k.htm"
    },
    {
        "date": "2010-10-02",
        "symbol": "SPXC",
        "reportedCurrency": "USD",
        "cik": "0000088205",
        "fillingDate": "2010-11-03",
        "acceptedDate": "2010-11-03 16:24:46",
        "calendarYear": "2010",
        "period": "Q3",
        "revenue": 1288400000,
        "costOfRevenue": 910400000,
        "grossProfit": 378000000,
        "grossProfitRatio": 0.2933871468,
        "researchAndDevelopmentExpenses": 0,
        "generalAndAdministrativeExpenses": 0,
        "sellingAndMarketingExpenses": 0,
        "sellingGeneralAndAdministrativeExpenses": 253700000,
        "otherExpenses": 15700000,
        "operatingExpenses": 269400000,
        "costAndExpenses": 1179800000,
        "interestIncome": 1000000,
        "interestExpense": 22400000,
        "depreciationAndAmortization": 27000000,
        "ebitda": 110600000,
        "ebitdaratio": 0.0858429059,
        "operatingIncome": 108600000,
        "operatingIncomeRatio": 0.084290593,
        "totalOtherIncomeExpensesNet": -47400000,
        "incomeBeforeTax": 61200000,
        "incomeBeforeTaxRatio": 0.0475007762,
        "incomeTaxExpense": 21500000,
        "netIncome": 39400000,
        "netIncomeRatio": 0.030580565,
        "eps": 0.79,
        "epsdiluted": 0.78,
        "weightedAverageShsOut": 49740000,
        "weightedAverageShsOutDil": 50445000,
        "link": "https://www.sec.gov/Archives/edgar/data/88205/000110465910055609/0001104659-10-055609-index.htm",
        "finalLink": "https://www.sec.gov/Archives/edgar/data/88205/000110465910055609/a10-17223_110q.htm"
    },
    {
        "date": "2010-07-03",
        "symbol": "SPXC",
        "reportedCurrency": "USD",
        "cik": "0000088205",
        "fillingDate": "2010-08-05",
        "acceptedDate": "2010-08-05 17:04:28",
        "calendarYear": "2010",
        "period": "Q2",
        "revenue": 1188800000,
        "costOfRevenue": 835800000,
        "grossProfit": 353000000,
        "grossProfitRatio": 0.2969380888,
        "researchAndDevelopmentExpenses": 0,
        "generalAndAdministrativeExpenses": 0,
        "sellingAndMarketingExpenses": 0,
        "sellingGeneralAndAdministrativeExpenses": 254500000,
        "otherExpenses": 10800000,
        "operatingExpenses": 265300000,
        "costAndExpenses": 1101100000,
        "interestIncome": 1300000,
        "interestExpense": 20600000,
        "depreciationAndAmortization": 28100000,
        "ebitda": 122500000,
        "ebitdaratio": 0.1030450875,
        "operatingIncome": 87700000,
        "operatingIncomeRatio": 0.0737718708,
        "totalOtherIncomeExpensesNet": -13900000,
        "incomeBeforeTax": 73800000,
        "incomeBeforeTaxRatio": 0.0620794078,
        "incomeTaxExpense": 4200000,
        "netIncome": 78800000,
        "netIncomeRatio": 0.0662853297,
        "eps": 1.59,
        "epsdiluted": 1.57,
        "weightedAverageShsOut": 49657000,
        "weightedAverageShsOutDil": 50294000,
        "link": "https://www.sec.gov/Archives/edgar/data/88205/000110465910042433/0001104659-10-042433-index.htm",
        "finalLink": "https://www.sec.gov/Archives/edgar/data/88205/000110465910042433/a10-9924_110q.htm"
    },
    {
        "date": "2010-04-03",
        "symbol": "SPXC",
        "reportedCurrency": "USD",
        "cik": "0000088205",
        "fillingDate": "2010-05-05",
        "acceptedDate": "2010-05-05 16:57:15",
        "calendarYear": "2010",
        "period": "Q1",
        "revenue": 1084600000,
        "costOfRevenue": 771400000,
        "grossProfit": 313200000,
        "grossProfitRatio": 0.2887700535,
        "researchAndDevelopmentExpenses": 0,
        "generalAndAdministrativeExpenses": 0,
        "sellingAndMarketingExpenses": 0,
        "sellingGeneralAndAdministrativeExpenses": 248300000,
        "otherExpenses": 13000000,
        "operatingExpenses": 261300000,
        "costAndExpenses": 1032700000,
        "interestIncome": 1600000,
        "interestExpense": 20500000,
        "depreciationAndAmortization": 27800000,
        "ebitda": 77900000,
        "ebitdaratio": 0.0718237138,
        "operatingIncome": 51900000,
        "operatingIncomeRatio": 0.0478517426,
        "totalOtherIncomeExpensesNet": -22300000,
        "incomeBeforeTax": 29600000,
        "incomeBeforeTaxRatio": 0.0272911673,
        "incomeTaxExpense": 11700000,
        "netIncome": 22100000,
        "netIncomeRatio": 0.0203761755,
        "eps": 0.45,
        "epsdiluted": 0.44,
        "weightedAverageShsOut": 49530000,
        "weightedAverageShsOutDil": 49921000,
        "link": "https://www.sec.gov/Archives/edgar/data/88205/000110465910025827/0001104659-10-025827-index.htm",
        "finalLink": "https://www.sec.gov/Archives/edgar/data/88205/000110465910025827/a10-5718_110q.htm"
    },
    {
        "date": "2009-12-31",
        "symbol": "SPXC",
        "reportedCurrency": "USD",
        "cik": "0000088205",
        "fillingDate": "2010-02-26",
        "acceptedDate": "2010-02-25 21:20:57",
        "calendarYear": "2009",
        "period": "Q4",
        "revenue": 1324100000,
        "costOfRevenue": 937800000,
        "grossProfit": 386300000,
        "grossProfitRatio": 0.2917453365,
        "researchAndDevelopmentExpenses": 0,
        "generalAndAdministrativeExpenses": 0,
        "sellingAndMarketingExpenses": 0,
        "sellingGeneralAndAdministrativeExpenses": 249800000,
        "otherExpenses": 218900000,
        "operatingExpenses": 468700000,
        "costAndExpenses": 1406500000,
        "interestIncome": 1500000,
        "interestExpense": 23400000,
        "depreciationAndAmortization": 25900000,
        "ebitda": -46800000,
        "ebitdaratio": -0.0353447625,
        "operatingIncome": -82400000,
        "operatingIncomeRatio": -0.0622309493,
        "totalOtherIncomeExpensesNet": -13700000,
        "incomeBeforeTax": -96100000,
        "incomeBeforeTaxRatio": -0.0725775999,
        "incomeTaxExpense": -16100000,
        "netIncome": -72100000,
        "netIncomeRatio": -0.0544520807,
        "eps": 0,
        "epsdiluted": 0,
        "weightedAverageShsOut": 49363000,
        "weightedAverageShsOutDil": 49797000,
        "link": "https://www.sec.gov/Archives/edgar/data/88205/000104746910001447/0001047469-10-001447-index.htm",
        "finalLink": "https://www.sec.gov/Archives/edgar/data/88205/000104746910001447/a2196651z10-k.htm"
    },
    {
        "date": "2009-09-26",
        "symbol": "SPXC",
        "reportedCurrency": "USD",
        "cik": "0000088205",
        "fillingDate": "2009-10-28",
        "acceptedDate": "2009-10-28 16:11:31",
        "calendarYear": "2009",
        "period": "Q3",
        "revenue": 1173600000,
        "costOfRevenue": 819000000,
        "grossProfit": 354600000,
        "grossProfitRatio": 0.3021472393,
        "researchAndDevelopmentExpenses": 0,
        "generalAndAdministrativeExpenses": 0,
        "sellingAndMarketingExpenses": 0,
        "sellingGeneralAndAdministrativeExpenses": 227400000,
        "otherExpenses": 24900000,
        "operatingExpenses": 252300000,
        "costAndExpenses": 1071300000,
        "interestIncome": 1800000,
        "interestExpense": 22900000,
        "depreciationAndAmortization": 28100000,
        "ebitda": 131200000,
        "ebitdaratio": 0.1117927744,
        "operatingIncome": 102300000,
        "operatingIncomeRatio": 0.0871676892,
        "totalOtherIncomeExpensesNet": -22100000,
        "incomeBeforeTax": 80200000,
        "incomeBeforeTaxRatio": 0.0683367416,
        "incomeTaxExpense": 29400000,
        "netIncome": 46000000,
        "netIncomeRatio": 0.0391956374,
        "eps": 0.94,
        "epsdiluted": 0.93,
        "weightedAverageShsOut": 49170000,
        "weightedAverageShsOutDil": 49650000,
        "link": "https://www.sec.gov/Archives/edgar/data/88205/000110465909060877/0001104659-09-060877-index.htm",
        "finalLink": "https://www.sec.gov/Archives/edgar/data/88205/000110465909060877/a09-26854_110q.htm"
    },
    {
        "date": "2009-06-27",
        "symbol": "SPXC",
        "reportedCurrency": "USD",
        "cik": "0000088205",
        "fillingDate": "2009-07-29",
        "acceptedDate": "2009-07-29 16:33:38",
        "calendarYear": "2009",
        "period": "Q2",
        "revenue": 1193500000,
        "costOfRevenue": 845400000,
        "grossProfit": 348100000,
        "grossProfitRatio": 0.2916631755,
        "researchAndDevelopmentExpenses": 0,
        "generalAndAdministrativeExpenses": 0,
        "sellingAndMarketingExpenses": 0,
        "sellingGeneralAndAdministrativeExpenses": 242100000,
        "otherExpenses": 28500000,
        "operatingExpenses": 270600000,
        "costAndExpenses": 1116000000,
        "interestIncome": 2100000,
        "interestExpense": 22800000,
        "depreciationAndAmortization": 26800000,
        "ebitda": 110300000,
        "ebitdaratio": 0.0924172602,
        "operatingIncome": 77500000,
        "operatingIncomeRatio": 0.0649350649,
        "totalOtherIncomeExpensesNet": -16800000,
        "incomeBeforeTax": 60700000,
        "incomeBeforeTaxRatio": 0.0508588186,
        "incomeTaxExpense": 21600000,
        "netIncome": 33400000,
        "netIncomeRatio": 0.0279849183,
        "eps": 0.68,
        "epsdiluted": 0.68,
        "weightedAverageShsOut": 49021000,
        "weightedAverageShsOutDil": 49424000,
        "link": "https://www.sec.gov/Archives/edgar/data/88205/000110465909045579/0001104659-09-045579-index.htm",
        "finalLink": "https://www.sec.gov/Archives/edgar/data/88205/000110465909045579/a09-19304_110q.htm"
    },
    {
        "date": "2009-03-28",
        "symbol": "SPXC",
        "reportedCurrency": "USD",
        "cik": "0000088205",
        "fillingDate": "2009-04-29",
        "acceptedDate": "2009-04-29 17:10:22",
        "calendarYear": "2009",
        "period": "Q1",
        "revenue": 1159600000,
        "costOfRevenue": 827600000,
        "grossProfit": 332000000,
        "grossProfitRatio": 0.2863056226,
        "researchAndDevelopmentExpenses": 0,
        "generalAndAdministrativeExpenses": 0,
        "sellingAndMarketingExpenses": 0,
        "sellingGeneralAndAdministrativeExpenses": 242000000,
        "otherExpenses": 17100000,
        "operatingExpenses": 259100000,
        "costAndExpenses": 1086700000,
        "interestIncome": 2100000,
        "interestExpense": 23000000,
        "depreciationAndAmortization": 25100000,
        "ebitda": 98700000,
        "ebitdaratio": 0.0851155571,
        "operatingIncome": 72900000,
        "operatingIncomeRatio": 0.0628665057,
        "totalOtherIncomeExpensesNet": -22300000,
        "incomeBeforeTax": 50600000,
        "incomeBeforeTaxRatio": 0.0436357365,
        "incomeTaxExpense": 12300000,
        "netIncome": 24400000,
        "netIncomeRatio": 0.0210417385,
        "eps": 0.49,
        "epsdiluted": 0.48,
        "weightedAverageShsOut": 49952000,
        "weightedAverageShsOutDil": 50278000,
        "link": "https://www.sec.gov/Archives/edgar/data/88205/000110465909027129/0001104659-09-027129-index.htm",
        "finalLink": "https://www.sec.gov/Archives/edgar/data/88205/000110465909027129/a09-11339_110q.htm"
    },
    {
        "date": "2008-12-31",
        "symbol": "SPXC",
        "reportedCurrency": "USD",
        "cik": "0000088205",
        "fillingDate": "2009-03-02",
        "acceptedDate": "2009-03-02 06:05:36",
        "calendarYear": "2008",
        "period": "Q4",
        "revenue": 1430200000,
        "costOfRevenue": 982100000,
        "grossProfit": 448100000,
        "grossProfitRatio": 0.3133128234,
        "researchAndDevelopmentExpenses": 0,
        "generalAndAdministrativeExpenses": 0,
        "sellingAndMarketingExpenses": 0,
        "sellingGeneralAndAdministrativeExpenses": 262900000,
        "otherExpenses": 136500000,
        "operatingExpenses": 399400000,
        "costAndExpenses": 1381500000,
        "interestIncome": 0,
        "interestExpense": 0,
        "depreciationAndAmortization": 20700000,
        "ebitda": 118100000,
        "ebitdaratio": 0.0825758635,
        "operatingIncome": 48700000,
        "operatingIncomeRatio": 0.0340511817,
        "totalOtherIncomeExpensesNet": -6200000,
        "incomeBeforeTax": 42500000,
        "incomeBeforeTaxRatio": 0.0297161236,
        "incomeTaxExpense": 53900000,
        "netIncome": -25300000,
        "netIncomeRatio": -0.0176898336,
        "eps": 0,
        "epsdiluted": 0,
        "weightedAverageShsOut": 53046000,
        "weightedAverageShsOutDil": 54062000,
        "link": "https://www.sec.gov/Archives/edgar/data/88205/000104746909002043/0001047469-09-002043-index.htm",
        "finalLink": "https://www.sec.gov/Archives/edgar/data/88205/000104746909002043/a2191039z10-k.htm"
    },
    {
        "date": "2008-09-27",
        "symbol": "SPXC",
        "reportedCurrency": "USD",
        "cik": "0000088205",
        "fillingDate": "2008-10-31",
        "acceptedDate": "2008-10-30 19:53:12",
        "calendarYear": "2008",
        "period": "Q3",
        "revenue": 1509600000,
        "costOfRevenue": 1062900000,
        "grossProfit": 446700000,
        "grossProfitRatio": 0.2959062003,
        "researchAndDevelopmentExpenses": 0,
        "generalAndAdministrativeExpenses": 0,
        "sellingAndMarketingExpenses": 0,
        "sellingGeneralAndAdministrativeExpenses": 280000000,
        "otherExpenses": 11200000,
        "operatingExpenses": 291200000,
        "costAndExpenses": 1354100000,
        "interestIncome": 0,
        "interestExpense": 0,
        "depreciationAndAmortization": 29100000,
        "ebitda": 184600000,
        "ebitdaratio": 0.1222840488,
        "operatingIncome": 155500000,
        "operatingIncomeRatio": 0.1030074192,
        "totalOtherIncomeExpensesNet": -26800000,
        "incomeBeforeTax": 128700000,
        "incomeBeforeTaxRatio": 0.085254372,
        "incomeTaxExpense": 18200000,
        "netIncome": 117000000,
        "netIncomeRatio": 0.0775039746,
        "eps": 2.18,
        "epsdiluted": 2.13,
        "weightedAverageShsOut": 53694000,
        "weightedAverageShsOutDil": 54876000,
        "link": "https://www.sec.gov/Archives/edgar/data/88205/000110465908067043/0001104659-08-067043-index.htm",
        "finalLink": "https://www.sec.gov/Archives/edgar/data/88205/000110465908067043/a08-25672_110q.htm"
    },
    {
        "date": "2008-06-28",
        "symbol": "SPXC",
        "reportedCurrency": "USD",
        "cik": "0000088205",
        "fillingDate": "2008-08-01",
        "acceptedDate": "2008-08-01 17:17:32",
        "calendarYear": "2008",
        "period": "Q2",
        "revenue": 1504900000,
        "costOfRevenue": 1043800000,
        "grossProfit": 461100000,
        "grossProfitRatio": 0.3063990963,
        "researchAndDevelopmentExpenses": 0,
        "generalAndAdministrativeExpenses": 0,
        "sellingAndMarketingExpenses": 0,
        "sellingGeneralAndAdministrativeExpenses": 290600000,
        "otherExpenses": 10800000,
        "operatingExpenses": 301400000,
        "costAndExpenses": 1345200000,
        "interestIncome": 1900000,
        "interestExpense": 29300000,
        "depreciationAndAmortization": 28100000,
        "ebitda": 197100000,
        "ebitdaratio": 0.1309721576,
        "operatingIncome": 159700000,
        "operatingIncomeRatio": 0.106120008,
        "totalOtherIncomeExpensesNet": -20000000,
        "incomeBeforeTax": 139700000,
        "incomeBeforeTaxRatio": 0.0928300884,
        "incomeTaxExpense": 49400000,
        "netIncome": 94800000,
        "netIncomeRatio": 0.0629942189,
        "eps": 1.77,
        "epsdiluted": 1.73,
        "weightedAverageShsOut": 53656000,
        "weightedAverageShsOutDil": 54646000,
        "link": "https://www.sec.gov/Archives/edgar/data/88205/000110465908049333/0001104659-08-049333-index.htm",
        "finalLink": "https://www.sec.gov/Archives/edgar/data/88205/000110465908049333/a08-19001_110q.htm"
    },
    {
        "date": "2008-03-29",
        "symbol": "SPXC",
        "reportedCurrency": "USD",
        "cik": "0000088205",
        "fillingDate": "2008-05-07",
        "acceptedDate": "2008-05-07 06:01:06",
        "calendarYear": "2008",
        "period": "Q1",
        "revenue": 1349900000,
        "costOfRevenue": 946100000,
        "grossProfit": 403800000,
        "grossProfitRatio": 0.2991332691,
        "researchAndDevelopmentExpenses": 0,
        "generalAndAdministrativeExpenses": 0,
        "sellingAndMarketingExpenses": 0,
        "sellingGeneralAndAdministrativeExpenses": 290300000,
        "otherExpenses": 7400000,
        "operatingExpenses": 297700000,
        "costAndExpenses": 1243800000,
        "interestIncome": 2300000,
        "interestExpense": 31100000,
        "depreciationAndAmortization": 26600000,
        "ebitda": 152200000,
        "ebitdaratio": 0.1127490925,
        "operatingIncome": 106100000,
        "operatingIncomeRatio": 0.0785984147,
        "totalOtherIncomeExpensesNet": -11600000,
        "incomeBeforeTax": 94500000,
        "incomeBeforeTaxRatio": 0.0700051856,
        "incomeTaxExpense": 30100000,
        "netIncome": 61400000,
        "netIncomeRatio": 0.0454848507,
        "eps": 1.15,
        "epsdiluted": 1.13,
        "weightedAverageShsOut": 53158000,
        "weightedAverageShsOutDil": 54144000,
        "link": "https://www.sec.gov/Archives/edgar/data/88205/000110465908030455/0001104659-08-030455-index.htm",
        "finalLink": "https://www.sec.gov/Archives/edgar/data/88205/000110465908030455/a08-11666_110q.htm"
    },
    {
        "date": "2007-12-31",
        "symbol": "SPXC",
        "reportedCurrency": "USD",
        "cik": "0000088205",
        "fillingDate": "2008-03-04",
        "acceptedDate": "2008-03-04 06:01:15",
        "calendarYear": "2007",
        "period": "Q4",
        "revenue": 1284900000,
        "costOfRevenue": 871800000,
        "grossProfit": 413100000,
        "grossProfitRatio": 0.321503619,
        "researchAndDevelopmentExpenses": 0,
        "generalAndAdministrativeExpenses": 0,
        "sellingAndMarketingExpenses": 0,
        "sellingGeneralAndAdministrativeExpenses": 257400000,
        "otherExpenses": 12500000,
        "operatingExpenses": 269900000,
        "costAndExpenses": 1141700000,
        "interestIncome": 0,
        "interestExpense": 0,
        "depreciationAndAmortization": 19700000,
        "ebitda": 162900000,
        "ebitdaratio": 0.1267802942,
        "operatingIncome": 143200000,
        "operatingIncomeRatio": 0.1114483617,
        "totalOtherIncomeExpensesNet": -12500000,
        "incomeBeforeTax": 130700000,
        "incomeBeforeTaxRatio": 0.1017199782,
        "incomeTaxExpense": 27700000,
        "netIncome": 108200000,
        "netIncomeRatio": 0.0842088879,
        "eps": 0,
        "epsdiluted": 0,
        "weightedAverageShsOut": 51941000,
        "weightedAverageShsOutDil": 56307000,
        "link": "https://www.sec.gov/Archives/edgar/data/88205/000104746908002174/0001047469-08-002174-index.htm",
        "finalLink": "https://www.sec.gov/Archives/edgar/data/88205/000104746908002174/a2182978z10-k.htm"
    },
    {
        "date": "2007-09-30",
        "symbol": "SPXC",
        "reportedCurrency": "USD",
        "cik": "0000088205",
        "fillingDate": "2007-11-08",
        "acceptedDate": "2007-11-08 16:03:23",
        "calendarYear": "2007",
        "period": "Q3",
        "revenue": 1232100000,
        "costOfRevenue": 876000000,
        "grossProfit": 356100000,
        "grossProfitRatio": 0.2890187485,
        "researchAndDevelopmentExpenses": 0,
        "generalAndAdministrativeExpenses": 0,
        "sellingAndMarketingExpenses": 0,
        "sellingGeneralAndAdministrativeExpenses": 228600000,
        "otherExpenses": 7000000,
        "operatingExpenses": 235600000,
        "costAndExpenses": 1111600000,
        "interestIncome": 0,
        "interestExpense": 0,
        "depreciationAndAmortization": 20000000,
        "ebitda": 140500000,
        "ebitdaratio": 0.1140329519,
        "operatingIncome": 120500000,
        "operatingIncomeRatio": 0.0978005032,
        "totalOtherIncomeExpensesNet": -13400000,
        "incomeBeforeTax": 107100000,
        "incomeBeforeTaxRatio": 0.0869247626,
        "incomeTaxExpense": 14000000,
        "netIncome": 92900000,
        "netIncomeRatio": 0.075399724,
        "eps": 1.75,
        "epsdiluted": 1.71,
        "weightedAverageShsOut": 53045000,
        "weightedAverageShsOutDil": 54473000,
        "link": "https://www.sec.gov/Archives/edgar/data/88205/000110465907081178/0001104659-07-081178-index.htm",
        "finalLink": "https://www.sec.gov/Archives/edgar/data/88205/000110465907081178/a07-25989_110q.htm"
    },
    {
        "date": "2007-06-30",
        "symbol": "SPXC",
        "reportedCurrency": "USD",
        "cik": "0000088205",
        "fillingDate": "2007-08-02",
        "acceptedDate": "2007-08-02 06:26:24",
        "calendarYear": "2007",
        "period": "Q2",
        "revenue": 1276500000,
        "costOfRevenue": 930800000,
        "grossProfit": 345700000,
        "grossProfitRatio": 0.2708186447,
        "researchAndDevelopmentExpenses": 0,
        "generalAndAdministrativeExpenses": 0,
        "sellingAndMarketingExpenses": 0,
        "sellingGeneralAndAdministrativeExpenses": 231900000,
        "otherExpenses": 5900000,
        "operatingExpenses": 237800000,
        "costAndExpenses": 1168600000,
        "interestIncome": 0,
        "interestExpense": 0,
        "depreciationAndAmortization": 20200000,
        "ebitda": 128100000,
        "ebitdaratio": 0.1003525264,
        "operatingIncome": 107900000,
        "operatingIncomeRatio": 0.0845280063,
        "totalOtherIncomeExpensesNet": -4900000,
        "incomeBeforeTax": 103000000,
        "incomeBeforeTaxRatio": 0.080689385,
        "incomeTaxExpense": 30800000,
        "netIncome": 63900000,
        "netIncomeRatio": 0.0500587544,
        "eps": 1.14,
        "epsdiluted": 1.12,
        "weightedAverageShsOut": 55837000,
        "weightedAverageShsOutDil": 57286000,
        "link": "https://www.sec.gov/Archives/edgar/data/88205/000110465907058084/0001104659-07-058084-index.htm",
        "finalLink": "https://www.sec.gov/Archives/edgar/data/88205/000110465907058084/a07-19411_110q.htm"
    },
    {
        "date": "2007-03-31",
        "symbol": "SPXC",
        "reportedCurrency": "USD",
        "cik": "0000088205",
        "fillingDate": "2007-05-02",
        "acceptedDate": "2007-05-29 09:51:21",
        "calendarYear": "2007",
        "period": "Q1",
        "revenue": 1077900000,
        "costOfRevenue": 783100000,
        "grossProfit": 294800000,
        "grossProfitRatio": 0.2734947583,
        "researchAndDevelopmentExpenses": 0,
        "generalAndAdministrativeExpenses": 0,
        "sellingAndMarketingExpenses": 0,
        "sellingGeneralAndAdministrativeExpenses": 235400000,
        "otherExpenses": 4800000,
        "operatingExpenses": 240200000,
        "costAndExpenses": 1023300000,
        "interestIncome": 0,
        "interestExpense": 0,
        "depreciationAndAmortization": 19100000,
        "ebitda": 73700000,
        "ebitdaratio": 0.0683736896,
        "operatingIncome": 54600000,
        "operatingIncomeRatio": 0.0506540495,
        "totalOtherIncomeExpensesNet": -4200000,
        "incomeBeforeTax": 50400000,
        "incomeBeforeTaxRatio": 0.0467575842,
        "incomeTaxExpense": 17300000,
        "netIncome": 29200000,
        "netIncomeRatio": 0.0270897115,
        "eps": 0.5,
        "epsdiluted": 0.49,
        "weightedAverageShsOut": 58606000,
        "weightedAverageShsOutDil": 60123000,
        "link": "https://www.sec.gov/Archives/edgar/data/88205/000110465907043270/0001104659-07-043270-index.htm",
        "finalLink": "https://www.sec.gov/Archives/edgar/data/88205/000110465907043270/a07-15401_110q.htm"
    },
    {
        "date": "2006-12-31",
        "symbol": "SPXC",
        "reportedCurrency": "USD",
        "cik": "0000088205",
        "fillingDate": "2007-03-01",
        "acceptedDate": "2007-03-01 17:00:43",
        "calendarYear": "2006",
        "period": "Q4",
        "revenue": 1261600000,
        "costOfRevenue": 912200000,
        "grossProfit": 349400000,
        "grossProfitRatio": 0.2769499049,
        "researchAndDevelopmentExpenses": 0,
        "generalAndAdministrativeExpenses": 0,
        "sellingAndMarketingExpenses": 0,
        "sellingGeneralAndAdministrativeExpenses": 229400000,
        "otherExpenses": 3800000,
        "operatingExpenses": 233200000,
        "costAndExpenses": 1145400000,
        "interestIncome": 0,
        "interestExpense": 0,
        "depreciationAndAmortization": 21400000,
        "ebitda": 133000000,
        "ebitdaratio": 0.1054216867,
        "operatingIncome": 116200000,
        "operatingIncomeRatio": 0.0921052632,
        "totalOtherIncomeExpensesNet": 19000000,
        "incomeBeforeTax": 135200000,
        "incomeBeforeTaxRatio": 0.1071655041,
        "incomeTaxExpense": 24400000,
        "netIncome": 86800000,
        "netIncomeRatio": 0.0688015219,
        "eps": 0,
        "epsdiluted": 0,
        "weightedAverageShsOut": 57432000,
        "weightedAverageShsOutDil": 60724000,
        "link": "https://www.sec.gov/Archives/edgar/data/88205/000110465907015603/0001104659-07-015603-index.htm",
        "finalLink": "https://www.sec.gov/Archives/edgar/data/88205/000110465907015603/a07-4950_110k.htm"
    },
    {
        "date": "2006-09-30",
        "symbol": "SPXC",
        "reportedCurrency": "USD",
        "cik": "0000088205",
        "fillingDate": "2006-11-02",
        "acceptedDate": "2006-11-02 16:47:11",
        "calendarYear": "2006",
        "period": "Q3",
        "revenue": 1033200000,
        "costOfRevenue": 734500000,
        "grossProfit": 298700000,
        "grossProfitRatio": 0.2891018196,
        "researchAndDevelopmentExpenses": 0,
        "generalAndAdministrativeExpenses": 0,
        "sellingAndMarketingExpenses": 0,
        "sellingGeneralAndAdministrativeExpenses": 205300000,
        "otherExpenses": 5600000,
        "operatingExpenses": 210900000,
        "costAndExpenses": 945400000,
        "interestIncome": 0,
        "interestExpense": 0,
        "depreciationAndAmortization": 15400000,
        "ebitda": 103200000,
        "ebitdaratio": 0.099883856,
        "operatingIncome": 87800000,
        "operatingIncomeRatio": 0.0849787069,
        "totalOtherIncomeExpensesNet": -4700000,
        "incomeBeforeTax": 83100000,
        "incomeBeforeTaxRatio": 0.0804297329,
        "incomeTaxExpense": 32400000,
        "netIncome": -48100000,
        "netIncomeRatio": -0.0465543941,
        "eps": -0.85,
        "epsdiluted": -0.85,
        "weightedAverageShsOut": 56899000,
        "weightedAverageShsOutDil": 58398000,
        "link": "https://www.sec.gov/Archives/edgar/data/88205/000110465906070762/0001104659-06-070762-index.htm",
        "finalLink": "https://www.sec.gov/Archives/edgar/data/88205/000110465906070762/a06-21880_110q.htm"
    },
    {
        "date": "2006-06-30",
        "symbol": "SPXC",
        "reportedCurrency": "USD",
        "cik": "0000088205",
        "fillingDate": "2006-08-04",
        "acceptedDate": "2006-08-04 16:26:03",
        "calendarYear": "2006",
        "period": "Q2",
        "revenue": 1042600000,
        "costOfRevenue": 750000000,
        "grossProfit": 292600000,
        "grossProfitRatio": 0.2806445425,
        "researchAndDevelopmentExpenses": 0,
        "generalAndAdministrativeExpenses": 0,
        "sellingAndMarketingExpenses": 0,
        "sellingGeneralAndAdministrativeExpenses": 218100000,
        "otherExpenses": 5100000,
        "operatingExpenses": 223200000,
        "costAndExpenses": 973200000,
        "interestIncome": 0,
        "interestExpense": 0,
        "depreciationAndAmortization": 17400000,
        "ebitda": 86800000,
        "ebitdaratio": 0.0832534049,
        "operatingIncome": 69400000,
        "operatingIncomeRatio": 0.0665643583,
        "totalOtherIncomeExpensesNet": -28500000,
        "incomeBeforeTax": 40900000,
        "incomeBeforeTaxRatio": 0.0392288509,
        "incomeTaxExpense": -16300000,
        "netIncome": 110300000,
        "netIncomeRatio": 0.1057932093,
        "eps": 1.88,
        "epsdiluted": 1.83,
        "weightedAverageShsOut": 58744000,
        "weightedAverageShsOutDil": 60212000,
        "link": "https://www.sec.gov/Archives/edgar/data/88205/000110465906051599/0001104659-06-051599-index.htm",
        "finalLink": "https://www.sec.gov/Archives/edgar/data/88205/000110465906051599/a06-15566_110q.htm"
    },
    {
        "date": "2006-03-31",
        "symbol": "SPXC",
        "reportedCurrency": "USD",
        "cik": "0000088205",
        "fillingDate": "2006-05-10",
        "acceptedDate": "2006-05-10 16:38:01",
        "calendarYear": "2006",
        "period": "Q1",
        "revenue": 953500000,
        "costOfRevenue": 701000000,
        "grossProfit": 252500000,
        "grossProfitRatio": 0.2648138437,
        "researchAndDevelopmentExpenses": 0,
        "generalAndAdministrativeExpenses": 0,
        "sellingAndMarketingExpenses": 0,
        "sellingGeneralAndAdministrativeExpenses": 207600000,
        "otherExpenses": 4200000,
        "operatingExpenses": 211800000,
        "costAndExpenses": 912800000,
        "interestIncome": 0,
        "interestExpense": 0,
        "depreciationAndAmortization": 19000000,
        "ebitda": 59700000,
        "ebitdaratio": 0.0626114316,
        "operatingIncome": 40700000,
        "operatingIncomeRatio": 0.0426848453,
        "totalOtherIncomeExpensesNet": -1500000,
        "incomeBeforeTax": 39200000,
        "incomeBeforeTaxRatio": 0.0411116938,
        "incomeTaxExpense": 15700000,
        "netIncome": 21700000,
        "netIncomeRatio": 0.022758259,
        "eps": 0.36,
        "epsdiluted": 0.35,
        "weightedAverageShsOut": 59971000,
        "weightedAverageShsOutDil": 65363000,
        "link": "https://www.sec.gov/Archives/edgar/data/88205/000110465906033354/0001104659-06-033354-index.htm",
        "finalLink": "https://www.sec.gov/Archives/edgar/data/88205/000110465906033354/a06-9705_110q.htm"
    },
    {
        "date": "2005-12-31",
        "symbol": "SPXC",
        "reportedCurrency": "USD",
        "cik": "0000088205",
        "fillingDate": "2006-03-16",
        "acceptedDate": "2006-03-16 14:45:23",
        "calendarYear": "2005",
        "period": "Q4",
        "revenue": 1177700000,
        "costOfRevenue": 852700000,
        "grossProfit": 325000000,
        "grossProfitRatio": 0.2759616201,
        "researchAndDevelopmentExpenses": 0,
        "generalAndAdministrativeExpenses": 0,
        "sellingAndMarketingExpenses": 0,
        "sellingGeneralAndAdministrativeExpenses": 204900000,
        "otherExpenses": 86400000,
        "operatingExpenses": 291300000,
        "costAndExpenses": 1144000000,
        "interestIncome": 0,
        "interestExpense": 0,
        "depreciationAndAmortization": 22200000,
        "ebitda": 55900000,
        "ebitdaratio": 0.0474653987,
        "operatingIncome": 33700000,
        "operatingIncomeRatio": 0.0286150972,
        "totalOtherIncomeExpensesNet": -11100000,
        "incomeBeforeTax": 22600000,
        "incomeBeforeTaxRatio": 0.0191899465,
        "incomeTaxExpense": 50400000,
        "netIncome": 47400000,
        "netIncomeRatio": 0.0402479409,
        "eps": 0,
        "epsdiluted": 0,
        "weightedAverageShsOut": 71084000,
        "weightedAverageShsOutDil": 71084000,
        "link": "https://www.sec.gov/Archives/edgar/data/88205/000104746906003567/0001047469-06-003567-index.htm",
        "finalLink": "https://www.sec.gov/Archives/edgar/data/88205/000104746906003567/a2167760z10-k.htm"
    },
    {
        "date": "2005-09-30",
        "symbol": "SPXC",
        "reportedCurrency": "USD",
        "cik": "0000088205",
        "fillingDate": "2005-11-07",
        "acceptedDate": "2005-11-07 17:01:32",
        "calendarYear": "2005",
        "period": "Q3",
        "revenue": 961600000,
        "costOfRevenue": 694400000,
        "grossProfit": 267200000,
        "grossProfitRatio": 0.2778702163,
        "researchAndDevelopmentExpenses": 0,
        "generalAndAdministrativeExpenses": 0,
        "sellingAndMarketingExpenses": 0,
        "sellingGeneralAndAdministrativeExpenses": 191300000,
        "otherExpenses": -1900000,
        "operatingExpenses": 189400000,
        "costAndExpenses": 883800000,
        "interestIncome": 0,
        "interestExpense": 0,
        "depreciationAndAmortization": 8700000,
        "ebitda": 81100000,
        "ebitdaratio": 0.0843386023,
        "operatingIncome": 77800000,
        "operatingIncomeRatio": 0.080906822,
        "totalOtherIncomeExpensesNet": -4800000,
        "incomeBeforeTax": 73000000,
        "incomeBeforeTaxRatio": 0.0759151414,
        "incomeTaxExpense": 20800000,
        "netIncome": 37400000,
        "netIncomeRatio": 0.0388935108,
        "eps": 0.53,
        "epsdiluted": 0.49,
        "weightedAverageShsOut": 70981000,
        "weightedAverageShsOutDil": 81825000,
        "link": "https://www.sec.gov/Archives/edgar/data/88205/000110465905053115/0001104659-05-053115-index.htm",
        "finalLink": "https://www.sec.gov/Archives/edgar/data/88205/000110465905053115/a05-18487_110q.htm"
    },
    {
        "date": "2005-06-30",
        "symbol": "SPXC",
        "reportedCurrency": "USD",
        "cik": "0000088205",
        "fillingDate": "2005-08-05",
        "acceptedDate": "2005-08-05 15:07:16",
        "calendarYear": "2005",
        "period": "Q2",
        "revenue": 1026900000,
        "costOfRevenue": 757100000,
        "grossProfit": 269800000,
        "grossProfitRatio": 0.2627324959,
        "researchAndDevelopmentExpenses": 0,
        "generalAndAdministrativeExpenses": 0,
        "sellingAndMarketingExpenses": 0,
        "sellingGeneralAndAdministrativeExpenses": 204000000,
        "otherExpenses": 8900000,
        "operatingExpenses": 212900000,
        "costAndExpenses": 970000000,
        "interestIncome": 0,
        "interestExpense": 0,
        "depreciationAndAmortization": 21600000,
        "ebitda": 78500000,
        "ebitdaratio": 0.0764436654,
        "operatingIncome": 56900000,
        "operatingIncomeRatio": 0.0554094849,
        "totalOtherIncomeExpensesNet": -29500000,
        "incomeBeforeTax": 27400000,
        "incomeBeforeTaxRatio": 0.0266822475,
        "incomeTaxExpense": 36400000,
        "netIncome": 321800000,
        "netIncomeRatio": 0.3133703379,
        "eps": 4.33,
        "epsdiluted": 4.33,
        "weightedAverageShsOut": 74285000,
        "weightedAverageShsOutDil": 74285000,
        "link": "https://www.sec.gov/Archives/edgar/data/88205/000110465905036832/0001104659-05-036832-index.htm",
        "finalLink": "https://www.sec.gov/Archives/edgar/data/88205/000110465905036832/a05-13950_110q.htm"
    },
    {
        "date": "2005-03-31",
        "symbol": "SPXC",
        "reportedCurrency": "USD",
        "cik": "0000088205",
        "fillingDate": "2005-05-04",
        "acceptedDate": "2005-05-04 17:10:01",
        "calendarYear": "2005",
        "period": "Q1",
        "revenue": 977600000,
        "costOfRevenue": 731200000,
        "grossProfit": 246400000,
        "grossProfitRatio": 0.2520458265,
        "researchAndDevelopmentExpenses": 0,
        "generalAndAdministrativeExpenses": 0,
        "sellingAndMarketingExpenses": 0,
        "sellingGeneralAndAdministrativeExpenses": 201400000,
        "otherExpenses": 9200000,
        "operatingExpenses": 210600000,
        "costAndExpenses": 941800000,
        "interestIncome": 0,
        "interestExpense": 0,
        "depreciationAndAmortization": 23200000,
        "ebitda": 59000000,
        "ebitdaratio": 0.0603518822,
        "operatingIncome": 35800000,
        "operatingIncomeRatio": 0.0366202946,
        "totalOtherIncomeExpensesNet": -137500000,
        "incomeBeforeTax": -101700000,
        "incomeBeforeTaxRatio": -0.1040302782,
        "incomeTaxExpense": -38900000,
        "netIncome": 683400000,
        "netIncomeRatio": 0.6990589198,
        "eps": 9.17,
        "epsdiluted": 9.17,
        "weightedAverageShsOut": 74556000,
        "weightedAverageShsOutDil": 74556000,
        "link": "https://www.sec.gov/Archives/edgar/data/88205/000104746905013162/0001047469-05-013162-index.htm",
        "finalLink": "https://www.sec.gov/Archives/edgar/data/88205/000104746905013162/a2157378z10-q.htm"
    },
    {
        "date": "2004-12-31",
        "symbol": "SPXC",
        "reportedCurrency": "USD",
        "cik": "0000088205",
        "fillingDate": "2005-03-16",
        "acceptedDate": "2005-03-16 17:05:51",
        "calendarYear": "2004",
        "period": "Q4",
        "revenue": 563400000,
        "costOfRevenue": 505700000,
        "grossProfit": 57700000,
        "grossProfitRatio": 0.1024139155,
        "researchAndDevelopmentExpenses": 0,
        "generalAndAdministrativeExpenses": 0,
        "sellingAndMarketingExpenses": 0,
        "sellingGeneralAndAdministrativeExpenses": 78700000,
        "otherExpenses": 194300000,
        "operatingExpenses": 273000000,
        "costAndExpenses": 778700000,
        "interestIncome": 0,
        "interestExpense": 0,
        "depreciationAndAmortization": 11100000,
        "ebitda": -204200000,
        "ebitdaratio": -0.3624423145,
        "operatingIncome": -215300000,
        "operatingIncomeRatio": -0.382144125,
        "totalOtherIncomeExpensesNet": -56100000,
        "incomeBeforeTax": -271400000,
        "incomeBeforeTaxRatio": -0.4817181399,
        "incomeTaxExpense": -50600000,
        "netIncome": -110800000,
        "netIncomeRatio": -0.1966631168,
        "eps": 0,
        "epsdiluted": 0,
        "weightedAverageShsOut": 74271000,
        "weightedAverageShsOutDil": 74556000,
        "link": "https://www.sec.gov/Archives/edgar/data/88205/000104746905006807/0001047469-05-006807-index.htm",
        "finalLink": "https://www.sec.gov/Archives/edgar/data/88205/000104746905006807/a2153642z10-k.htm"
    },
    {
        "date": "2004-09-30",
        "symbol": "SPXC",
        "reportedCurrency": "USD",
        "cik": "0000088205",
        "fillingDate": "2004-11-01",
        "acceptedDate": "2004-11-01 07:12:29",
        "calendarYear": "2004",
        "period": "Q3",
        "revenue": 1028800000,
        "costOfRevenue": 760100000,
        "grossProfit": 268700000,
        "grossProfitRatio": 0.2611780715,
        "researchAndDevelopmentExpenses": 0,
        "generalAndAdministrativeExpenses": 0,
        "sellingAndMarketingExpenses": 0,
        "sellingGeneralAndAdministrativeExpenses": 186900000,
        "otherExpenses": 82000000,
        "operatingExpenses": 268900000,
        "costAndExpenses": 1029000000,
        "interestIncome": 0,
        "interestExpense": 0,
        "depreciationAndAmortization": 5400000,
        "ebitda": 5200000,
        "ebitdaratio": 0.0050544323,
        "operatingIncome": -200000,
        "operatingIncomeRatio": -0.0001944012,
        "totalOtherIncomeExpensesNet": -41500000,
        "incomeBeforeTax": -41700000,
        "incomeBeforeTaxRatio": -0.0405326594,
        "incomeTaxExpense": 700000,
        "netIncome": 2200000,
        "netIncomeRatio": 0.0021384137,
        "eps": 0.03,
        "epsdiluted": 0.03,
        "weightedAverageShsOut": 74301000,
        "weightedAverageShsOutDil": 74301000,
        "link": "https://www.sec.gov/Archives/edgar/data/88205/000119312504182141/0001193125-04-182141-index.htm",
        "finalLink": "https://www.sec.gov/Archives/edgar/data/88205/000119312504182141/d10q.htm"
    },
    {
        "date": "2004-06-30",
        "symbol": "SPXC",
        "reportedCurrency": "USD",
        "cik": "0000088205",
        "fillingDate": "2004-08-02",
        "acceptedDate": "2004-08-02 07:33:15",
        "calendarYear": "2004",
        "period": "Q2",
        "revenue": 1453400000,
        "costOfRevenue": 1054100000,
        "grossProfit": 399300000,
        "grossProfitRatio": 0.2747351039,
        "researchAndDevelopmentExpenses": 0,
        "generalAndAdministrativeExpenses": 0,
        "sellingAndMarketingExpenses": 0,
        "sellingGeneralAndAdministrativeExpenses": 285800000,
        "otherExpenses": 24300000,
        "operatingExpenses": 310100000,
        "costAndExpenses": 1364200000,
        "interestIncome": 0,
        "interestExpense": 0,
        "depreciationAndAmortization": 40600000,
        "ebitda": 129800000,
        "ebitdaratio": 0.0893078299,
        "operatingIncome": 89200000,
        "operatingIncomeRatio": 0.0613733315,
        "totalOtherIncomeExpensesNet": -30300000,
        "incomeBeforeTax": 58900000,
        "incomeBeforeTaxRatio": 0.040525664,
        "incomeTaxExpense": -12200000,
        "netIncome": 54600000,
        "netIncomeRatio": 0.0375670841,
        "eps": 0.73,
        "epsdiluted": 0.72,
        "weightedAverageShsOut": 74686000,
        "weightedAverageShsOutDil": 75426000,
        "link": "https://www.sec.gov/Archives/edgar/data/88205/000119312504128650/0001193125-04-128650-index.htm",
        "finalLink": "https://www.sec.gov/Archives/edgar/data/88205/000119312504128650/d10q.htm"
    },
    {
        "date": "2004-03-31",
        "symbol": "SPXC",
        "reportedCurrency": "USD",
        "cik": "0000088205",
        "fillingDate": "2004-04-30",
        "acceptedDate": "2004-04-30 06:08:13",
        "calendarYear": "2004",
        "period": "Q1",
        "revenue": 990900000,
        "costOfRevenue": 725000000,
        "grossProfit": 265900000,
        "grossProfitRatio": 0.2683419114,
        "researchAndDevelopmentExpenses": 0,
        "generalAndAdministrativeExpenses": 0,
        "sellingAndMarketingExpenses": 0,
        "sellingGeneralAndAdministrativeExpenses": 194800000,
        "otherExpenses": 4200000,
        "operatingExpenses": 199000000,
        "costAndExpenses": 924000000,
        "interestIncome": 0,
        "interestExpense": 0,
        "depreciationAndAmortization": 22000000,
        "ebitda": 88900000,
        "ebitdaratio": 0.0897164194,
        "operatingIncome": 66900000,
        "operatingIncomeRatio": 0.0675143809,
        "totalOtherIncomeExpensesNet": -41400000,
        "incomeBeforeTax": 25500000,
        "incomeBeforeTaxRatio": 0.025734181,
        "incomeTaxExpense": 12100000,
        "netIncome": 36900000,
        "netIncomeRatio": 0.0372388738,
        "eps": 0.5,
        "epsdiluted": 0.49,
        "weightedAverageShsOut": 74122000,
        "weightedAverageShsOutDil": 75958000,
        "link": "https://www.sec.gov/Archives/edgar/data/88205/000119312504074633/0001193125-04-074633-index.htm",
        "finalLink": "https://www.sec.gov/Archives/edgar/data/88205/000119312504074633/d10q.htm"
    },
    {
        "date": "2003-12-31",
        "symbol": "SPXC",
        "reportedCurrency": "USD",
        "cik": "0000088205",
        "fillingDate": "2004-02-26",
        "acceptedDate": "2004-02-26 17:23:52",
        "calendarYear": "2003",
        "period": "Q4",
        "revenue": 1453000000,
        "costOfRevenue": 1014800000,
        "grossProfit": 438200000,
        "grossProfitRatio": 0.3015829319,
        "researchAndDevelopmentExpenses": 0,
        "generalAndAdministrativeExpenses": 0,
        "sellingAndMarketingExpenses": 0,
        "sellingGeneralAndAdministrativeExpenses": 253200000,
        "otherExpenses": 16900000,
        "operatingExpenses": 270100000,
        "costAndExpenses": 1284900000,
        "interestIncome": 0,
        "interestExpense": 0,
        "depreciationAndAmortization": 16000000,
        "ebitda": 184100000,
        "ebitdaratio": 0.1267033723,
        "operatingIncome": 168100000,
        "operatingIncomeRatio": 0.1156916724,
        "totalOtherIncomeExpensesNet": -11100000,
        "incomeBeforeTax": 157000000,
        "incomeBeforeTaxRatio": 0.1080523056,
        "incomeTaxExpense": 58100000,
        "netIncome": 98900000,
        "netIncomeRatio": 0.0680660702,
        "eps": 0,
        "epsdiluted": 0,
        "weightedAverageShsOut": 74122000,
        "weightedAverageShsOutDil": 74122000,
        "link": "https://www.sec.gov/Archives/edgar/data/88205/000119312504030268/0001193125-04-030268-index.htm",
        "finalLink": "https://www.sec.gov/Archives/edgar/data/88205/000119312504030268/d10k.htm"
    },
    {
        "date": "2003-09-30",
        "symbol": "SPXC",
        "reportedCurrency": "USD",
        "cik": "0000088205",
        "fillingDate": "2003-10-28",
        "acceptedDate": "2003-10-28 07:06:05",
        "calendarYear": "2003",
        "period": "Q3",
        "revenue": 1120900000,
        "costOfRevenue": 773100000,
        "grossProfit": 347800000,
        "grossProfitRatio": 0.310286377,
        "researchAndDevelopmentExpenses": 0,
        "generalAndAdministrativeExpenses": 0,
        "sellingAndMarketingExpenses": 0,
        "sellingGeneralAndAdministrativeExpenses": 195400000,
        "otherExpenses": 16000000,
        "operatingExpenses": 211400000,
        "costAndExpenses": 984500000,
        "interestIncome": 0,
        "interestExpense": 0,
        "depreciationAndAmortization": 7700000,
        "ebitda": 144100000,
        "ebitdaratio": 0.1285574092,
        "operatingIncome": 136400000,
        "operatingIncomeRatio": 0.1216879293,
        "totalOtherIncomeExpensesNet": -33300000,
        "incomeBeforeTax": 103100000,
        "incomeBeforeTaxRatio": 0.0919796592,
        "incomeTaxExpense": 37800000,
        "netIncome": 74900000,
        "netIncomeRatio": 0.0668213043,
        "eps": 0.99,
        "epsdiluted": 0.98,
        "weightedAverageShsOut": 75601000,
        "weightedAverageShsOutDil": 76720000,
        "link": "https://www.sec.gov/Archives/edgar/data/88205/000119312503068007/0001193125-03-068007-index.htm",
        "finalLink": "https://www.sec.gov/Archives/edgar/data/88205/000119312503068007/d10q.htm"
    },
    {
        "date": "2003-06-30",
        "symbol": "SPXC",
        "reportedCurrency": "USD",
        "cik": "0000088205",
        "fillingDate": "2003-09-15",
        "acceptedDate": "2003-09-15 17:25:29",
        "calendarYear": "2003",
        "period": "Q2",
        "revenue": 1255000000,
        "costOfRevenue": 870100000,
        "grossProfit": 384900000,
        "grossProfitRatio": 0.3066932271,
        "researchAndDevelopmentExpenses": 0,
        "generalAndAdministrativeExpenses": 0,
        "sellingAndMarketingExpenses": 0,
        "sellingGeneralAndAdministrativeExpenses": 238500000,
        "otherExpenses": 26500000,
        "operatingExpenses": 265000000,
        "costAndExpenses": 1135100000,
        "interestIncome": 0,
        "interestExpense": 0,
        "depreciationAndAmortization": 43100000,
        "ebitda": 163000000,
        "ebitdaratio": 0.1298804781,
        "operatingIncome": 119900000,
        "operatingIncomeRatio": 0.0955378486,
        "totalOtherIncomeExpensesNet": -39100000,
        "incomeBeforeTax": 80800000,
        "incomeBeforeTaxRatio": 0.0643824701,
        "incomeTaxExpense": 29900000,
        "netIncome": 53800000,
        "netIncomeRatio": 0.0428685259,
        "eps": 0.69,
        "epsdiluted": 0.69,
        "weightedAverageShsOut": 77567000,
        "weightedAverageShsOutDil": 77903000,
        "link": "https://www.sec.gov/Archives/edgar/data/88205/000119312503049675/0001193125-03-049675-index.htm",
        "finalLink": "https://www.sec.gov/Archives/edgar/data/88205/000119312503049675/d10qa.htm"
    },
    {
        "date": "2003-03-31",
        "symbol": "SPXC",
        "reportedCurrency": "USD",
        "cik": "0000088205",
        "fillingDate": "2003-05-13",
        "acceptedDate": "2003-05-13 16:28:51",
        "calendarYear": "2003",
        "period": "Q1",
        "revenue": 1116200000,
        "costOfRevenue": 785700000,
        "grossProfit": 330500000,
        "grossProfitRatio": 0.29609389,
        "researchAndDevelopmentExpenses": 0,
        "generalAndAdministrativeExpenses": 0,
        "sellingAndMarketingExpenses": 0,
        "sellingGeneralAndAdministrativeExpenses": 222800000,
        "otherExpenses": 11500000,
        "operatingExpenses": 234300000,
        "costAndExpenses": 1020000000,
        "interestIncome": 0,
        "interestExpense": 0,
        "depreciationAndAmortization": 31200000,
        "ebitda": 127400000,
        "ebitdaratio": 0.1141372514,
        "operatingIncome": 96200000,
        "operatingIncomeRatio": 0.0861852715,
        "totalOtherIncomeExpensesNet": -33200000,
        "incomeBeforeTax": 63000000,
        "incomeBeforeTaxRatio": 0.0564414979,
        "incomeTaxExpense": 23300000,
        "netIncome": 8400000,
        "netIncomeRatio": 0.0075255331,
        "eps": 0.11,
        "epsdiluted": 0.11,
        "weightedAverageShsOut": 79657000,
        "weightedAverageShsOutDil": 79657000,
        "link": "https://www.sec.gov/Archives/edgar/data/88205/000102140803007637/0001021408-03-007637-index.htm",
        "finalLink": "https://www.sec.gov/Archives/edgar/data/88205/000102140803007637/d10q.htm"
    },
    {
        "date": "2002-12-31",
        "symbol": "SPXC",
        "reportedCurrency": "USD",
        "cik": "0000088205",
        "fillingDate": "2003-09-15",
        "acceptedDate": "2003-09-15 17:18:58",
        "calendarYear": "2002",
        "period": "Q4",
        "revenue": 1371600000,
        "costOfRevenue": 924400000,
        "grossProfit": 447200000,
        "grossProfitRatio": 0.326042578,
        "researchAndDevelopmentExpenses": 0,
        "generalAndAdministrativeExpenses": 0,
        "sellingAndMarketingExpenses": 0,
        "sellingGeneralAndAdministrativeExpenses": 241900000,
        "otherExpenses": 38200000,
        "operatingExpenses": 280100000,
        "costAndExpenses": 1204500000,
        "interestIncome": 0,
        "interestExpense": 0,
        "depreciationAndAmortization": 20700000,
        "ebitda": 187800000,
        "ebitdaratio": 0.136920385,
        "operatingIncome": 167100000,
        "operatingIncomeRatio": 0.1218285214,
        "totalOtherIncomeExpensesNet": -42000000,
        "incomeBeforeTax": 125100000,
        "incomeBeforeTaxRatio": 0.0912073491,
        "incomeTaxExpense": 48300000,
        "netIncome": 76800000,
        "netIncomeRatio": 0.0559930009,
        "eps": 0,
        "epsdiluted": 0,
        "weightedAverageShsOut": 79657000,
        "weightedAverageShsOutDil": 79657000,
        "link": "https://www.sec.gov/Archives/edgar/data/88205/000119312503049662/0001193125-03-049662-index.htm",
        "finalLink": "https://www.sec.gov/Archives/edgar/data/88205/000119312503049662/d10ka.htm"
    },
    {
        "date": "2002-09-30",
        "symbol": "SPXC",
        "reportedCurrency": "USD",
        "cik": "0000088205",
        "fillingDate": "2002-11-12",
        "acceptedDate": "2002-11-12 16:48:49",
        "calendarYear": "2002",
        "period": "Q3",
        "revenue": 1233300000,
        "costOfRevenue": 848400000,
        "grossProfit": 384900000,
        "grossProfitRatio": 0.3120895159,
        "researchAndDevelopmentExpenses": 0,
        "generalAndAdministrativeExpenses": 0,
        "sellingAndMarketingExpenses": 0,
        "sellingGeneralAndAdministrativeExpenses": 215600000,
        "otherExpenses": 10000000,
        "operatingExpenses": 225600000,
        "costAndExpenses": 1074000000,
        "interestIncome": 0,
        "interestExpense": 0,
        "depreciationAndAmortization": 38300000,
        "ebitda": 197600000,
        "ebitdaratio": 0.1602205465,
        "operatingIncome": 159300000,
        "operatingIncomeRatio": 0.1291656531,
        "totalOtherIncomeExpensesNet": -35000000,
        "incomeBeforeTax": 124300000,
        "incomeBeforeTaxRatio": 0.1007865077,
        "incomeTaxExpense": 49700000,
        "netIncome": 75800000,
        "netIncomeRatio": 0.0614611206,
        "eps": 0.46,
        "epsdiluted": 0.46,
        "weightedAverageShsOut": 76043334,
        "weightedAverageShsOutDil": 77629987,
        "link": "https://www.sec.gov/Archives/edgar/data/88205/000095013102004332/0000950131-02-004332-index.htm",
        "finalLink": "https://www.sec.gov/Archives/edgar/data/88205/000095013102004332/d10q.txt"
    },
    {
        "date": "2002-06-30",
        "symbol": "SPXC",
        "reportedCurrency": "USD",
        "cik": "0000088205",
        "fillingDate": "2002-08-13",
        "acceptedDate": "2002-08-13 17:27:44",
        "calendarYear": "2002",
        "period": "Q2",
        "revenue": 1204700000,
        "costOfRevenue": 799800000,
        "grossProfit": 404900000,
        "grossProfitRatio": 0.3361002739,
        "researchAndDevelopmentExpenses": 0,
        "generalAndAdministrativeExpenses": 0,
        "sellingAndMarketingExpenses": 0,
        "sellingGeneralAndAdministrativeExpenses": 223200000,
        "otherExpenses": 40900000,
        "operatingExpenses": 264100000,
        "costAndExpenses": 1063900000,
        "interestIncome": 0,
        "interestExpense": 0,
        "depreciationAndAmortization": 30600000,
        "ebitda": 171400000,
        "ebitdaratio": 0.1422760853,
        "operatingIncome": 140800000,
        "operatingIncomeRatio": 0.1168755707,
        "totalOtherIncomeExpensesNet": -29500000,
        "incomeBeforeTax": 111300000,
        "incomeBeforeTaxRatio": 0.0923881464,
        "incomeTaxExpense": 44700000,
        "netIncome": 58300000,
        "netIncomeRatio": 0.048393791,
        "eps": 0.36,
        "epsdiluted": 0.35,
        "weightedAverageShsOut": 76043334,
        "weightedAverageShsOutDil": 77629987,
        "link": "https://www.sec.gov/Archives/edgar/data/88205/000095013102003162/0000950131-02-003162-index.htm",
        "finalLink": "https://www.sec.gov/Archives/edgar/data/88205/000095013102003162/d10q.txt"
    },
    {
        "date": "2002-03-31",
        "symbol": "SPXC",
        "reportedCurrency": "USD",
        "cik": "0000088205",
        "fillingDate": "2002-05-14",
        "acceptedDate": "2002-05-14 17:26:20",
        "calendarYear": "2002",
        "period": "Q1",
        "revenue": 1068600000,
        "costOfRevenue": 721300000,
        "grossProfit": 347300000,
        "grossProfitRatio": 0.325004679,
        "researchAndDevelopmentExpenses": 0,
        "generalAndAdministrativeExpenses": 0,
        "sellingAndMarketingExpenses": 0,
        "sellingGeneralAndAdministrativeExpenses": 206400000,
        "otherExpenses": 7900000,
        "operatingExpenses": 214300000,
        "costAndExpenses": 935600000,
        "interestIncome": 0,
        "interestExpense": 0,
        "depreciationAndAmortization": 36400000,
        "ebitda": 169400000,
        "ebitdaratio": 0.1585251731,
        "operatingIncome": 133000000,
        "operatingIncomeRatio": 0.1244619128,
        "totalOtherIncomeExpensesNet": -27400000,
        "incomeBeforeTax": 105600000,
        "incomeBeforeTaxRatio": 0.0988208871,
        "incomeTaxExpense": 40900000,
        "netIncome": -83500000,
        "netIncomeRatio": -0.0781396219,
        "eps": -0.51,
        "epsdiluted": -0.51,
        "weightedAverageShsOut": 76043334,
        "weightedAverageShsOutDil": 77629987,
        "link": "https://www.sec.gov/Archives/edgar/data/88205/000095013102001987/0000950131-02-001987-index.htm",
        "finalLink": "https://www.sec.gov/Archives/edgar/data/88205/000095013102001987/d10q.txt"
    },
    {
        "date": "2001-12-31",
        "symbol": "SPXC",
        "reportedCurrency": "USD",
        "cik": "0000088205",
        "fillingDate": "2002-03-21",
        "acceptedDate": "2002-03-21 00:00:00",
        "calendarYear": "2001",
        "period": "Q4",
        "revenue": 1307100000,
        "costOfRevenue": 858000000,
        "grossProfit": 449100000,
        "grossProfitRatio": 0.3435850356,
        "researchAndDevelopmentExpenses": 0,
        "generalAndAdministrativeExpenses": 0,
        "sellingAndMarketingExpenses": 0,
        "sellingGeneralAndAdministrativeExpenses": 233600000,
        "otherExpenses": 62900000,
        "operatingExpenses": 296500000,
        "costAndExpenses": 1154500000,
        "interestIncome": 0,
        "interestExpense": 0,
        "depreciationAndAmortization": 50800000,
        "ebitda": 203400000,
        "ebitdaratio": 0.1556116594,
        "operatingIncome": 152600000,
        "operatingIncomeRatio": 0.1167469972,
        "totalOtherIncomeExpensesNet": -31200000,
        "incomeBeforeTax": 121400000,
        "incomeBeforeTaxRatio": 0.0928773621,
        "incomeTaxExpense": 56400000,
        "netIncome": 65000000,
        "netIncomeRatio": 0.0497284064,
        "eps": 0,
        "epsdiluted": 0,
        "weightedAverageShsOut": 80786000,
        "weightedAverageShsOutDil": 81294000,
        "link": "https://www.sec.gov/Archives/edgar/data/88205/000104596902000470/0001045969-02-000470-index.htm",
        "finalLink": "https://www.sec.gov/Archives/edgar/data/88205/000104596902000470/d10k.htm"
    },
    {
        "date": "2001-09-30",
        "symbol": "SPXC",
        "reportedCurrency": "USD",
        "cik": "0000088205",
        "fillingDate": "2001-11-13",
        "acceptedDate": "2001-11-13 00:00:00",
        "calendarYear": "2001",
        "period": "Q3",
        "revenue": 1216700000,
        "costOfRevenue": 816900000,
        "grossProfit": 399800000,
        "grossProfitRatio": 0.3285937372,
        "researchAndDevelopmentExpenses": 0,
        "generalAndAdministrativeExpenses": 0,
        "sellingAndMarketingExpenses": 0,
        "sellingGeneralAndAdministrativeExpenses": 241200000,
        "otherExpenses": 24900000,
        "operatingExpenses": 266100000,
        "costAndExpenses": 1083000000,
        "interestIncome": 0,
        "interestExpense": 0,
        "depreciationAndAmortization": 71200000,
        "ebitda": 204900000,
        "ebitdaratio": 0.168406345,
        "operatingIncome": 133700000,
        "operatingIncomeRatio": 0.1098874003,
        "totalOtherIncomeExpensesNet": -29800000,
        "incomeBeforeTax": 103900000,
        "incomeBeforeTaxRatio": 0.0853949207,
        "incomeTaxExpense": 44700000,
        "netIncome": 59200000,
        "netIncomeRatio": 0.0486562012,
        "eps": 0.37,
        "epsdiluted": 0.36,
        "weightedAverageShsOut": 75563000,
        "weightedAverageShsOutDil": 76740000,
        "link": "https://www.sec.gov/Archives/edgar/data/88205/000102140801509968/0001021408-01-509968-index.htm",
        "finalLink": "https://www.sec.gov/Archives/edgar/data/88205/000102140801509968/d10q.txt"
    },
    {
        "date": "2001-06-30",
        "symbol": "SPXC",
        "reportedCurrency": "USD",
        "cik": "0000088205",
        "fillingDate": "2001-08-06",
        "acceptedDate": "2001-08-06 00:00:00",
        "calendarYear": "2001",
        "period": "Q2",
        "revenue": 910100000,
        "costOfRevenue": 623400000,
        "grossProfit": 286700000,
        "grossProfitRatio": 0.3150203274,
        "researchAndDevelopmentExpenses": 0,
        "generalAndAdministrativeExpenses": 0,
        "sellingAndMarketingExpenses": 0,
        "sellingGeneralAndAdministrativeExpenses": 171000000,
        "otherExpenses": 55300000,
        "operatingExpenses": 226300000,
        "costAndExpenses": 849700000,
        "interestIncome": 0,
        "interestExpense": 0,
        "depreciationAndAmortization": 34600000,
        "ebitda": 95000000,
        "ebitdaratio": 0.1043841336,
        "operatingIncome": 60400000,
        "operatingIncomeRatio": 0.0663663334,
        "totalOtherIncomeExpensesNet": -31700000,
        "incomeBeforeTax": 28700000,
        "incomeBeforeTaxRatio": 0.0315349962,
        "incomeTaxExpense": 15300000,
        "netIncome": 13400000,
        "netIncomeRatio": 0.0147236567,
        "eps": 0.19,
        "epsdiluted": 0.19,
        "weightedAverageShsOut": 70340000,
        "weightedAverageShsOutDil": 72186000,
        "link": "https://www.sec.gov/Archives/edgar/data/88205/000102140801504522/0001021408-01-504522-index.htm",
        "finalLink": "https://www.sec.gov/Archives/edgar/data/88205/000102140801504522/d10q.txt"
    },
    {
        "date": "2001-03-31",
        "symbol": "SPXC",
        "reportedCurrency": "USD",
        "cik": "0000088205",
        "fillingDate": "2001-05-15",
        "acceptedDate": "2001-05-15 00:00:00",
        "calendarYear": "2001",
        "period": "Q1",
        "revenue": 680400000,
        "costOfRevenue": 463300000,
        "grossProfit": 217100000,
        "grossProfitRatio": 0.3190770135,
        "researchAndDevelopmentExpenses": 0,
        "generalAndAdministrativeExpenses": 0,
        "sellingAndMarketingExpenses": 0,
        "sellingGeneralAndAdministrativeExpenses": 129300000,
        "otherExpenses": 14200000,
        "operatingExpenses": 143500000,
        "costAndExpenses": 606800000,
        "interestIncome": 0,
        "interestExpense": 0,
        "depreciationAndAmortization": 31200000,
        "ebitda": 104800000,
        "ebitdaratio": 0.1540270429,
        "operatingIncome": 73600000,
        "operatingIncomeRatio": 0.1081716637,
        "totalOtherIncomeExpensesNet": -13600000,
        "incomeBeforeTax": 60000000,
        "incomeBeforeTaxRatio": 0.0881834215,
        "incomeTaxExpense": 24600000,
        "netIncome": 35400000,
        "netIncomeRatio": 0.0520282187,
        "eps": 0.59,
        "epsdiluted": 0.57,
        "weightedAverageShsOut": 60570000,
        "weightedAverageShsOutDil": 61952000,
        "link": "https://www.sec.gov/Archives/edgar/data/88205/000104596901500363/0001045969-01-500363-index.htm",
        "finalLink": "https://www.sec.gov/Archives/edgar/data/88205/000104596901500363/d10q.txt"
    },
    {
        "date": "2000-12-31",
        "symbol": "SPXC",
        "reportedCurrency": "USD",
        "cik": "0000088205",
        "fillingDate": "2001-04-12",
        "acceptedDate": "2001-04-12 00:00:00",
        "calendarYear": "2000",
        "period": "Q4",
        "revenue": 710900000,
        "costOfRevenue": 453200000,
        "grossProfit": 257700000,
        "grossProfitRatio": 0.3624982417,
        "researchAndDevelopmentExpenses": 0,
        "generalAndAdministrativeExpenses": 0,
        "sellingAndMarketingExpenses": 0,
        "sellingGeneralAndAdministrativeExpenses": 125300000,
        "otherExpenses": 27400000,
        "operatingExpenses": 152700000,
        "costAndExpenses": 605900000,
        "interestIncome": 0,
        "interestExpense": 0,
        "depreciationAndAmortization": 27400000,
        "ebitda": 132400000,
        "ebitdaratio": 0.1862427908,
        "operatingIncome": 105000000,
        "operatingIncomeRatio": 0.1477000985,
        "totalOtherIncomeExpensesNet": -22000000,
        "incomeBeforeTax": 83000000,
        "incomeBeforeTaxRatio": 0.1167534112,
        "incomeTaxExpense": 33700000,
        "netIncome": 49300000,
        "netIncomeRatio": 0.0693487129,
        "eps": 0,
        "epsdiluted": 0,
        "weightedAverageShsOut": 60570000,
        "weightedAverageShsOutDil": 60570000,
        "link": "https://www.sec.gov/Archives/edgar/data/88205/000095013701500830/0000950137-01-500830-index.htm",
        "finalLink": "https://www.sec.gov/Archives/edgar/data/88205/000095013701500830/c61685a1e10-k405a.txt"
    },
    {
        "date": "2000-09-30",
        "symbol": "SPXC",
        "reportedCurrency": "USD",
        "cik": "0000088205",
        "fillingDate": "2000-11-13",
        "acceptedDate": "2000-11-13 00:00:00",
        "calendarYear": "2000",
        "period": "Q3",
        "revenue": 645100000,
        "costOfRevenue": 406100000,
        "grossProfit": 239000000,
        "grossProfitRatio": 0.3704851961,
        "researchAndDevelopmentExpenses": 0,
        "generalAndAdministrativeExpenses": 0,
        "sellingAndMarketingExpenses": 0,
        "sellingGeneralAndAdministrativeExpenses": 121500000,
        "otherExpenses": 27500000,
        "operatingExpenses": 149000000,
        "costAndExpenses": 555100000,
        "interestIncome": 0,
        "interestExpense": 0,
        "depreciationAndAmortization": 27500000,
        "ebitda": 117500000,
        "ebitdaratio": 0.1821423035,
        "operatingIncome": 90000000,
        "operatingIncomeRatio": 0.1395132538,
        "totalOtherIncomeExpensesNet": 16300000,
        "incomeBeforeTax": 106300000,
        "incomeBeforeTaxRatio": 0.1647806542,
        "incomeTaxExpense": 43600000,
        "netIncome": 62700000,
        "netIncomeRatio": 0.0971942335,
        "eps": 1.01,
        "epsdiluted": 0.97,
        "weightedAverageShsOut": 61834000,
        "weightedAverageShsOutDil": 64508000,
        "link": "https://www.sec.gov/Archives/edgar/data/88205/000095013700004756/0000950137-00-004756-index.htm",
        "finalLink": "https://www.sec.gov/Archives/edgar/data/88205/000095013700004756/c58353e10-q.txt"
    },
    {
        "date": "2000-06-30",
        "symbol": "SPXC",
        "reportedCurrency": "USD",
        "cik": "0000088205",
        "fillingDate": "2000-08-15",
        "acceptedDate": "2000-08-15 00:00:00",
        "calendarYear": "2000",
        "period": "Q2",
        "revenue": 695100000,
        "costOfRevenue": 442100000,
        "grossProfit": 253000000,
        "grossProfitRatio": 0.3639764063,
        "researchAndDevelopmentExpenses": 0,
        "generalAndAdministrativeExpenses": 0,
        "sellingAndMarketingExpenses": 0,
        "sellingGeneralAndAdministrativeExpenses": 129000000,
        "otherExpenses": 29200000,
        "operatingExpenses": 158200000,
        "costAndExpenses": 600300000,
        "interestIncome": 0,
        "interestExpense": 0,
        "depreciationAndAmortization": 29200000,
        "ebitda": 124000000,
        "ebitdaratio": 0.1783915983,
        "operatingIncome": 94800000,
        "operatingIncomeRatio": 0.1363832542,
        "totalOtherIncomeExpensesNet": -12600000,
        "incomeBeforeTax": 82200000,
        "incomeBeforeTaxRatio": 0.118256366,
        "incomeTaxExpense": 33700000,
        "netIncome": 48500000,
        "netIncomeRatio": 0.0697741332,
        "eps": 0.79,
        "epsdiluted": 0.77,
        "weightedAverageShsOut": 61792000,
        "weightedAverageShsOutDil": 63380000,
        "link": "https://www.sec.gov/Archives/edgar/data/88205/000008820500000003/0000088205-00-000003-index.htm",
        "finalLink": "https://www.sec.gov/Archives/edgar/data/88205/000008820500000003/0000088205-00-000003-0001.txt"
    },
    {
        "date": "2000-03-31",
        "symbol": "SPXC",
        "reportedCurrency": "USD",
        "cik": "0000088205",
        "fillingDate": "2000-05-01",
        "acceptedDate": "2000-05-01 00:00:00",
        "calendarYear": "2000",
        "period": "Q1",
        "revenue": 627800000,
        "costOfRevenue": 404400000,
        "grossProfit": 223400000,
        "grossProfitRatio": 0.3558458108,
        "researchAndDevelopmentExpenses": 0,
        "generalAndAdministrativeExpenses": 0,
        "sellingAndMarketingExpenses": 0,
        "sellingGeneralAndAdministrativeExpenses": 119400000,
        "otherExpenses": 26800000,
        "operatingExpenses": 146200000,
        "costAndExpenses": 550600000,
        "interestIncome": 0,
        "interestExpense": 0,
        "depreciationAndAmortization": 26800000,
        "ebitda": 104000000,
        "ebitdaratio": 0.1656578528,
        "operatingIncome": 77200000,
        "operatingIncomeRatio": 0.1229690984,
        "totalOtherIncomeExpensesNet": -13100000,
        "incomeBeforeTax": 64100000,
        "incomeBeforeTaxRatio": 0.1021025804,
        "incomeTaxExpense": 26300000,
        "netIncome": 29000000,
        "netIncomeRatio": 0.0461930551,
        "eps": 0.47,
        "epsdiluted": 0.46,
        "weightedAverageShsOut": 61840000,
        "weightedAverageShsOutDil": 63176000,
        "link": "https://www.sec.gov/Archives/edgar/data/88205/000008820500000002/0000088205-00-000002-index.html",
        "finalLink": "https://www.sec.gov/Archives/edgar/data/88205/000008820500000002/"
    },
    {
        "date": "1999-12-31",
        "symbol": "SPXC",
        "reportedCurrency": "USD",
        "cik": "0000088205",
        "fillingDate": "2000-03-17",
        "acceptedDate": "2000-03-17 00:00:00",
        "calendarYear": "1999",
        "period": "Q4",
        "revenue": 725100000,
        "costOfRevenue": 470900000,
        "grossProfit": 254200000,
        "grossProfitRatio": 0.3505723349,
        "researchAndDevelopmentExpenses": 0,
        "generalAndAdministrativeExpenses": 0,
        "sellingAndMarketingExpenses": 0,
        "sellingGeneralAndAdministrativeExpenses": 129500000,
        "otherExpenses": 26200000,
        "operatingExpenses": 155700000,
        "costAndExpenses": 626600000,
        "interestIncome": 0,
        "interestExpense": 0,
        "depreciationAndAmortization": 26200000,
        "ebitda": 124700000,
        "ebitdaratio": 0.1719762791,
        "operatingIncome": 98500000,
        "operatingIncomeRatio": 0.135843332,
        "totalOtherIncomeExpensesNet": -14000000,
        "incomeBeforeTax": 84500000,
        "incomeBeforeTaxRatio": 0.1165356503,
        "incomeTaxExpense": 93600000,
        "netIncome": -15100000,
        "netIncomeRatio": -0.0208247138,
        "eps": 0,
        "epsdiluted": 0,
        "weightedAverageShsOut": 61840000,
        "weightedAverageShsOutDil": 61840000,
        "link": "https://www.sec.gov/Archives/edgar/data/88205/000095013700001071/0000950137-00-001071-index.html",
        "finalLink": "https://www.sec.gov/Archives/edgar/data/88205/000095013700001071/"
    },
    {
        "date": "1999-09-30",
        "symbol": "SPXC",
        "reportedCurrency": "USD",
        "cik": "0000088205",
        "fillingDate": "1999-11-12",
        "acceptedDate": "1999-11-12 00:00:00",
        "calendarYear": "1999",
        "period": "Q3",
        "revenue": 668900000,
        "costOfRevenue": 427700000,
        "grossProfit": 241200000,
        "grossProfitRatio": 0.3605920167,
        "researchAndDevelopmentExpenses": 0,
        "generalAndAdministrativeExpenses": 0,
        "sellingAndMarketingExpenses": 0,
        "sellingGeneralAndAdministrativeExpenses": 120700000,
        "otherExpenses": 27000000,
        "operatingExpenses": 147700000,
        "costAndExpenses": 575400000,
        "interestIncome": 0,
        "interestExpense": 0,
        "depreciationAndAmortization": 27000000,
        "ebitda": 120500000,
        "ebitdaratio": 0.1801465092,
        "operatingIncome": 93500000,
        "operatingIncomeRatio": 0.1397817312,
        "totalOtherIncomeExpensesNet": -16700000,
        "incomeBeforeTax": 76800000,
        "incomeBeforeTaxRatio": 0.1148153685,
        "incomeTaxExpense": 32700000,
        "netIncome": 44100000,
        "netIncomeRatio": 0.0659291374,
        "eps": 0.36,
        "epsdiluted": 0.35,
        "weightedAverageShsOut": 62364000,
        "weightedAverageShsOutDil": 62364000,
        "link": "https://www.sec.gov/Archives/edgar/data/88205/000008820599000003/0000088205-99-000003-index.html",
        "finalLink": "https://www.sec.gov/Archives/edgar/data/88205/000008820599000003/"
    },
    {
        "date": "1999-06-30",
        "symbol": "SPXC",
        "reportedCurrency": "USD",
        "cik": "0000088205",
        "fillingDate": "1999-08-12",
        "acceptedDate": "1999-08-12 00:00:00",
        "calendarYear": "1999",
        "period": "Q2",
        "revenue": 671400000,
        "costOfRevenue": 431200000,
        "grossProfit": 240200000,
        "grossProfitRatio": 0.3577599047,
        "researchAndDevelopmentExpenses": 0,
        "generalAndAdministrativeExpenses": 0,
        "sellingAndMarketingExpenses": 0,
        "sellingGeneralAndAdministrativeExpenses": 125300000,
        "otherExpenses": 25700000,
        "operatingExpenses": 151000000,
        "costAndExpenses": 582200000,
        "interestIncome": 0,
        "interestExpense": 0,
        "depreciationAndAmortization": 25700000,
        "ebitda": 114900000,
        "ebitdaratio": 0.1711349419,
        "operatingIncome": 89200000,
        "operatingIncomeRatio": 0.1328567173,
        "totalOtherIncomeExpensesNet": -19200000,
        "incomeBeforeTax": 70000000,
        "incomeBeforeTaxRatio": 0.1042597557,
        "incomeTaxExpense": 28400000,
        "netIncome": 41600000,
        "netIncomeRatio": 0.0619600834,
        "eps": 0.34,
        "epsdiluted": 0.34,
        "weightedAverageShsOut": 62340000,
        "weightedAverageShsOutDil": 62340000,
        "link": "https://www.sec.gov/Archives/edgar/data/88205/000008820599000002/0000088205-99-000002-index.html",
        "finalLink": "https://www.sec.gov/Archives/edgar/data/88205/000008820599000002/"
    },
    {
        "date": "1999-03-31",
        "symbol": "SPXC",
        "reportedCurrency": "USD",
        "cik": "0000088205",
        "fillingDate": "1999-05-14",
        "acceptedDate": "1999-05-14 00:00:00",
        "calendarYear": "1999",
        "period": "Q1",
        "revenue": 646900000,
        "costOfRevenue": 417000000,
        "grossProfit": 229900000,
        "grossProfitRatio": 0.3553872314,
        "researchAndDevelopmentExpenses": 0,
        "generalAndAdministrativeExpenses": 0,
        "sellingAndMarketingExpenses": 0,
        "sellingGeneralAndAdministrativeExpenses": 133300000,
        "otherExpenses": 26500000,
        "operatingExpenses": 159800000,
        "costAndExpenses": 576800000,
        "interestIncome": 0,
        "interestExpense": 0,
        "depreciationAndAmortization": 26500000,
        "ebitda": 96600000,
        "ebitdaratio": 0.1493275622,
        "operatingIncome": 70100000,
        "operatingIncomeRatio": 0.1083629618,
        "totalOtherIncomeExpensesNet": -6600000,
        "incomeBeforeTax": 63500000,
        "incomeBeforeTaxRatio": 0.0981604576,
        "incomeTaxExpense": 32600000,
        "netIncome": 30900000,
        "netIncomeRatio": 0.0477662699,
        "eps": 0.25,
        "epsdiluted": 0.25,
        "weightedAverageShsOut": 62198000,
        "weightedAverageShsOutDil": 62198000,
        "link": "https://www.sec.gov/Archives/edgar/data/88205/000008820599000001/0000088205-99-000001-index.html",
        "finalLink": "https://www.sec.gov/Archives/edgar/data/88205/"
    },
    {
        "date": "1998-12-31",
        "symbol": "SPXC",
        "reportedCurrency": "USD",
        "cik": "0000088205",
        "fillingDate": "1999-03-31",
        "acceptedDate": "1999-03-31 00:00:00",
        "calendarYear": "1998",
        "period": "Q4",
        "revenue": 1131500000,
        "costOfRevenue": 738300000,
        "grossProfit": 393200000,
        "grossProfitRatio": 0.3475033142,
        "researchAndDevelopmentExpenses": 0,
        "generalAndAdministrativeExpenses": 0,
        "sellingAndMarketingExpenses": 0,
        "sellingGeneralAndAdministrativeExpenses": 346400000,
        "otherExpenses": 51000000,
        "operatingExpenses": 397400000,
        "costAndExpenses": 1135700000,
        "interestIncome": 0,
        "interestExpense": 0,
        "depreciationAndAmortization": 51000000,
        "ebitda": 46800000,
        "ebitdaratio": 0.0413610252,
        "operatingIncome": -4200000,
        "operatingIncomeRatio": -0.0037118869,
        "totalOtherIncomeExpensesNet": -103200000,
        "incomeBeforeTax": -107400000,
        "incomeBeforeTaxRatio": -0.0949182501,
        "incomeTaxExpense": -25700000,
        "netIncome": -81700000,
        "netIncomeRatio": -0.0722050376,
        "eps": 0,
        "epsdiluted": 0,
        "weightedAverageShsOut": 60150000,
        "weightedAverageShsOutDil": 62198000,
        "link": "https://www.sec.gov/Archives/edgar/data/88205/000095013799000790/0000950137-99-000790-index.html",
        "finalLink": "https://www.sec.gov/Archives/edgar/data/88205/0000950137-99-000790.txt"
    },
    {
        "date": "1998-09-30",
        "symbol": "SPXC",
        "reportedCurrency": "USD",
        "cik": "0000088205",
        "fillingDate": "1998-11-16",
        "acceptedDate": "1998-11-16 00:00:00",
        "calendarYear": "1998",
        "period": "Q3",
        "revenue": 409900000,
        "costOfRevenue": 268200000,
        "grossProfit": 141700000,
        "grossProfitRatio": 0.3456940717,
        "researchAndDevelopmentExpenses": 0,
        "generalAndAdministrativeExpenses": 0,
        "sellingAndMarketingExpenses": 0,
        "sellingGeneralAndAdministrativeExpenses": 102400000,
        "otherExpenses": 6400000,
        "operatingExpenses": 108800000,
        "costAndExpenses": 377000000,
        "interestIncome": 0,
        "interestExpense": 0,
        "depreciationAndAmortization": 15100000,
        "ebitda": 48000000,
        "ebitdaratio": 0.1171017321,
        "operatingIncome": 32900000,
        "operatingIncomeRatio": 0.0802634789,
        "totalOtherIncomeExpensesNet": 6200000,
        "incomeBeforeTax": 39100000,
        "incomeBeforeTaxRatio": 0.0953891193,
        "incomeTaxExpense": 15000000,
        "netIncome": 24100000,
        "netIncomeRatio": 0.058794828,
        "eps": 0.33,
        "epsdiluted": 0.33,
        "weightedAverageShsOut": 73030303,
        "weightedAverageShsOutDil": 73030303,
        "link": "https://www.sec.gov/Archives/edgar/data/88205/000008820598000005/0000088205-98-000005-index.html",
        "finalLink": "https://www.sec.gov/Archives/edgar/data/88205/"
    },
    {
        "date": "1998-06-30",
        "symbol": "SPXC",
        "reportedCurrency": "USD",
        "cik": "0000088205",
        "fillingDate": "1998-07-31",
        "acceptedDate": "1998-07-31 00:00:00",
        "calendarYear": "1998",
        "period": "Q2",
        "revenue": 401700000,
        "costOfRevenue": 254100000,
        "grossProfit": 147600000,
        "grossProfitRatio": 0.3674383869,
        "researchAndDevelopmentExpenses": 0,
        "generalAndAdministrativeExpenses": 0,
        "sellingAndMarketingExpenses": 0,
        "sellingGeneralAndAdministrativeExpenses": 96100000,
        "otherExpenses": 6100000,
        "operatingExpenses": 102200000,
        "costAndExpenses": 356300000,
        "interestIncome": 0,
        "interestExpense": 0,
        "depreciationAndAmortization": 14100000,
        "ebitda": 59500000,
        "ebitdaratio": 0.1481204879,
        "operatingIncome": 45400000,
        "operatingIncomeRatio": 0.1130196664,
        "totalOtherIncomeExpensesNet": 4600000,
        "incomeBeforeTax": 50000000,
        "incomeBeforeTaxRatio": 0.1244709983,
        "incomeTaxExpense": 19200000,
        "netIncome": 30800000,
        "netIncomeRatio": 0.0766741349,
        "eps": 0.42,
        "epsdiluted": 0.42,
        "weightedAverageShsOut": 25272000,
        "weightedAverageShsOutDil": 25272000,
        "link": "https://www.sec.gov/Archives/edgar/data/88205/000008820598000003/0000088205-98-000003-index.html",
        "finalLink": "https://www.sec.gov/Archives/edgar/data/88205/"
    },
    {
        "date": "1998-03-31",
        "symbol": "SPXC",
        "reportedCurrency": "USD",
        "cik": "0000088205",
        "fillingDate": "1998-05-08",
        "acceptedDate": "1998-05-08 00:00:00",
        "calendarYear": "1998",
        "period": "Q1",
        "revenue": 374400000,
        "costOfRevenue": 236500000,
        "grossProfit": 137900000,
        "grossProfitRatio": 0.3683226496,
        "researchAndDevelopmentExpenses": 0,
        "generalAndAdministrativeExpenses": 0,
        "sellingAndMarketingExpenses": 0,
        "sellingGeneralAndAdministrativeExpenses": 91500000,
        "otherExpenses": 15200000,
        "operatingExpenses": 106700000,
        "costAndExpenses": 343200000,
        "interestIncome": 0,
        "interestExpense": 0,
        "depreciationAndAmortization": 15200000,
        "ebitda": 46400000,
        "ebitdaratio": 0.1239316239,
        "operatingIncome": 31200000,
        "operatingIncomeRatio": 0.0833333333,
        "totalOtherIncomeExpensesNet": 6800000,
        "incomeBeforeTax": 38000000,
        "incomeBeforeTaxRatio": 0.1014957265,
        "incomeTaxExpense": 14600000,
        "netIncome": 23400000,
        "netIncomeRatio": 0.0625,
        "eps": 0.3,
        "epsdiluted": 0.3,
        "weightedAverageShsOut": 25272000,
        "weightedAverageShsOutDil": 25272000,
        "link": "https://www.sec.gov/Archives/edgar/data/88205/000008820598000002/0000088205-98-000002-index.html",
        "finalLink": "https://www.sec.gov/Archives/edgar/data/88205/0000088205-98-000002.txt"
    },
    {
        "date": "1997-12-31",
        "symbol": "SPXC",
        "reportedCurrency": "USD",
        "cik": "0000088205",
        "fillingDate": "1998-03-31",
        "acceptedDate": "1998-03-31 00:00:00",
        "calendarYear": "1997",
        "period": "Q4",
        "revenue": 241700000,
        "costOfRevenue": 171600000,
        "grossProfit": 70100000,
        "grossProfitRatio": 0.2900289615,
        "researchAndDevelopmentExpenses": 0,
        "generalAndAdministrativeExpenses": 0,
        "sellingAndMarketingExpenses": 0,
        "sellingGeneralAndAdministrativeExpenses": 45600000,
        "otherExpenses": 122200000,
        "operatingExpenses": 167800000,
        "costAndExpenses": 339400000,
        "interestIncome": 0,
        "interestExpense": 0,
        "depreciationAndAmortization": 5700000,
        "ebitda": -92000000,
        "ebitdaratio": -0.3806371535,
        "operatingIncome": -97700000,
        "operatingIncomeRatio": -0.4042201076,
        "totalOtherIncomeExpensesNet": 4100000,
        "incomeBeforeTax": -93600000,
        "incomeBeforeTaxRatio": -0.3872569301,
        "incomeTaxExpense": -33700000,
        "netIncome": -59900000,
        "netIncomeRatio": -0.2478278858,
        "eps": 0,
        "epsdiluted": 0,
        "weightedAverageShsOut": 25062000,
        "weightedAverageShsOutDil": 25272000,
        "link": "https://www.sec.gov/Archives/edgar/data/88205/000095012498001889/0000950124-98-001889-index.html",
        "finalLink": "https://www.sec.gov/Archives/edgar/data/88205/"
    },
    {
        "date": "1997-09-30",
        "symbol": "SPXC",
        "reportedCurrency": "USD",
        "cik": "0000088205",
        "fillingDate": "1997-11-12",
        "acceptedDate": "1997-11-12 00:00:00",
        "calendarYear": "1997",
        "period": "Q3",
        "revenue": 213700000,
        "costOfRevenue": 147200000,
        "grossProfit": 66500000,
        "grossProfitRatio": 0.3111839027,
        "researchAndDevelopmentExpenses": 0,
        "generalAndAdministrativeExpenses": 0,
        "sellingAndMarketingExpenses": 0,
        "sellingGeneralAndAdministrativeExpenses": 42400000,
        "otherExpenses": 6000000,
        "operatingExpenses": 48400000,
        "costAndExpenses": 195600000,
        "interestIncome": 0,
        "interestExpense": 0,
        "depreciationAndAmortization": 6000000,
        "ebitda": 24100000,
        "ebitdaratio": 0.1127749181,
        "operatingIncome": 18100000,
        "operatingIncomeRatio": 0.084698175,
        "totalOtherIncomeExpensesNet": -3000000,
        "incomeBeforeTax": 15100000,
        "incomeBeforeTaxRatio": 0.0706598035,
        "incomeTaxExpense": 5200000,
        "netIncome": 9900000,
        "netIncomeRatio": 0.0463266261,
        "eps": 0.21,
        "epsdiluted": 0.2,
        "weightedAverageShsOut": 25122000,
        "weightedAverageShsOutDil": 25122000,
        "link": "https://www.sec.gov/Archives/edgar/data/88205/000008820597000005/0000088205-97-000005-index.html",
        "finalLink": "https://www.sec.gov/Archives/edgar/data/88205/0000088205-97-000005.txt"
    },
    {
        "date": "1997-06-30",
        "symbol": "SPXC",
        "reportedCurrency": "USD",
        "cik": "0000088205",
        "fillingDate": "1997-08-14",
        "acceptedDate": "1997-08-14 00:00:00",
        "calendarYear": "1997",
        "period": "Q2",
        "revenue": 230300000,
        "costOfRevenue": 160800000,
        "grossProfit": 69500000,
        "grossProfitRatio": 0.3017802866,
        "researchAndDevelopmentExpenses": 0,
        "generalAndAdministrativeExpenses": 0,
        "sellingAndMarketingExpenses": 0,
        "sellingGeneralAndAdministrativeExpenses": 41800000,
        "otherExpenses": 6100000,
        "operatingExpenses": 47900000,
        "costAndExpenses": 208700000,
        "interestIncome": 0,
        "interestExpense": 0,
        "depreciationAndAmortization": 6100000,
        "ebitda": 27700000,
        "ebitdaratio": 0.1202778984,
        "operatingIncome": 21600000,
        "operatingIncomeRatio": 0.0937907078,
        "totalOtherIncomeExpensesNet": -2600000,
        "incomeBeforeTax": 19000000,
        "incomeBeforeTaxRatio": 0.0825010855,
        "incomeTaxExpense": 7000000,
        "netIncome": 12000000,
        "netIncomeRatio": 0.0521059488,
        "eps": 0.23,
        "epsdiluted": 0.22,
        "weightedAverageShsOut": 30156000,
        "weightedAverageShsOutDil": 30156000,
        "link": "https://www.sec.gov/Archives/edgar/data/88205/000008820597000004/0000088205-97-000004-index.html",
        "finalLink": "https://www.sec.gov/Archives/edgar/data/88205/"
    },
    {
        "date": "1997-03-31",
        "symbol": "SPXC",
        "reportedCurrency": "USD",
        "cik": "0000088205",
        "fillingDate": "1997-05-09",
        "acceptedDate": "1997-05-09 00:00:00",
        "calendarYear": "1997",
        "period": "Q1",
        "revenue": 236700000,
        "costOfRevenue": 168000000,
        "grossProfit": 68700000,
        "grossProfitRatio": 0.2902408112,
        "researchAndDevelopmentExpenses": 0,
        "generalAndAdministrativeExpenses": 0,
        "sellingAndMarketingExpenses": 0,
        "sellingGeneralAndAdministrativeExpenses": 45400000,
        "otherExpenses": 7200000,
        "operatingExpenses": 52600000,
        "costAndExpenses": 220600000,
        "interestIncome": 0,
        "interestExpense": 0,
        "depreciationAndAmortization": 7200000,
        "ebitda": 23300000,
        "ebitdaratio": 0.0984368399,
        "operatingIncome": 16100000,
        "operatingIncomeRatio": 0.0680185889,
        "totalOtherIncomeExpensesNet": 61400000,
        "incomeBeforeTax": 77500000,
        "incomeBeforeTaxRatio": 0.3274186734,
        "incomeTaxExpense": 42800000,
        "netIncome": 24400000,
        "netIncomeRatio": 0.1030840727,
        "eps": 0.43,
        "epsdiluted": 0.42,
        "weightedAverageShsOut": 29958000,
        "weightedAverageShsOutDil": 29958000,
        "link": "https://www.sec.gov/Archives/edgar/data/88205/000008820597000003/0000088205-97-000003-index.html",
        "finalLink": "https://www.sec.gov/Archives/edgar/data/88205/"
    },
    {
        "date": "1996-12-31",
        "symbol": "SPXC",
        "reportedCurrency": "USD",
        "cik": "0000088205",
        "fillingDate": "1997-03-27",
        "acceptedDate": "1997-03-27 00:00:00",
        "calendarYear": "1996",
        "period": "Q4",
        "revenue": 251500000,
        "costOfRevenue": 187200000,
        "grossProfit": 64300000,
        "grossProfitRatio": 0.255666004,
        "researchAndDevelopmentExpenses": 0,
        "generalAndAdministrativeExpenses": 0,
        "sellingAndMarketingExpenses": 0,
        "sellingGeneralAndAdministrativeExpenses": 43500000,
        "otherExpenses": 9000000,
        "operatingExpenses": 52500000,
        "costAndExpenses": 239700000,
        "interestIncome": 0,
        "interestExpense": 0,
        "depreciationAndAmortization": 9000000,
        "ebitda": 20800000,
        "ebitdaratio": 0.0827037773,
        "operatingIncome": 11800000,
        "operatingIncomeRatio": 0.0469184891,
        "totalOtherIncomeExpensesNet": -76300000,
        "incomeBeforeTax": -64500000,
        "incomeBeforeTaxRatio": -0.2564612326,
        "incomeTaxExpense": 1200000,
        "netIncome": -71100000,
        "netIncomeRatio": -0.2827037773,
        "eps": 0,
        "epsdiluted": 0,
        "weightedAverageShsOut": 29754028,
        "weightedAverageShsOutDil": 29958000,
        "link": "https://www.sec.gov/Archives/edgar/data/88205/000095013797001178/0000950137-97-001178-index.html",
        "finalLink": "https://www.sec.gov/Archives/edgar/data/88205/0000950137-97-001178.txt"
    },
    {
        "date": "1996-09-30",
        "symbol": "SPXC",
        "reportedCurrency": "USD",
        "cik": "0000088205",
        "fillingDate": "1996-11-13",
        "acceptedDate": "1996-11-13 00:00:00",
        "calendarYear": "1996",
        "period": "Q3",
        "revenue": 255000000,
        "costOfRevenue": 183100000,
        "grossProfit": 71900000,
        "grossProfitRatio": 0.2819607843,
        "researchAndDevelopmentExpenses": 0,
        "generalAndAdministrativeExpenses": 0,
        "sellingAndMarketingExpenses": 0,
        "sellingGeneralAndAdministrativeExpenses": 46100000,
        "otherExpenses": 10300000,
        "operatingExpenses": 56400000,
        "costAndExpenses": 239500000,
        "interestIncome": 0,
        "interestExpense": 0,
        "depreciationAndAmortization": 10300000,
        "ebitda": 25800000,
        "ebitdaratio": 0.1011764706,
        "operatingIncome": 15500000,
        "operatingIncomeRatio": 0.0607843137,
        "totalOtherIncomeExpensesNet": -9300000,
        "incomeBeforeTax": 6200000,
        "incomeBeforeTaxRatio": 0.0243137255,
        "incomeTaxExpense": 2400000,
        "netIncome": 3000000,
        "netIncomeRatio": 0.0117647059,
        "eps": 0.055,
        "epsdiluted": 0.055,
        "weightedAverageShsOut": 29338000,
        "weightedAverageShsOutDil": 29338000,
        "link": "https://www.sec.gov/Archives/edgar/data/88205/000008820596000005/0000088205-96-000005-index.html",
        "finalLink": "https://www.sec.gov/Archives/edgar/data/88205/"
    },
    {
        "date": "1996-06-30",
        "symbol": "SPXC",
        "reportedCurrency": "USD",
        "cik": "0000088205",
        "fillingDate": "1996-08-06",
        "acceptedDate": "1996-08-06 00:00:00",
        "calendarYear": "1996",
        "period": "Q2",
        "revenue": 310600000,
        "costOfRevenue": 226800000,
        "grossProfit": 83800000,
        "grossProfitRatio": 0.2698003863,
        "researchAndDevelopmentExpenses": 0,
        "generalAndAdministrativeExpenses": 0,
        "sellingAndMarketingExpenses": 0,
        "sellingGeneralAndAdministrativeExpenses": 49900000,
        "otherExpenses": 10700000,
        "operatingExpenses": 60600000,
        "costAndExpenses": 287400000,
        "interestIncome": 0,
        "interestExpense": 0,
        "depreciationAndAmortization": 10700000,
        "ebitda": 33900000,
        "ebitdaratio": 0.109143593,
        "operatingIncome": 23200000,
        "operatingIncomeRatio": 0.0746941404,
        "totalOtherIncomeExpensesNet": -17500000,
        "incomeBeforeTax": 5700000,
        "incomeBeforeTaxRatio": 0.0183515776,
        "incomeTaxExpense": 2200000,
        "netIncome": 3100000,
        "netIncomeRatio": 0.0099806825,
        "eps": 0.0575,
        "epsdiluted": 0.0575,
        "weightedAverageShsOut": 29120000,
        "weightedAverageShsOutDil": 29120000,
        "link": "https://www.sec.gov/Archives/edgar/data/88205/000008820596000004/0000088205-96-000004-index.html",
        "finalLink": "https://www.sec.gov/Archives/edgar/data/88205/"
    },
    {
        "date": "1996-03-31",
        "symbol": "SPXC",
        "reportedCurrency": "USD",
        "cik": "0000088205",
        "fillingDate": "1996-05-01",
        "acceptedDate": "1996-05-01 00:00:00",
        "calendarYear": "1996",
        "period": "Q1",
        "revenue": 292300000,
        "costOfRevenue": 219800000,
        "grossProfit": 72500000,
        "grossProfitRatio": 0.248032843,
        "researchAndDevelopmentExpenses": 0,
        "generalAndAdministrativeExpenses": 0,
        "sellingAndMarketingExpenses": 0,
        "sellingGeneralAndAdministrativeExpenses": 47900000,
        "otherExpenses": 10800000,
        "operatingExpenses": 58700000,
        "costAndExpenses": 278500000,
        "interestIncome": 0,
        "interestExpense": 0,
        "depreciationAndAmortization": 10800000,
        "ebitda": 24600000,
        "ebitdaratio": 0.0841601095,
        "operatingIncome": 13800000,
        "operatingIncomeRatio": 0.0472117687,
        "totalOtherIncomeExpensesNet": -9200000,
        "incomeBeforeTax": 4600000,
        "incomeBeforeTaxRatio": 0.0157372562,
        "incomeTaxExpense": 1800000,
        "netIncome": 2800000,
        "netIncomeRatio": 0.0095791995,
        "eps": 0.05,
        "epsdiluted": 0.05,
        "weightedAverageShsOut": 28902000,
        "weightedAverageShsOutDil": 28902000,
        "link": "https://www.sec.gov/Archives/edgar/data/88205/000008820596000001/0000088205-96-000001-index.html",
        "finalLink": "https://www.sec.gov/Archives/edgar/data/88205/"
    },
    {
        "date": "1995-12-31",
        "symbol": "SPXC",
        "reportedCurrency": "USD",
        "cik": "0000088205",
        "fillingDate": "1996-03-27",
        "acceptedDate": "1996-03-27 00:00:00",
        "calendarYear": "1995",
        "period": "Q4",
        "revenue": 260200000,
        "costOfRevenue": 205500000,
        "grossProfit": 54700000,
        "grossProfitRatio": 0.2102229055,
        "researchAndDevelopmentExpenses": 0,
        "generalAndAdministrativeExpenses": 0,
        "sellingAndMarketingExpenses": 0,
        "sellingGeneralAndAdministrativeExpenses": 37600000,
        "otherExpenses": 9700000,
        "operatingExpenses": 47300000,
        "costAndExpenses": 252800000,
        "interestIncome": 0,
        "interestExpense": 0,
        "depreciationAndAmortization": 9700000,
        "ebitda": 17100000,
        "ebitdaratio": 0.0657186779,
        "operatingIncome": 7400000,
        "operatingIncomeRatio": 0.0284396618,
        "totalOtherIncomeExpensesNet": -22500000,
        "incomeBeforeTax": -15100000,
        "incomeBeforeTaxRatio": -0.0580322829,
        "incomeTaxExpense": -5700000,
        "netIncome": -9800000,
        "netIncomeRatio": -0.0376633359,
        "eps": 0,
        "epsdiluted": 0,
        "weightedAverageShsOut": 28628000,
        "weightedAverageShsOutDil": 28902000,
        "link": "https://www.sec.gov/Archives/edgar/data/88205/000095013796000367/0000950137-96-000367-index.html",
        "finalLink": "https://www.sec.gov/Archives/edgar/data/88205/"
    },
    {
        "date": "1995-09-30",
        "symbol": "SPXC",
        "reportedCurrency": "USD",
        "cik": "0000088205",
        "fillingDate": "1995-11-03",
        "acceptedDate": "1995-11-03 00:00:00",
        "calendarYear": "1995",
        "period": "Q3",
        "revenue": 268800000,
        "costOfRevenue": 193400000,
        "grossProfit": 75400000,
        "grossProfitRatio": 0.2805059524,
        "researchAndDevelopmentExpenses": 0,
        "generalAndAdministrativeExpenses": 0,
        "sellingAndMarketingExpenses": 0,
        "sellingGeneralAndAdministrativeExpenses": 49400000,
        "otherExpenses": 11600000,
        "operatingExpenses": 61000000,
        "costAndExpenses": 254400000,
        "interestIncome": 0,
        "interestExpense": 0,
        "depreciationAndAmortization": 11600000,
        "ebitda": 26000000,
        "ebitdaratio": 0.0967261905,
        "operatingIncome": 14400000,
        "operatingIncomeRatio": 0.0535714286,
        "totalOtherIncomeExpensesNet": -7300000,
        "incomeBeforeTax": 7100000,
        "incomeBeforeTaxRatio": 0.0264136905,
        "incomeTaxExpense": 2900000,
        "netIncome": 700000,
        "netIncomeRatio": 0.0026041667,
        "eps": 0.0125,
        "epsdiluted": 0.0125,
        "weightedAverageShsOut": 28296000,
        "weightedAverageShsOutDil": 28296000,
        "link": "https://www.sec.gov/Archives/edgar/data/88205/000008820595000005/0000088205-95-000005-index.html",
        "finalLink": "https://www.sec.gov/Archives/edgar/data/88205/"
    },
    {
        "date": "1995-06-30",
        "symbol": "SPXC",
        "reportedCurrency": "USD",
        "cik": "0000088205",
        "fillingDate": "1995-07-27",
        "acceptedDate": "1995-07-27 00:00:00",
        "calendarYear": "1995",
        "period": "Q2",
        "revenue": 293400000,
        "costOfRevenue": 216100000,
        "grossProfit": 77300000,
        "grossProfitRatio": 0.2634628494,
        "researchAndDevelopmentExpenses": 0,
        "generalAndAdministrativeExpenses": 0,
        "sellingAndMarketingExpenses": 0,
        "sellingGeneralAndAdministrativeExpenses": 52200000,
        "otherExpenses": 11100000,
        "operatingExpenses": 63300000,
        "costAndExpenses": 279400000,
        "interestIncome": 0,
        "interestExpense": 0,
        "depreciationAndAmortization": 11100000,
        "ebitda": 25100000,
        "ebitdaratio": 0.0855487389,
        "operatingIncome": 14000000,
        "operatingIncomeRatio": 0.0477164281,
        "totalOtherIncomeExpensesNet": -8100000,
        "incomeBeforeTax": 5900000,
        "incomeBeforeTaxRatio": 0.0201090661,
        "incomeTaxExpense": 2500000,
        "netIncome": 3400000,
        "netIncomeRatio": 0.0115882754,
        "eps": 0.065,
        "epsdiluted": 0.065,
        "weightedAverageShsOut": 28296000,
        "weightedAverageShsOutDil": 28296000,
        "link": "https://www.sec.gov/Archives/edgar/data/88205/000008820595000003/0000088205-95-000003-index.html",
        "finalLink": "https://www.sec.gov/Archives/edgar/data/88205/"
    },
    {
        "date": "1995-03-31",
        "symbol": "SPXC",
        "reportedCurrency": "USD",
        "cik": "0000088205",
        "fillingDate": "1995-05-09",
        "acceptedDate": "1995-05-09 00:00:00",
        "calendarYear": "1995",
        "period": "Q1",
        "revenue": 278800000,
        "costOfRevenue": 208300000,
        "grossProfit": 70500000,
        "grossProfitRatio": 0.2528694405,
        "researchAndDevelopmentExpenses": 0,
        "generalAndAdministrativeExpenses": 0,
        "sellingAndMarketingExpenses": 0,
        "sellingGeneralAndAdministrativeExpenses": 52300000,
        "otherExpenses": 11100000,
        "operatingExpenses": 63400000,
        "costAndExpenses": 271700000,
        "interestIncome": 0,
        "interestExpense": 0,
        "depreciationAndAmortization": 11100000,
        "ebitda": 18200000,
        "ebitdaratio": 0.0652797704,
        "operatingIncome": 7100000,
        "operatingIncomeRatio": 0.0254662841,
        "totalOtherIncomeExpensesNet": -6600000,
        "incomeBeforeTax": 500000,
        "incomeBeforeTaxRatio": 0.0017934003,
        "incomeTaxExpense": 200000,
        "netIncome": 300000,
        "netIncomeRatio": 0.0010760402,
        "eps": 0.005,
        "epsdiluted": 0.005,
        "weightedAverageShsOut": 28157792,
        "weightedAverageShsOutDil": 28157792,
        "link": "https://www.sec.gov/Archives/edgar/data/88205/000008820595000001/0000088205-95-000001-index.html",
        "finalLink": "https://www.sec.gov/Archives/edgar/data/88205/"
    },
    {
        "date": "1994-12-31",
        "symbol": "SPXC",
        "reportedCurrency": "USD",
        "cik": "0000088205",
        "fillingDate": "1995-03-23",
        "acceptedDate": "1995-03-23 00:00:00",
        "calendarYear": "1994",
        "period": "Q4",
        "revenue": 273200000,
        "costOfRevenue": 198500000,
        "grossProfit": 74700000,
        "grossProfitRatio": 0.2734260615,
        "researchAndDevelopmentExpenses": 0,
        "generalAndAdministrativeExpenses": 0,
        "sellingAndMarketingExpenses": 0,
        "sellingGeneralAndAdministrativeExpenses": 51600000,
        "otherExpenses": 9400000,
        "operatingExpenses": 61000000,
        "costAndExpenses": 259500000,
        "interestIncome": 0,
        "interestExpense": 0,
        "depreciationAndAmortization": 9400000,
        "ebitda": 23100000,
        "ebitdaratio": 0.0845534407,
        "operatingIncome": 13700000,
        "operatingIncomeRatio": 0.0501464129,
        "totalOtherIncomeExpensesNet": -11900000,
        "incomeBeforeTax": 1800000,
        "incomeBeforeTaxRatio": 0.0065885798,
        "incomeTaxExpense": 900000,
        "netIncome": 900000,
        "netIncomeRatio": 0.0032942899,
        "eps": 0,
        "epsdiluted": 0,
        "weightedAverageShsOut": 28030000,
        "weightedAverageShsOutDil": 28157792,
        "link": "https://www.sec.gov/Archives/edgar/data/88205/000095012495000822/0000950124-95-000822-index.html",
        "finalLink": "https://www.sec.gov/Archives/edgar/data/88205/"
    },
    {
        "date": "1994-09-30",
        "symbol": "SPXC",
        "reportedCurrency": "USD",
        "cik": "0000088205",
        "fillingDate": "1994-11-03",
        "acceptedDate": "1994-11-03 00:00:00",
        "calendarYear": "1994",
        "period": "Q3",
        "revenue": 253000000,
        "costOfRevenue": 178200000,
        "grossProfit": 74800000,
        "grossProfitRatio": 0.2956521739,
        "researchAndDevelopmentExpenses": 0,
        "generalAndAdministrativeExpenses": 0,
        "sellingAndMarketingExpenses": 0,
        "sellingGeneralAndAdministrativeExpenses": 49100000,
        "otherExpenses": 9300000,
        "operatingExpenses": 58400000,
        "costAndExpenses": 236600000,
        "interestIncome": 0,
        "interestExpense": 0,
        "depreciationAndAmortization": 9300000,
        "ebitda": 25700000,
        "ebitdaratio": 0.1015810277,
        "operatingIncome": 16400000,
        "operatingIncomeRatio": 0.0648221344,
        "totalOtherIncomeExpensesNet": -10700000,
        "incomeBeforeTax": 5700000,
        "incomeBeforeTaxRatio": 0.0225296443,
        "incomeTaxExpense": 2500000,
        "netIncome": 3200000,
        "netIncomeRatio": 0.0126482213,
        "eps": 0.0625,
        "epsdiluted": 0.0625,
        "weightedAverageShsOut": 25656000,
        "weightedAverageShsOutDil": 25656000,
        "link": "https://www.sec.gov/Archives/edgar/data/88205/000008820594000005/0000088205-94-000005-index.html",
        "finalLink": "https://www.sec.gov/Archives/edgar/data/88205/"
    },
    {
        "date": "1994-06-30",
        "symbol": "SPXC",
        "reportedCurrency": "USD",
        "cik": "0000088205",
        "fillingDate": "1994-08-12",
        "acceptedDate": "1994-08-12 00:00:00",
        "calendarYear": "1994",
        "period": "Q2",
        "revenue": 289100000,
        "costOfRevenue": 205200000,
        "grossProfit": 83900000,
        "grossProfitRatio": 0.2902109997,
        "researchAndDevelopmentExpenses": 0,
        "generalAndAdministrativeExpenses": 0,
        "sellingAndMarketingExpenses": 0,
        "sellingGeneralAndAdministrativeExpenses": 52700000,
        "otherExpenses": 9500000,
        "operatingExpenses": 62200000,
        "costAndExpenses": 267400000,
        "interestIncome": 0,
        "interestExpense": 0,
        "depreciationAndAmortization": 10000000,
        "ebitda": 31700000,
        "ebitdaratio": 0.1096506399,
        "operatingIncome": 21700000,
        "operatingIncomeRatio": 0.0750605327,
        "totalOtherIncomeExpensesNet": -10400000,
        "incomeBeforeTax": 11300000,
        "incomeBeforeTaxRatio": 0.0390868212,
        "incomeTaxExpense": 4400000,
        "netIncome": 6900000,
        "netIncomeRatio": 0.023867174,
        "eps": 0.14,
        "epsdiluted": 0.14,
        "weightedAverageShsOut": 27940000,
        "weightedAverageShsOutDil": 27940000,
        "link": "https://www.sec.gov/Archives/edgar/data/88205/000008820594000004/0000088205-94-000004-index.html",
        "finalLink": "https://www.sec.gov/Archives/edgar/data/88205/"
    },
    {
        "date": "1994-03-31",
        "symbol": "SPXC",
        "reportedCurrency": "USD",
        "cik": "0000088205",
        "fillingDate": "1994-05-10",
        "acceptedDate": "1994-05-10 00:00:00",
        "calendarYear": "1994",
        "period": "Q1",
        "revenue": 277500000,
        "costOfRevenue": 197500000,
        "grossProfit": 80000000,
        "grossProfitRatio": 0.2882882883,
        "researchAndDevelopmentExpenses": 0,
        "generalAndAdministrativeExpenses": 0,
        "sellingAndMarketingExpenses": 0,
        "sellingGeneralAndAdministrativeExpenses": 54200000,
        "otherExpenses": 9800000,
        "operatingExpenses": 64000000,
        "costAndExpenses": 261500000,
        "interestIncome": 0,
        "interestExpense": 0,
        "depreciationAndAmortization": 9800000,
        "ebitda": 25800000,
        "ebitdaratio": 0.092972973,
        "operatingIncome": 16000000,
        "operatingIncomeRatio": 0.0576576577,
        "totalOtherIncomeExpensesNet": -10900000,
        "incomeBeforeTax": 5100000,
        "incomeBeforeTaxRatio": 0.0183783784,
        "incomeTaxExpense": 2000000,
        "netIncome": 3100000,
        "netIncomeRatio": 0.0111711712,
        "eps": 0.06,
        "epsdiluted": 0.06,
        "weightedAverageShsOut": 25414000,
        "weightedAverageShsOutDil": 25414000,
        "link": "https://www.sec.gov/Archives/edgar/data/88205/000008820594000003/0000088205-94-000003-index.html",
        "finalLink": "https://www.sec.gov/Archives/edgar/data/88205/"
    },
    {
        "date": "1993-12-31",
        "symbol": "SPXC",
        "reportedCurrency": "USD",
        "cik": "0000088205",
        "fillingDate": "1994-03-25",
        "acceptedDate": "1994-03-25 00:00:00",
        "calendarYear": "1993",
        "period": "Q4",
        "revenue": 169300000,
        "costOfRevenue": 109900000,
        "grossProfit": 59400000,
        "grossProfitRatio": 0.3508564678,
        "researchAndDevelopmentExpenses": 0,
        "generalAndAdministrativeExpenses": 0,
        "sellingAndMarketingExpenses": 0,
        "sellingGeneralAndAdministrativeExpenses": 68600000,
        "otherExpenses": 4800000,
        "operatingExpenses": 73400000,
        "costAndExpenses": 183300000,
        "interestIncome": 0,
        "interestExpense": 0,
        "depreciationAndAmortization": 4800000,
        "ebitda": -9200000,
        "ebitdaratio": -0.0543414058,
        "operatingIncome": -14000000,
        "operatingIncomeRatio": -0.0826934436,
        "totalOtherIncomeExpensesNet": 76300000,
        "incomeBeforeTax": 62300000,
        "incomeBeforeTaxRatio": 0.367985824,
        "incomeTaxExpense": 33600000,
        "netIncome": -27100000,
        "netIncomeRatio": -0.1600708801,
        "eps": 0,
        "epsdiluted": 0,
        "weightedAverageShsOut": 27812000,
        "weightedAverageShsOutDil": 27812000,
        "link": "https://www.sec.gov/Archives/edgar/data/88205/000095012494000602/0000950124-94-000602-index.html",
        "finalLink": "https://www.sec.gov/Archives/edgar/data/88205/0000950124-94-000602.txt"
    },
    {
        "date": "1993-09-30",
        "symbol": "SPXC",
        "reportedCurrency": "USD",
        "cik": "0000088205",
        "fillingDate": "1993-09-30",
        "acceptedDate": "1993-09-29 20:00:00",
        "calendarYear": "1993",
        "period": "Q3",
        "revenue": 195100000,
        "costOfRevenue": 123300000,
        "grossProfit": 71800000,
        "grossProfitRatio": 0.3680164018,
        "researchAndDevelopmentExpenses": 0,
        "generalAndAdministrativeExpenses": 0,
        "sellingAndMarketingExpenses": 0,
        "sellingGeneralAndAdministrativeExpenses": 58100000,
        "otherExpenses": 6500000,
        "operatingExpenses": 64600000,
        "costAndExpenses": 187900000,
        "interestIncome": 0,
        "interestExpense": 0,
        "depreciationAndAmortization": 6600000,
        "ebitda": 13800000,
        "ebitdaratio": 0.0707329575,
        "operatingIncome": 7200000,
        "operatingIncomeRatio": 0.0369041517,
        "totalOtherIncomeExpensesNet": -34700000,
        "incomeBeforeTax": -27500000,
        "incomeBeforeTaxRatio": -0.1409533573,
        "incomeTaxExpense": -7900000,
        "netIncome": -19600000,
        "netIncomeRatio": -0.1004613019,
        "eps": -0.35,
        "epsdiluted": -0.35,
        "weightedAverageShsOut": 27812000,
        "weightedAverageShsOutDil": 27812000,
        "link": "",
        "finalLink": ""
    },
    {
        "date": "1993-06-30",
        "symbol": "SPXC",
        "reportedCurrency": "USD",
        "cik": "0000088205",
        "fillingDate": "1993-06-30",
        "acceptedDate": "1993-06-29 20:00:00",
        "calendarYear": "1993",
        "period": "Q2",
        "revenue": 213000000,
        "costOfRevenue": 135200000,
        "grossProfit": 77800000,
        "grossProfitRatio": 0.365258216,
        "researchAndDevelopmentExpenses": 0,
        "generalAndAdministrativeExpenses": 0,
        "sellingAndMarketingExpenses": 0,
        "sellingGeneralAndAdministrativeExpenses": 56800000,
        "otherExpenses": 6500000,
        "operatingExpenses": 63300000,
        "costAndExpenses": 198500000,
        "interestIncome": 0,
        "interestExpense": 0,
        "depreciationAndAmortization": 6600000,
        "ebitda": 21100000,
        "ebitdaratio": 0.0990610329,
        "operatingIncome": 14500000,
        "operatingIncomeRatio": 0.0680751174,
        "totalOtherIncomeExpensesNet": -6000000,
        "incomeBeforeTax": 8500000,
        "incomeBeforeTaxRatio": 0.0399061033,
        "incomeTaxExpense": 3200000,
        "netIncome": 5300000,
        "netIncomeRatio": 0.0248826291,
        "eps": 0.095,
        "epsdiluted": 0.095,
        "weightedAverageShsOut": 27810000,
        "weightedAverageShsOutDil": 27810000,
        "link": "",
        "finalLink": ""
    },
    {
        "date": "1993-03-31",
        "symbol": "SPXC",
        "reportedCurrency": "USD",
        "cik": "0000088205",
        "fillingDate": "1993-03-31",
        "acceptedDate": "1993-03-30 19:00:00",
        "calendarYear": "1993",
        "period": "Q1",
        "revenue": 178700000,
        "costOfRevenue": 115400000,
        "grossProfit": 63300000,
        "grossProfitRatio": 0.354224958,
        "researchAndDevelopmentExpenses": 0,
        "generalAndAdministrativeExpenses": 0,
        "sellingAndMarketingExpenses": 0,
        "sellingGeneralAndAdministrativeExpenses": 51700000,
        "otherExpenses": 6400000,
        "operatingExpenses": 58100000,
        "costAndExpenses": 173500000,
        "interestIncome": 0,
        "interestExpense": 0,
        "depreciationAndAmortization": 6400000,
        "ebitda": 11600000,
        "ebitdaratio": 0.0649132625,
        "operatingIncome": 5200000,
        "operatingIncomeRatio": 0.0290990487,
        "totalOtherIncomeExpensesNet": -3900000,
        "incomeBeforeTax": 1300000,
        "incomeBeforeTaxRatio": 0.0072747622,
        "incomeTaxExpense": 500000,
        "netIncome": 800000,
        "netIncomeRatio": 0.0044767767,
        "eps": 0.015,
        "epsdiluted": 0.015,
        "weightedAverageShsOut": 27808000,
        "weightedAverageShsOutDil": 27808000,
        "link": "",
        "finalLink": ""
    },
    {
        "date": "1992-12-31",
        "symbol": "SPXC",
        "reportedCurrency": "USD",
        "cik": "0000088205",
        "fillingDate": "1992-12-31",
        "acceptedDate": "1992-12-30 19:00:00",
        "calendarYear": "1992",
        "period": "Q4",
        "revenue": 171100000,
        "costOfRevenue": 106700000,
        "grossProfit": 64400000,
        "grossProfitRatio": 0.3763880771,
        "researchAndDevelopmentExpenses": 0,
        "generalAndAdministrativeExpenses": 0,
        "sellingAndMarketingExpenses": 0,
        "sellingGeneralAndAdministrativeExpenses": 49100000,
        "otherExpenses": 6500000,
        "operatingExpenses": 55600000,
        "costAndExpenses": 162300000,
        "interestIncome": 0,
        "interestExpense": 0,
        "depreciationAndAmortization": 6500000,
        "ebitda": 15300000,
        "ebitdaratio": 0.089421391,
        "operatingIncome": 8800000,
        "operatingIncomeRatio": 0.0514319112,
        "totalOtherIncomeExpensesNet": -5000000,
        "incomeBeforeTax": 3800000,
        "incomeBeforeTaxRatio": 0.0222092344,
        "incomeTaxExpense": 1900000,
        "netIncome": -3800000,
        "netIncomeRatio": -0.0222092344,
        "eps": 0,
        "epsdiluted": 0,
        "weightedAverageShsOut": 27726000,
        "weightedAverageShsOutDil": 27726000,
        "link": "",
        "finalLink": ""
    },
    {
        "date": "1992-09-30",
        "symbol": "SPXC",
        "reportedCurrency": "USD",
        "cik": "0000088205",
        "fillingDate": "1992-09-30",
        "acceptedDate": "1992-09-29 20:00:00",
        "calendarYear": "1992",
        "period": "Q3",
        "revenue": 237300000,
        "costOfRevenue": 154700000,
        "grossProfit": 82600000,
        "grossProfitRatio": 0.3480825959,
        "researchAndDevelopmentExpenses": 0,
        "generalAndAdministrativeExpenses": 0,
        "sellingAndMarketingExpenses": 0,
        "sellingGeneralAndAdministrativeExpenses": 54400000,
        "otherExpenses": 6200000,
        "operatingExpenses": 60600000,
        "costAndExpenses": 215300000,
        "interestIncome": 0,
        "interestExpense": 0,
        "depreciationAndAmortization": 6300000,
        "ebitda": 28300000,
        "ebitdaratio": 0.1192583228,
        "operatingIncome": 22000000,
        "operatingIncomeRatio": 0.0927096502,
        "totalOtherIncomeExpensesNet": -6400000,
        "incomeBeforeTax": 15600000,
        "incomeBeforeTaxRatio": 0.0657395702,
        "incomeTaxExpense": 5900000,
        "netIncome": 9700000,
        "netIncomeRatio": 0.0408765276,
        "eps": 0.18,
        "epsdiluted": 0.18,
        "weightedAverageShsOut": 27726000,
        "weightedAverageShsOutDil": 27726000,
        "link": "",
        "finalLink": ""
    },
    {
        "date": "1992-06-30",
        "symbol": "SPXC",
        "reportedCurrency": "USD",
        "cik": "0000088205",
        "fillingDate": "1992-06-30",
        "acceptedDate": "1992-06-29 20:00:00",
        "calendarYear": "1992",
        "period": "Q2",
        "revenue": 217600000,
        "costOfRevenue": 136200000,
        "grossProfit": 81400000,
        "grossProfitRatio": 0.3740808824,
        "researchAndDevelopmentExpenses": 0,
        "generalAndAdministrativeExpenses": 0,
        "sellingAndMarketingExpenses": 0,
        "sellingGeneralAndAdministrativeExpenses": 55900000,
        "otherExpenses": 6300000,
        "operatingExpenses": 62200000,
        "costAndExpenses": 198400000,
        "interestIncome": 0,
        "interestExpense": 0,
        "depreciationAndAmortization": 6200000,
        "ebitda": 25500000,
        "ebitdaratio": 0.1171875,
        "operatingIncome": 19200000,
        "operatingIncomeRatio": 0.0882352941,
        "totalOtherIncomeExpensesNet": -5600000,
        "incomeBeforeTax": 13600000,
        "incomeBeforeTaxRatio": 0.0625,
        "incomeTaxExpense": 5200000,
        "netIncome": 8400000,
        "netIncomeRatio": 0.0386029412,
        "eps": 0.15,
        "epsdiluted": 0.15,
        "weightedAverageShsOut": 27698000,
        "weightedAverageShsOutDil": 27698000,
        "link": "",
        "finalLink": ""
    },
    {
        "date": "1992-03-31",
        "symbol": "SPXC",
        "reportedCurrency": "USD",
        "cik": "0000088205",
        "fillingDate": "1992-03-31",
        "acceptedDate": "1992-03-30 19:00:00",
        "calendarYear": "1992",
        "period": "Q1",
        "revenue": 175200000,
        "costOfRevenue": 110200000,
        "grossProfit": 65000000,
        "grossProfitRatio": 0.3710045662,
        "researchAndDevelopmentExpenses": 0,
        "generalAndAdministrativeExpenses": 0,
        "sellingAndMarketingExpenses": 0,
        "sellingGeneralAndAdministrativeExpenses": 50500000,
        "otherExpenses": 6300000,
        "operatingExpenses": 56800000,
        "costAndExpenses": 167000000,
        "interestIncome": 0,
        "interestExpense": 0,
        "depreciationAndAmortization": 6300000,
        "ebitda": 14500000,
        "ebitdaratio": 0.0827625571,
        "operatingIncome": 8200000,
        "operatingIncomeRatio": 0.046803653,
        "totalOtherIncomeExpensesNet": -4800000,
        "incomeBeforeTax": 3400000,
        "incomeBeforeTaxRatio": 0.0194063927,
        "incomeTaxExpense": 1300000,
        "netIncome": 2100000,
        "netIncomeRatio": 0.0119863014,
        "eps": 0.0375,
        "epsdiluted": 0.0375,
        "weightedAverageShsOut": 27674000,
        "weightedAverageShsOutDil": 27674000,
        "link": "",
        "finalLink": ""
    },
    {
        "date": "1991-12-31",
        "symbol": "SPXC",
        "reportedCurrency": "USD",
        "cik": "0000088205",
        "fillingDate": "1991-12-31",
        "acceptedDate": "1991-12-30 19:00:00",
        "calendarYear": "1991",
        "period": "Q4",
        "revenue": 167300000,
        "costOfRevenue": 112200000,
        "grossProfit": 55100000,
        "grossProfitRatio": 0.3293484758,
        "researchAndDevelopmentExpenses": 0,
        "generalAndAdministrativeExpenses": 0,
        "sellingAndMarketingExpenses": 0,
        "sellingGeneralAndAdministrativeExpenses": 46400000,
        "otherExpenses": 6300000,
        "operatingExpenses": 52700000,
        "costAndExpenses": 164900000,
        "interestIncome": 0,
        "interestExpense": 0,
        "depreciationAndAmortization": 6300000,
        "ebitda": 8700000,
        "ebitdaratio": 0.0520023909,
        "operatingIncome": 2400000,
        "operatingIncomeRatio": 0.0143454871,
        "totalOtherIncomeExpensesNet": -5200000,
        "incomeBeforeTax": -2800000,
        "incomeBeforeTaxRatio": -0.0167364017,
        "incomeTaxExpense": -900000,
        "netIncome": -1900000,
        "netIncomeRatio": -0.011356844,
        "eps": 0,
        "epsdiluted": 0,
        "weightedAverageShsOut": 27650000,
        "weightedAverageShsOutDil": 27650000,
        "link": "",
        "finalLink": ""
    },
    {
        "date": "1991-09-30",
        "symbol": "SPXC",
        "reportedCurrency": "USD",
        "cik": "0000088205",
        "fillingDate": "1991-09-30",
        "acceptedDate": "1991-09-29 20:00:00",
        "calendarYear": "1991",
        "period": "Q3",
        "revenue": 172000000,
        "costOfRevenue": 114000000,
        "grossProfit": 58000000,
        "grossProfitRatio": 0.3372093023,
        "researchAndDevelopmentExpenses": 0,
        "generalAndAdministrativeExpenses": 0,
        "sellingAndMarketingExpenses": 0,
        "sellingGeneralAndAdministrativeExpenses": 48400000,
        "otherExpenses": 5700000,
        "operatingExpenses": 54100000,
        "costAndExpenses": 168100000,
        "interestIncome": 0,
        "interestExpense": 0,
        "depreciationAndAmortization": 5700000,
        "ebitda": 9600000,
        "ebitdaratio": 0.0558139535,
        "operatingIncome": 3900000,
        "operatingIncomeRatio": 0.0226744186,
        "totalOtherIncomeExpensesNet": -28100000,
        "incomeBeforeTax": -24200000,
        "incomeBeforeTaxRatio": -0.1406976744,
        "incomeTaxExpense": -5600000,
        "netIncome": -18600000,
        "netIncomeRatio": -0.1081395349,
        "eps": -0.34,
        "epsdiluted": -0.34,
        "weightedAverageShsOut": 27650000,
        "weightedAverageShsOutDil": 27650000,
        "link": "",
        "finalLink": ""
    },
    {
        "date": "1991-06-30",
        "symbol": "SPXC",
        "reportedCurrency": "USD",
        "cik": "0000088205",
        "fillingDate": "1991-06-30",
        "acceptedDate": "1991-06-29 20:00:00",
        "calendarYear": "1991",
        "period": "Q2",
        "revenue": 177500000,
        "costOfRevenue": 112300000,
        "grossProfit": 65200000,
        "grossProfitRatio": 0.3673239437,
        "researchAndDevelopmentExpenses": 0,
        "generalAndAdministrativeExpenses": 0,
        "sellingAndMarketingExpenses": 0,
        "sellingGeneralAndAdministrativeExpenses": 49400000,
        "otherExpenses": 6100000,
        "operatingExpenses": 55500000,
        "costAndExpenses": 167800000,
        "interestIncome": 0,
        "interestExpense": 0,
        "depreciationAndAmortization": 6100000,
        "ebitda": 15800000,
        "ebitdaratio": 0.0890140845,
        "operatingIncome": 9700000,
        "operatingIncomeRatio": 0.0546478873,
        "totalOtherIncomeExpensesNet": -3900000,
        "incomeBeforeTax": 5800000,
        "incomeBeforeTaxRatio": 0.0326760563,
        "incomeTaxExpense": 2200000,
        "netIncome": 3600000,
        "netIncomeRatio": 0.0202816901,
        "eps": 0.065,
        "epsdiluted": 0.065,
        "weightedAverageShsOut": 30918000,
        "weightedAverageShsOutDil": 30918000,
        "link": "",
        "finalLink": ""
    },
    {
        "date": "1991-03-31",
        "symbol": "SPXC",
        "reportedCurrency": "USD",
        "cik": "0000088205",
        "fillingDate": "1991-03-31",
        "acceptedDate": "1991-03-30 19:00:00",
        "calendarYear": "1991",
        "period": "Q1",
        "revenue": 156700000,
        "costOfRevenue": 99400000,
        "grossProfit": 57300000,
        "grossProfitRatio": 0.3656668794,
        "researchAndDevelopmentExpenses": 0,
        "generalAndAdministrativeExpenses": 0,
        "sellingAndMarketingExpenses": 0,
        "sellingGeneralAndAdministrativeExpenses": 49700000,
        "otherExpenses": 5700000,
        "operatingExpenses": 55400000,
        "costAndExpenses": 154800000,
        "interestIncome": 0,
        "interestExpense": 0,
        "depreciationAndAmortization": 5700000,
        "ebitda": 7600000,
        "ebitdaratio": 0.0485003191,
        "operatingIncome": 1900000,
        "operatingIncomeRatio": 0.0121250798,
        "totalOtherIncomeExpensesNet": -5900000,
        "incomeBeforeTax": -4000000,
        "incomeBeforeTaxRatio": -0.0255264837,
        "incomeTaxExpense": -1500000,
        "netIncome": -2500000,
        "netIncomeRatio": -0.0159540523,
        "eps": -0.045,
        "epsdiluted": -0.045,
        "weightedAverageShsOut": 27650000,
        "weightedAverageShsOutDil": 27650000,
        "link": "",
        "finalLink": ""
    },
    {
        "date": "1990-12-31",
        "symbol": "SPXC",
        "reportedCurrency": "USD",
        "cik": "0000088205",
        "fillingDate": "1990-12-31",
        "acceptedDate": "1990-12-30 19:00:00",
        "calendarYear": "1990",
        "period": "Q4",
        "revenue": 162300000,
        "costOfRevenue": 108100000,
        "grossProfit": 54200000,
        "grossProfitRatio": 0.3339494763,
        "researchAndDevelopmentExpenses": 0,
        "generalAndAdministrativeExpenses": 0,
        "sellingAndMarketingExpenses": 0,
        "sellingGeneralAndAdministrativeExpenses": 47100000,
        "otherExpenses": 4300000,
        "operatingExpenses": 51400000,
        "costAndExpenses": 159500000,
        "interestIncome": 0,
        "interestExpense": 0,
        "depreciationAndAmortization": 4300000,
        "ebitda": 7100000,
        "ebitdaratio": 0.0437461491,
        "operatingIncome": 2800000,
        "operatingIncomeRatio": 0.0172520025,
        "totalOtherIncomeExpensesNet": -4300000,
        "incomeBeforeTax": -1500000,
        "incomeBeforeTaxRatio": -0.0092421442,
        "incomeTaxExpense": -600000,
        "netIncome": -900000,
        "netIncomeRatio": -0.0055452865,
        "eps": 0,
        "epsdiluted": 0,
        "weightedAverageShsOut": 30918000,
        "weightedAverageShsOutDil": 30918000,
        "link": "",
        "finalLink": ""
    },
    {
        "date": "1990-09-30",
        "symbol": "SPXC",
        "reportedCurrency": "USD",
        "cik": "0000088205",
        "fillingDate": "1990-09-30",
        "acceptedDate": "1990-09-29 20:00:00",
        "calendarYear": "1990",
        "period": "Q3",
        "revenue": 177000000,
        "costOfRevenue": 111400000,
        "grossProfit": 65600000,
        "grossProfitRatio": 0.3706214689,
        "researchAndDevelopmentExpenses": 0,
        "generalAndAdministrativeExpenses": 0,
        "sellingAndMarketingExpenses": 0,
        "sellingGeneralAndAdministrativeExpenses": 47500000,
        "otherExpenses": 5400000,
        "operatingExpenses": 52900000,
        "costAndExpenses": 164300000,
        "interestIncome": 0,
        "interestExpense": 0,
        "depreciationAndAmortization": 5500000,
        "ebitda": 18200000,
        "ebitdaratio": 0.1028248588,
        "operatingIncome": 12700000,
        "operatingIncomeRatio": 0.0717514124,
        "totalOtherIncomeExpensesNet": -5400000,
        "incomeBeforeTax": 7300000,
        "incomeBeforeTaxRatio": 0.0412429379,
        "incomeTaxExpense": 2800000,
        "netIncome": 4500000,
        "netIncomeRatio": 0.0254237288,
        "eps": 0.0825,
        "epsdiluted": 0.0825,
        "weightedAverageShsOut": 30918000,
        "weightedAverageShsOutDil": 30918000,
        "link": "",
        "finalLink": ""
    },
    {
        "date": "1990-06-30",
        "symbol": "SPXC",
        "reportedCurrency": "USD",
        "cik": "0000088205",
        "fillingDate": "1990-06-30",
        "acceptedDate": "1990-06-29 20:00:00",
        "calendarYear": "1990",
        "period": "Q2",
        "revenue": 202800000,
        "costOfRevenue": 124700000,
        "grossProfit": 78100000,
        "grossProfitRatio": 0.3851084813,
        "researchAndDevelopmentExpenses": 0,
        "generalAndAdministrativeExpenses": 0,
        "sellingAndMarketingExpenses": 0,
        "sellingGeneralAndAdministrativeExpenses": 52100000,
        "otherExpenses": 5100000,
        "operatingExpenses": 57200000,
        "costAndExpenses": 181900000,
        "interestIncome": 0,
        "interestExpense": 0,
        "depreciationAndAmortization": 5000000,
        "ebitda": 26000000,
        "ebitdaratio": 0.1282051282,
        "operatingIncome": 20900000,
        "operatingIncomeRatio": 0.1030571992,
        "totalOtherIncomeExpensesNet": -4900000,
        "incomeBeforeTax": 16000000,
        "incomeBeforeTaxRatio": 0.0788954635,
        "incomeTaxExpense": 6000000,
        "netIncome": 10000000,
        "netIncomeRatio": 0.0493096647,
        "eps": 0.18,
        "epsdiluted": 0.18,
        "weightedAverageShsOut": 30892000,
        "weightedAverageShsOutDil": 30892000,
        "link": "",
        "finalLink": ""
    },
    {
        "date": "1990-03-31",
        "symbol": "SPXC",
        "reportedCurrency": "USD",
        "cik": "0000088205",
        "fillingDate": "1990-03-31",
        "acceptedDate": "1990-03-30 19:00:00",
        "calendarYear": "1990",
        "period": "Q1",
        "revenue": 166200000,
        "costOfRevenue": 102700000,
        "grossProfit": 63500000,
        "grossProfitRatio": 0.3820697954,
        "researchAndDevelopmentExpenses": 0,
        "generalAndAdministrativeExpenses": 0,
        "sellingAndMarketingExpenses": 0,
        "sellingGeneralAndAdministrativeExpenses": 47200000,
        "otherExpenses": 5100000,
        "operatingExpenses": 52300000,
        "costAndExpenses": 155000000,
        "interestIncome": 0,
        "interestExpense": 0,
        "depreciationAndAmortization": 5100000,
        "ebitda": 16300000,
        "ebitdaratio": 0.0980746089,
        "operatingIncome": 11200000,
        "operatingIncomeRatio": 0.0673886883,
        "totalOtherIncomeExpensesNet": -4600000,
        "incomeBeforeTax": 6600000,
        "incomeBeforeTaxRatio": 0.0397111913,
        "incomeTaxExpense": 2500000,
        "netIncome": 4100000,
        "netIncomeRatio": 0.0246690734,
        "eps": 0.075,
        "epsdiluted": 0.075,
        "weightedAverageShsOut": 27560000,
        "weightedAverageShsOutDil": 27560000,
        "link": "",
        "finalLink": ""
    },
    {
        "date": "1989-12-31",
        "symbol": "SPXC",
        "reportedCurrency": "USD",
        "cik": "0000088205",
        "fillingDate": "1989-12-31",
        "acceptedDate": "1989-12-30 19:00:00",
        "calendarYear": "1989",
        "period": "Q4",
        "revenue": 149400000,
        "costOfRevenue": 94900000,
        "grossProfit": 54500000,
        "grossProfitRatio": 0.3647925033,
        "researchAndDevelopmentExpenses": 0,
        "generalAndAdministrativeExpenses": 0,
        "sellingAndMarketingExpenses": 0,
        "sellingGeneralAndAdministrativeExpenses": 46300000,
        "otherExpenses": 6000000,
        "operatingExpenses": 52300000,
        "costAndExpenses": 147200000,
        "interestIncome": 0,
        "interestExpense": 0,
        "depreciationAndAmortization": 6000000,
        "ebitda": 8200000,
        "ebitdaratio": 0.0548862115,
        "operatingIncome": 2200000,
        "operatingIncomeRatio": 0.0147255689,
        "totalOtherIncomeExpensesNet": 2400000,
        "incomeBeforeTax": 4600000,
        "incomeBeforeTaxRatio": 0.030789826,
        "incomeTaxExpense": 1700000,
        "netIncome": 22100000,
        "netIncomeRatio": 0.1479250335,
        "eps": 0,
        "epsdiluted": 0,
        "weightedAverageShsOut": 29696000,
        "weightedAverageShsOutDil": 29696000,
        "link": "",
        "finalLink": ""
    },
    {
        "date": "1989-09-30",
        "symbol": "SPXC",
        "reportedCurrency": "USD",
        "cik": "0000088205",
        "fillingDate": "1989-09-30",
        "acceptedDate": "1989-09-29 20:00:00",
        "calendarYear": "1989",
        "period": "Q3",
        "revenue": 154700000,
        "costOfRevenue": 98700000,
        "grossProfit": 56000000,
        "grossProfitRatio": 0.3619909502,
        "researchAndDevelopmentExpenses": 0,
        "generalAndAdministrativeExpenses": 0,
        "sellingAndMarketingExpenses": 0,
        "sellingGeneralAndAdministrativeExpenses": 42800000,
        "otherExpenses": 4200000,
        "operatingExpenses": 47000000,
        "costAndExpenses": 145700000,
        "interestIncome": 0,
        "interestExpense": 0,
        "depreciationAndAmortization": 4200000,
        "ebitda": 13200000,
        "ebitdaratio": 0.0853264383,
        "operatingIncome": 9000000,
        "operatingIncomeRatio": 0.058177117,
        "totalOtherIncomeExpensesNet": -300000,
        "incomeBeforeTax": 8700000,
        "incomeBeforeTaxRatio": 0.0562378798,
        "incomeTaxExpense": 3300000,
        "netIncome": 5400000,
        "netIncomeRatio": 0.0349062702,
        "eps": 0.09,
        "epsdiluted": 0.09,
        "weightedAverageShsOut": 29696000,
        "weightedAverageShsOutDil": 29696000,
        "link": "",
        "finalLink": ""
    },
    {
        "date": "1989-06-30",
        "symbol": "SPXC",
        "reportedCurrency": "USD",
        "cik": "0000088205",
        "fillingDate": "1989-06-30",
        "acceptedDate": "1989-06-29 20:00:00",
        "calendarYear": "1989",
        "period": "Q2",
        "revenue": 163800000,
        "costOfRevenue": 101800000,
        "grossProfit": 62000000,
        "grossProfitRatio": 0.3785103785,
        "researchAndDevelopmentExpenses": 0,
        "generalAndAdministrativeExpenses": 0,
        "sellingAndMarketingExpenses": 0,
        "sellingGeneralAndAdministrativeExpenses": 42500000,
        "otherExpenses": 4800000,
        "operatingExpenses": 47300000,
        "costAndExpenses": 149100000,
        "interestIncome": 0,
        "interestExpense": 0,
        "depreciationAndAmortization": 4800000,
        "ebitda": 19500000,
        "ebitdaratio": 0.119047619,
        "operatingIncome": 14700000,
        "operatingIncomeRatio": 0.0897435897,
        "totalOtherIncomeExpensesNet": -2400000,
        "incomeBeforeTax": 12300000,
        "incomeBeforeTaxRatio": 0.0750915751,
        "incomeTaxExpense": 4700000,
        "netIncome": 41300000,
        "netIncomeRatio": 0.2521367521,
        "eps": 1.11,
        "epsdiluted": 1.11,
        "weightedAverageShsOut": 27134000,
        "weightedAverageShsOutDil": 27134000,
        "link": "",
        "finalLink": ""
    },
    {
        "date": "1989-03-31",
        "symbol": "SPXC",
        "reportedCurrency": "USD",
        "cik": "0000088205",
        "fillingDate": "1989-03-31",
        "acceptedDate": "1989-03-30 19:00:00",
        "calendarYear": "1989",
        "period": "Q1",
        "revenue": 164000000,
        "costOfRevenue": 0,
        "grossProfit": 0,
        "grossProfitRatio": 0,
        "researchAndDevelopmentExpenses": 0,
        "generalAndAdministrativeExpenses": 0,
        "sellingAndMarketingExpenses": 0,
        "sellingGeneralAndAdministrativeExpenses": 0,
        "otherExpenses": 164000000,
        "operatingExpenses": 164000000,
        "costAndExpenses": 164000000,
        "interestIncome": 0,
        "interestExpense": 0,
        "depreciationAndAmortization": 0,
        "ebitda": 164000000,
        "ebitdaratio": 1,
        "operatingIncome": 164000000,
        "operatingIncomeRatio": 1,
        "totalOtherIncomeExpensesNet": -164000000,
        "incomeBeforeTax": 0,
        "incomeBeforeTaxRatio": 0,
        "incomeTaxExpense": 0,
        "netIncome": 0,
        "netIncomeRatio": 0,
        "eps": 0.23,
        "epsdiluted": 0.23,
        "weightedAverageShsOut": 24672000,
        "weightedAverageShsOutDil": 24672000,
        "link": "",
        "finalLink": ""
    },
    {
        "date": "1988-12-31",
        "symbol": "SPXC",
        "reportedCurrency": "USD",
        "cik": "0000088205",
        "fillingDate": "1988-12-31",
        "acceptedDate": "1988-12-30 19:00:00",
        "calendarYear": "1988",
        "period": "Q4",
        "revenue": 226200000,
        "costOfRevenue": 0,
        "grossProfit": 0,
        "grossProfitRatio": 0,
        "researchAndDevelopmentExpenses": 0,
        "generalAndAdministrativeExpenses": 0,
        "sellingAndMarketingExpenses": 0,
        "sellingGeneralAndAdministrativeExpenses": 0,
        "otherExpenses": 226200000,
        "operatingExpenses": 226200000,
        "costAndExpenses": 226200000,
        "interestIncome": 0,
        "interestExpense": 0,
        "depreciationAndAmortization": 0,
        "ebitda": -567800000,
        "ebitdaratio": -2.5101679929,
        "operatingIncome": -567800000,
        "operatingIncomeRatio": -2.5101679929,
        "totalOtherIncomeExpensesNet": 567800000,
        "incomeBeforeTax": 0,
        "incomeBeforeTaxRatio": 0,
        "incomeTaxExpense": 0,
        "netIncome": 0,
        "netIncomeRatio": 0,
        "eps": 0,
        "epsdiluted": 0,
        "weightedAverageShsOut": 24628000,
        "weightedAverageShsOutDil": 24628000,
        "link": "",
        "finalLink": ""
    },
    {
        "date": "1988-09-30",
        "symbol": "SPXC",
        "reportedCurrency": "USD",
        "cik": "0000088205",
        "fillingDate": "1988-09-30",
        "acceptedDate": "1988-09-29 20:00:00",
        "calendarYear": "1988",
        "period": "Q3",
        "revenue": 212900000,
        "costOfRevenue": 0,
        "grossProfit": 0,
        "grossProfitRatio": 0,
        "researchAndDevelopmentExpenses": 0,
        "generalAndAdministrativeExpenses": 0,
        "sellingAndMarketingExpenses": 0,
        "sellingGeneralAndAdministrativeExpenses": 0,
        "otherExpenses": 212900000,
        "operatingExpenses": 212900000,
        "costAndExpenses": 212900000,
        "interestIncome": 0,
        "interestExpense": 0,
        "depreciationAndAmortization": 0,
        "ebitda": 212900000,
        "ebitdaratio": 1,
        "operatingIncome": 212900000,
        "operatingIncomeRatio": 1,
        "totalOtherIncomeExpensesNet": -212900000,
        "incomeBeforeTax": 0,
        "incomeBeforeTaxRatio": 0,
        "incomeTaxExpense": 0,
        "netIncome": 0,
        "netIncomeRatio": 0,
        "eps": 0.2,
        "epsdiluted": 0.19,
        "weightedAverageShsOut": 24628000,
        "weightedAverageShsOutDil": 24628000,
        "link": "",
        "finalLink": ""
    },
    {
        "date": "1988-06-30",
        "symbol": "SPXC",
        "reportedCurrency": "USD",
        "cik": "0000088205",
        "fillingDate": "1988-06-30",
        "acceptedDate": "1988-06-29 20:00:00",
        "calendarYear": "1988",
        "period": "Q2",
        "revenue": 225300000,
        "costOfRevenue": 0,
        "grossProfit": 0,
        "grossProfitRatio": 0,
        "researchAndDevelopmentExpenses": 0,
        "generalAndAdministrativeExpenses": 0,
        "sellingAndMarketingExpenses": 0,
        "sellingGeneralAndAdministrativeExpenses": 0,
        "otherExpenses": 225300000,
        "operatingExpenses": 225300000,
        "costAndExpenses": 225300000,
        "interestIncome": 0,
        "interestExpense": 0,
        "depreciationAndAmortization": 0,
        "ebitda": 225300000,
        "ebitdaratio": 1,
        "operatingIncome": 225300000,
        "operatingIncomeRatio": 1,
        "totalOtherIncomeExpensesNet": -225300000,
        "incomeBeforeTax": 0,
        "incomeBeforeTaxRatio": 0,
        "incomeTaxExpense": 0,
        "netIncome": 0,
        "netIncomeRatio": 0,
        "eps": 0.28,
        "epsdiluted": 0.27,
        "weightedAverageShsOut": 24628000,
        "weightedAverageShsOutDil": 24628000,
        "link": "",
        "finalLink": ""
    },
    {
        "date": "1988-03-31",
        "symbol": "SPXC",
        "reportedCurrency": "USD",
        "cik": "0000088205",
        "fillingDate": "1988-03-31",
        "acceptedDate": "1988-03-30 19:00:00",
        "calendarYear": "1988",
        "period": "Q1",
        "revenue": 213300000,
        "costOfRevenue": 0,
        "grossProfit": 0,
        "grossProfitRatio": 0,
        "researchAndDevelopmentExpenses": 0,
        "generalAndAdministrativeExpenses": 0,
        "sellingAndMarketingExpenses": 0,
        "sellingGeneralAndAdministrativeExpenses": 0,
        "otherExpenses": 213300000,
        "operatingExpenses": 213300000,
        "costAndExpenses": 213300000,
        "interestIncome": 0,
        "interestExpense": 0,
        "depreciationAndAmortization": 0,
        "ebitda": 213300000,
        "ebitdaratio": 1,
        "operatingIncome": 213300000,
        "operatingIncomeRatio": 1,
        "totalOtherIncomeExpensesNet": -213300000,
        "incomeBeforeTax": 0,
        "incomeBeforeTaxRatio": 0,
        "incomeTaxExpense": 0,
        "netIncome": 0,
        "netIncomeRatio": 0,
        "eps": 0.24,
        "epsdiluted": 0.22,
        "weightedAverageShsOut": 24628000,
        "weightedAverageShsOutDil": 24628000,
        "link": "",
        "finalLink": ""
    },
    {
        "date": "1987-12-31",
        "symbol": "SPXC",
        "reportedCurrency": "USD",
        "cik": "0000088205",
        "fillingDate": "1987-12-31",
        "acceptedDate": "1987-12-30 19:00:00",
        "calendarYear": "1987",
        "period": "Q4",
        "revenue": 202800000,
        "costOfRevenue": 0,
        "grossProfit": 0,
        "grossProfitRatio": 0,
        "researchAndDevelopmentExpenses": 0,
        "generalAndAdministrativeExpenses": 0,
        "sellingAndMarketingExpenses": 0,
        "sellingGeneralAndAdministrativeExpenses": 0,
        "otherExpenses": 202800000,
        "operatingExpenses": 202800000,
        "costAndExpenses": 202800000,
        "interestIncome": 0,
        "interestExpense": 0,
        "depreciationAndAmortization": 0,
        "ebitda": -489800000,
        "ebitdaratio": -2.4151873767,
        "operatingIncome": -489800000,
        "operatingIncomeRatio": -2.4151873767,
        "totalOtherIncomeExpensesNet": 489800000,
        "incomeBeforeTax": 0,
        "incomeBeforeTaxRatio": 0,
        "incomeTaxExpense": 0,
        "netIncome": 0,
        "netIncomeRatio": 0,
        "eps": 0,
        "epsdiluted": 0,
        "weightedAverageShsOut": 24844000,
        "weightedAverageShsOutDil": 24844000,
        "link": "",
        "finalLink": ""
    },
    {
        "date": "1987-09-30",
        "symbol": "SPXC",
        "reportedCurrency": "USD",
        "cik": "0000088205",
        "fillingDate": "1987-09-30",
        "acceptedDate": "1987-09-29 20:00:00",
        "calendarYear": "1987",
        "period": "Q3",
        "revenue": 195300000,
        "costOfRevenue": 0,
        "grossProfit": 0,
        "grossProfitRatio": 0,
        "researchAndDevelopmentExpenses": 0,
        "generalAndAdministrativeExpenses": 0,
        "sellingAndMarketingExpenses": 0,
        "sellingGeneralAndAdministrativeExpenses": 0,
        "otherExpenses": 195300000,
        "operatingExpenses": 195300000,
        "costAndExpenses": 195300000,
        "interestIncome": 0,
        "interestExpense": 0,
        "depreciationAndAmortization": 0,
        "ebitda": 195300000,
        "ebitdaratio": 1,
        "operatingIncome": 195300000,
        "operatingIncomeRatio": 1,
        "totalOtherIncomeExpensesNet": -195300000,
        "incomeBeforeTax": 0,
        "incomeBeforeTaxRatio": 0,
        "incomeTaxExpense": 0,
        "netIncome": 0,
        "netIncomeRatio": 0,
        "eps": 0.19,
        "epsdiluted": 0.18,
        "weightedAverageShsOut": 24844000,
        "weightedAverageShsOutDil": 24844000,
        "link": "",
        "finalLink": ""
    },
    {
        "date": "1987-06-30",
        "symbol": "SPXC",
        "reportedCurrency": "USD",
        "cik": "0000088205",
        "fillingDate": "1987-06-30",
        "acceptedDate": "1987-06-29 20:00:00",
        "calendarYear": "1987",
        "period": "Q2",
        "revenue": 197100000,
        "costOfRevenue": 0,
        "grossProfit": 0,
        "grossProfitRatio": 0,
        "researchAndDevelopmentExpenses": 0,
        "generalAndAdministrativeExpenses": 0,
        "sellingAndMarketingExpenses": 0,
        "sellingGeneralAndAdministrativeExpenses": 0,
        "otherExpenses": 197100000,
        "operatingExpenses": 197100000,
        "costAndExpenses": 197100000,
        "interestIncome": 0,
        "interestExpense": 0,
        "depreciationAndAmortization": 0,
        "ebitda": 197100000,
        "ebitdaratio": 1,
        "operatingIncome": 197100000,
        "operatingIncomeRatio": 1,
        "totalOtherIncomeExpensesNet": -197100000,
        "incomeBeforeTax": 0,
        "incomeBeforeTaxRatio": 0,
        "incomeTaxExpense": 0,
        "netIncome": 0,
        "netIncomeRatio": 0,
        "eps": 0.23,
        "epsdiluted": 0.22,
        "weightedAverageShsOut": 24844000,
        "weightedAverageShsOutDil": 24844000,
        "link": "",
        "finalLink": ""
    },
    {
        "date": "1987-03-31",
        "symbol": "SPXC",
        "reportedCurrency": "USD",
        "cik": "0000088205",
        "fillingDate": "1987-03-31",
        "acceptedDate": "1987-03-30 19:00:00",
        "calendarYear": "1987",
        "period": "Q1",
        "revenue": 179000000,
        "costOfRevenue": 0,
        "grossProfit": 0,
        "grossProfitRatio": 0,
        "researchAndDevelopmentExpenses": 0,
        "generalAndAdministrativeExpenses": 0,
        "sellingAndMarketingExpenses": 0,
        "sellingGeneralAndAdministrativeExpenses": 0,
        "otherExpenses": 179000000,
        "operatingExpenses": 179000000,
        "costAndExpenses": 179000000,
        "interestIncome": 0,
        "interestExpense": 0,
        "depreciationAndAmortization": 0,
        "ebitda": 179000000,
        "ebitdaratio": 1,
        "operatingIncome": 179000000,
        "operatingIncomeRatio": 1,
        "totalOtherIncomeExpensesNet": -179000000,
        "incomeBeforeTax": 0,
        "incomeBeforeTaxRatio": 0,
        "incomeTaxExpense": 0,
        "netIncome": 0,
        "netIncomeRatio": 0,
        "eps": 0.18,
        "epsdiluted": 0.17,
        "weightedAverageShsOut": 24844000,
        "weightedAverageShsOutDil": 24844000,
        "link": "",
        "finalLink": ""
    },
    {
        "date": "1986-12-31",
        "symbol": "SPXC",
        "reportedCurrency": "USD",
        "cik": "0000088205",
        "fillingDate": "1986-12-31",
        "acceptedDate": "1986-12-30 19:00:00",
        "calendarYear": "1986",
        "period": "Q4",
        "revenue": 162100000,
        "costOfRevenue": 0,
        "grossProfit": 0,
        "grossProfitRatio": 0,
        "researchAndDevelopmentExpenses": 0,
        "generalAndAdministrativeExpenses": 0,
        "sellingAndMarketingExpenses": 0,
        "sellingGeneralAndAdministrativeExpenses": 0,
        "otherExpenses": 162100000,
        "operatingExpenses": 162100000,
        "costAndExpenses": 162100000,
        "interestIncome": 0,
        "interestExpense": 0,
        "depreciationAndAmortization": 0,
        "ebitda": -440000000,
        "ebitdaratio": -2.7143738433,
        "operatingIncome": -440000000,
        "operatingIncomeRatio": -2.7143738433,
        "totalOtherIncomeExpensesNet": 440000000,
        "incomeBeforeTax": 0,
        "incomeBeforeTaxRatio": 0,
        "incomeTaxExpense": 0,
        "netIncome": 0,
        "netIncomeRatio": 0,
        "eps": 0,
        "epsdiluted": 0,
        "weightedAverageShsOut": 24844000,
        "weightedAverageShsOutDil": 24844000,
        "link": "",
        "finalLink": ""
    },
    {
        "date": "1986-09-30",
        "symbol": "SPXC",
        "reportedCurrency": "USD",
        "cik": "0000088205",
        "fillingDate": "1986-09-30",
        "acceptedDate": "1986-09-29 20:00:00",
        "calendarYear": "1986",
        "period": "Q3",
        "revenue": 160100000,
        "costOfRevenue": 0,
        "grossProfit": 0,
        "grossProfitRatio": 0,
        "researchAndDevelopmentExpenses": 0,
        "generalAndAdministrativeExpenses": 0,
        "sellingAndMarketingExpenses": 0,
        "sellingGeneralAndAdministrativeExpenses": 0,
        "otherExpenses": 160100000,
        "operatingExpenses": 160100000,
        "costAndExpenses": 160100000,
        "interestIncome": 0,
        "interestExpense": 0,
        "depreciationAndAmortization": 0,
        "ebitda": 160100000,
        "ebitdaratio": 1,
        "operatingIncome": 160100000,
        "operatingIncomeRatio": 1,
        "totalOtherIncomeExpensesNet": -160100000,
        "incomeBeforeTax": 0,
        "incomeBeforeTaxRatio": 0,
        "incomeTaxExpense": 0,
        "netIncome": 0,
        "netIncomeRatio": 0,
        "eps": 0.14,
        "epsdiluted": 0.14,
        "weightedAverageShsOut": 24844000,
        "weightedAverageShsOutDil": 24844000,
        "link": "",
        "finalLink": ""
    },
    {
        "date": "1986-06-30",
        "symbol": "SPXC",
        "reportedCurrency": "USD",
        "cik": "0000088205",
        "fillingDate": "1986-06-30",
        "acceptedDate": "1986-06-29 20:00:00",
        "calendarYear": "1986",
        "period": "Q2",
        "revenue": 178800000,
        "costOfRevenue": 0,
        "grossProfit": 0,
        "grossProfitRatio": 0,
        "researchAndDevelopmentExpenses": 0,
        "generalAndAdministrativeExpenses": 0,
        "sellingAndMarketingExpenses": 0,
        "sellingGeneralAndAdministrativeExpenses": 0,
        "otherExpenses": 178800000,
        "operatingExpenses": 178800000,
        "costAndExpenses": 178800000,
        "interestIncome": 0,
        "interestExpense": 0,
        "depreciationAndAmortization": 0,
        "ebitda": 178800000,
        "ebitdaratio": 1,
        "operatingIncome": 178800000,
        "operatingIncomeRatio": 1,
        "totalOtherIncomeExpensesNet": -178800000,
        "incomeBeforeTax": 0,
        "incomeBeforeTaxRatio": 0,
        "incomeTaxExpense": 0,
        "netIncome": 0,
        "netIncomeRatio": 0,
        "eps": 0.19,
        "epsdiluted": 0.18,
        "weightedAverageShsOut": 24844000,
        "weightedAverageShsOutDil": 24844000,
        "link": "",
        "finalLink": ""
    },
    {
        "date": "1986-03-31",
        "symbol": "SPXC",
        "reportedCurrency": "USD",
        "cik": "0000088205",
        "fillingDate": "1986-03-31",
        "acceptedDate": "1986-03-30 19:00:00",
        "calendarYear": "1986",
        "period": "Q1",
        "revenue": 164800000,
        "costOfRevenue": 0,
        "grossProfit": 0,
        "grossProfitRatio": 0,
        "researchAndDevelopmentExpenses": 0,
        "generalAndAdministrativeExpenses": 0,
        "sellingAndMarketingExpenses": 0,
        "sellingGeneralAndAdministrativeExpenses": 0,
        "otherExpenses": 164800000,
        "operatingExpenses": 164800000,
        "costAndExpenses": 164800000,
        "interestIncome": 0,
        "interestExpense": 0,
        "depreciationAndAmortization": 0,
        "ebitda": 164800000,
        "ebitdaratio": 1,
        "operatingIncome": 164800000,
        "operatingIncomeRatio": 1,
        "totalOtherIncomeExpensesNet": -164800000,
        "incomeBeforeTax": 0,
        "incomeBeforeTaxRatio": 0,
        "incomeTaxExpense": 0,
        "netIncome": 0,
        "netIncomeRatio": 0,
        "eps": 0.14,
        "epsdiluted": 0.13,
        "weightedAverageShsOut": 24844000,
        "weightedAverageShsOutDil": 24844000,
        "link": "",
        "finalLink": ""
    },
    {
        "date": "1985-12-31",
        "symbol": "SPXC",
        "reportedCurrency": "USD",
        "cik": "0000088205",
        "fillingDate": "1985-12-31",
        "acceptedDate": "1985-12-30 19:00:00",
        "calendarYear": "1985",
        "period": "Q4",
        "revenue": 144900000,
        "costOfRevenue": 0,
        "grossProfit": 0,
        "grossProfitRatio": 0,
        "researchAndDevelopmentExpenses": 0,
        "generalAndAdministrativeExpenses": 0,
        "sellingAndMarketingExpenses": 0,
        "sellingGeneralAndAdministrativeExpenses": 0,
        "otherExpenses": 144900000,
        "operatingExpenses": 144900000,
        "costAndExpenses": 144900000,
        "interestIncome": 0,
        "interestExpense": 0,
        "depreciationAndAmortization": 0,
        "ebitda": -415400000,
        "ebitdaratio": -2.8668046929,
        "operatingIncome": -415400000,
        "operatingIncomeRatio": -2.8668046929,
        "totalOtherIncomeExpensesNet": 415400000,
        "incomeBeforeTax": 0,
        "incomeBeforeTaxRatio": 0,
        "incomeTaxExpense": 0,
        "netIncome": 0,
        "netIncomeRatio": 0,
        "eps": 0,
        "epsdiluted": 0,
        "weightedAverageShsOut": 24844000,
        "weightedAverageShsOutDil": 24844000,
        "link": "",
        "finalLink": ""
    },
    {
        "date": "1985-09-30",
        "symbol": "SPXC",
        "reportedCurrency": "USD",
        "cik": "0000088205",
        "fillingDate": "1985-09-30",
        "acceptedDate": "1985-09-29 20:00:00",
        "calendarYear": "1985",
        "period": "Q3",
        "revenue": 154700000,
        "costOfRevenue": 0,
        "grossProfit": 0,
        "grossProfitRatio": 0,
        "researchAndDevelopmentExpenses": 0,
        "generalAndAdministrativeExpenses": 0,
        "sellingAndMarketingExpenses": 0,
        "sellingGeneralAndAdministrativeExpenses": 0,
        "otherExpenses": 154700000,
        "operatingExpenses": 154700000,
        "costAndExpenses": 154700000,
        "interestIncome": 0,
        "interestExpense": 0,
        "depreciationAndAmortization": 0,
        "ebitda": 154700000,
        "ebitdaratio": 1,
        "operatingIncome": 154700000,
        "operatingIncomeRatio": 1,
        "totalOtherIncomeExpensesNet": -154700000,
        "incomeBeforeTax": 0,
        "incomeBeforeTaxRatio": 0,
        "incomeTaxExpense": 0,
        "netIncome": 0,
        "netIncomeRatio": 0,
        "eps": 0.14,
        "epsdiluted": 0.13,
        "weightedAverageShsOut": 24844000,
        "weightedAverageShsOutDil": 24844000,
        "link": "",
        "finalLink": ""
    }
]