[
    {
        "date": "2025-06-30",
        "symbol": "SR",
        "reportedCurrency": "USD",
        "cik": "0001126956",
        "fillingDate": "2025-08-05",
        "acceptedDate": "2025-08-05 11:36:51",
        "calendarYear": "2025",
        "period": "Q3",
        "revenue": 421900000,
        "costOfRevenue": 309500000,
        "grossProfit": 112400000,
        "grossProfitRatio": 0.2664138421,
        "researchAndDevelopmentExpenses": 0,
        "generalAndAdministrativeExpenses": 0,
        "sellingAndMarketingExpenses": 0,
        "sellingGeneralAndAdministrativeExpenses": 0,
        "otherExpenses": 43200000,
        "operatingExpenses": 43200000,
        "costAndExpenses": 352700000,
        "interestIncome": 0,
        "interestExpense": 49900000,
        "depreciationAndAmortization": 75700000,
        "ebitda": 149500000,
        "ebitdaratio": 0.3543493719,
        "operatingIncome": 69200000,
        "operatingIncomeRatio": 0.1640199099,
        "totalOtherIncomeExpensesNet": -45300000,
        "incomeBeforeTax": 23900000,
        "incomeBeforeTaxRatio": 0.0566484949,
        "incomeTaxExpense": 3000000,
        "netIncome": 20900000,
        "netIncomeRatio": 0.0495378052,
        "eps": 0.292,
        "epsdiluted": 0.291,
        "weightedAverageShsOut": 58900000,
        "weightedAverageShsOutDil": 59100000,
        "link": "https://www.sec.gov/Archives/edgar/data/1126956/000095017025102597/0000950170-25-102597-index.htm",
        "finalLink": "https://www.sec.gov/Archives/edgar/data/3146/000095017025102597/sr-20250630.htm"
    },
    {
        "date": "2025-03-31",
        "symbol": "SR",
        "reportedCurrency": "USD",
        "cik": "0001126956",
        "fillingDate": "2025-04-30",
        "acceptedDate": "2025-04-30 10:40:26",
        "calendarYear": "2025",
        "period": "Q2",
        "revenue": 1051300000,
        "costOfRevenue": 594300000,
        "grossProfit": 457000000,
        "grossProfitRatio": 0.4346998954,
        "researchAndDevelopmentExpenses": 0,
        "generalAndAdministrativeExpenses": 0,
        "sellingAndMarketingExpenses": 0,
        "sellingGeneralAndAdministrativeExpenses": 0,
        "otherExpenses": 150600000,
        "operatingExpenses": 150600000,
        "costAndExpenses": 744900000,
        "interestIncome": 0,
        "interestExpense": 47400000,
        "depreciationAndAmortization": 73700000,
        "ebitda": 383100000,
        "ebitdaratio": 0.3644059736,
        "operatingIncome": 306400000,
        "operatingIncomeRatio": 0.2914486826,
        "totalOtherIncomeExpensesNet": -44400000,
        "incomeBeforeTax": 262000000,
        "incomeBeforeTaxRatio": 0.2492152573,
        "incomeTaxExpense": 52700000,
        "netIncome": 209300000,
        "netIncomeRatio": 0.1990868449,
        "eps": 3.52,
        "epsdiluted": 3.51,
        "weightedAverageShsOut": 58300000,
        "weightedAverageShsOutDil": 58500000,
        "link": "https://www.sec.gov/Archives/edgar/data/1126956/000095017025060698/0000950170-25-060698-index.htm",
        "finalLink": "https://www.sec.gov/Archives/edgar/data/3146/000095017025060698/sr-20250331.htm"
    },
    {
        "date": "2024-12-31",
        "symbol": "SR",
        "reportedCurrency": "USD",
        "cik": "0001126956",
        "fillingDate": "2025-02-05",
        "acceptedDate": "2025-02-05 10:30:05",
        "calendarYear": "2025",
        "period": "Q1",
        "revenue": 669100000,
        "costOfRevenue": 399300000,
        "grossProfit": 269800000,
        "grossProfitRatio": 0.403228217,
        "researchAndDevelopmentExpenses": 0,
        "generalAndAdministrativeExpenses": 0,
        "sellingAndMarketingExpenses": 0,
        "sellingGeneralAndAdministrativeExpenses": 0,
        "otherExpenses": 121000000,
        "operatingExpenses": 121000000,
        "costAndExpenses": 520300000,
        "interestIncome": 0,
        "interestExpense": 48000000,
        "depreciationAndAmortization": 72300000,
        "ebitda": 221700000,
        "ebitdaratio": 0.3313406068,
        "operatingIncome": 148800000,
        "operatingIncomeRatio": 0.2223882828,
        "totalOtherIncomeExpensesNet": -47400000,
        "incomeBeforeTax": 101400000,
        "incomeBeforeTaxRatio": 0.151546854,
        "incomeTaxExpense": 20100000,
        "netIncome": 81300000,
        "netIncomeRatio": 0.1215065013,
        "eps": 1.34,
        "epsdiluted": 1.34,
        "weightedAverageShsOut": 57700000,
        "weightedAverageShsOutDil": 57900000,
        "link": "https://www.sec.gov/Archives/edgar/data/1126956/000095017025014213/0000950170-25-014213-index.htm",
        "finalLink": "https://www.sec.gov/Archives/edgar/data/3146/000095017025014213/sr-20241231.htm"
    },
    {
        "date": "2024-09-30",
        "symbol": "SR",
        "reportedCurrency": "USD",
        "cik": "0001126956",
        "fillingDate": "2024-11-20",
        "acceptedDate": "2024-11-20 10:43:44",
        "calendarYear": "2024",
        "period": "Q4",
        "revenue": 293800000,
        "costOfRevenue": 166800000,
        "grossProfit": 127000000,
        "grossProfitRatio": 0.4322668482,
        "researchAndDevelopmentExpenses": 0,
        "generalAndAdministrativeExpenses": 0,
        "sellingAndMarketingExpenses": 0,
        "sellingGeneralAndAdministrativeExpenses": 0,
        "otherExpenses": 107200000,
        "operatingExpenses": 107200000,
        "costAndExpenses": 274000000,
        "interestIncome": 0,
        "interestExpense": 49500000,
        "depreciationAndAmortization": 71100000,
        "ebitda": 86100000,
        "ebitdaratio": 0.293056501,
        "operatingIncome": 19800000,
        "operatingIncomeRatio": 0.0673927842,
        "totalOtherIncomeExpensesNet": -54300000,
        "incomeBeforeTax": -34500000,
        "incomeBeforeTaxRatio": -0.117426821,
        "incomeTaxExpense": -8600000,
        "netIncome": -25900000,
        "netIncomeRatio": -0.0881552076,
        "eps": -0.51,
        "epsdiluted": -0.51,
        "weightedAverageShsOut": 57700000,
        "weightedAverageShsOutDil": 57700000,
        "link": "https://www.sec.gov/Archives/edgar/data/1126956/000143774924035823/0001437749-24-035823-index.htm",
        "finalLink": "https://www.sec.gov/Archives/edgar/data/3146/000143774924035823/spre20240930_10k.htm"
    },
    {
        "date": "2024-06-30",
        "symbol": "SR",
        "reportedCurrency": "USD",
        "cik": "0001126956",
        "fillingDate": "2024-07-31",
        "acceptedDate": "2024-07-31 09:43:53",
        "calendarYear": "2024",
        "period": "Q3",
        "revenue": 414100000,
        "costOfRevenue": 339000000,
        "grossProfit": 75100000,
        "grossProfitRatio": 0.1813571601,
        "researchAndDevelopmentExpenses": 0,
        "generalAndAdministrativeExpenses": 0,
        "sellingAndMarketingExpenses": 0,
        "sellingGeneralAndAdministrativeExpenses": 0,
        "otherExpenses": 44400000,
        "operatingExpenses": 44400000,
        "costAndExpenses": 383400000,
        "interestIncome": 0,
        "interestExpense": 48800000,
        "depreciationAndAmortization": 71400000,
        "ebitda": 104500000,
        "ebitdaratio": 0.2523545037,
        "operatingIncome": 30700000,
        "operatingIncomeRatio": 0.074136682,
        "totalOtherIncomeExpensesNet": -46400000,
        "incomeBeforeTax": -15700000,
        "incomeBeforeTaxRatio": -0.0379135475,
        "incomeTaxExpense": -3100000,
        "netIncome": -12600000,
        "netIncomeRatio": -0.030427433,
        "eps": -0.28,
        "epsdiluted": -0.28,
        "weightedAverageShsOut": 57700000,
        "weightedAverageShsOutDil": 57700000,
        "link": "https://www.sec.gov/Archives/edgar/data/1126956/000143774924024001/0001437749-24-024001-index.htm",
        "finalLink": "https://www.sec.gov/Archives/edgar/data/3146/000143774924024001/spre20240630_10q.htm"
    },
    {
        "date": "2024-03-31",
        "symbol": "SR",
        "reportedCurrency": "USD",
        "cik": "0001126956",
        "fillingDate": "2024-05-01",
        "acceptedDate": "2024-05-01 10:07:53",
        "calendarYear": "2024",
        "period": "Q2",
        "revenue": 1128500000,
        "costOfRevenue": 678600000,
        "grossProfit": 449900000,
        "grossProfitRatio": 0.3986708019,
        "researchAndDevelopmentExpenses": 0,
        "generalAndAdministrativeExpenses": 0,
        "sellingAndMarketingExpenses": 0,
        "sellingGeneralAndAdministrativeExpenses": 1900000,
        "otherExpenses": 7300000,
        "operatingExpenses": 151300000,
        "costAndExpenses": 829900000,
        "interestIncome": 0,
        "interestExpense": 52200000,
        "depreciationAndAmortization": 68900000,
        "ebitda": 374800000,
        "ebitdaratio": 0.3321222862,
        "operatingIncome": 298600000,
        "operatingIncomeRatio": 0.2645990253,
        "totalOtherIncomeExpensesNet": -44900000,
        "incomeBeforeTax": 253700000,
        "incomeBeforeTaxRatio": 0.2248116969,
        "incomeTaxExpense": 49400000,
        "netIncome": 204300000,
        "netIncomeRatio": 0.1810367745,
        "eps": 3.59,
        "epsdiluted": 3.58,
        "weightedAverageShsOut": 55800000,
        "weightedAverageShsOutDil": 55900000,
        "link": "https://www.sec.gov/Archives/edgar/data/1126956/000143774924014087/0001437749-24-014087-index.htm",
        "finalLink": "https://www.sec.gov/Archives/edgar/data/3146/000143774924014087/spre20240331_10q.htm"
    },
    {
        "date": "2023-12-31",
        "symbol": "SR",
        "reportedCurrency": "USD",
        "cik": "0001126956",
        "fillingDate": "2024-02-01",
        "acceptedDate": "2024-02-01 10:32:26",
        "calendarYear": "2024",
        "period": "Q1",
        "revenue": 756600000,
        "costOfRevenue": 497700000,
        "grossProfit": 258900000,
        "grossProfitRatio": 0.3421887391,
        "researchAndDevelopmentExpenses": 0,
        "generalAndAdministrativeExpenses": 0,
        "sellingAndMarketingExpenses": 0,
        "sellingGeneralAndAdministrativeExpenses": 1800000,
        "otherExpenses": 17500000,
        "operatingExpenses": 119700000,
        "costAndExpenses": 617400000,
        "interestIncome": 0,
        "interestExpense": 50600000,
        "depreciationAndAmortization": 67000000,
        "ebitda": 223700000,
        "ebitdaratio": 0.2956648163,
        "operatingIncome": 139200000,
        "operatingIncomeRatio": 0.1839809675,
        "totalOtherIncomeExpensesNet": -33100000,
        "incomeBeforeTax": 106100000,
        "incomeBeforeTaxRatio": 0.1402326196,
        "incomeTaxExpense": 21000000,
        "netIncome": 85100000,
        "netIncomeRatio": 0.1124768702,
        "eps": 1.52,
        "epsdiluted": 1.52,
        "weightedAverageShsOut": 53500000,
        "weightedAverageShsOutDil": 53600000,
        "link": "https://www.sec.gov/Archives/edgar/data/1126956/000143774924002776/0001437749-24-002776-index.htm",
        "finalLink": "https://www.sec.gov/Archives/edgar/data/3146/000143774924002776/spre20231231_10q.htm"
    },
    {
        "date": "2023-09-30",
        "symbol": "SR",
        "reportedCurrency": "USD",
        "cik": "0001126956",
        "fillingDate": "2023-11-16",
        "acceptedDate": "2023-11-16 12:29:39",
        "calendarYear": "2023",
        "period": "Q4",
        "revenue": 310400000,
        "costOfRevenue": 213200000,
        "grossProfit": 97200000,
        "grossProfitRatio": 0.3131443299,
        "researchAndDevelopmentExpenses": 0,
        "generalAndAdministrativeExpenses": 0,
        "sellingAndMarketingExpenses": 0,
        "sellingGeneralAndAdministrativeExpenses": 1700000,
        "otherExpenses": 4100000,
        "operatingExpenses": 101100000,
        "costAndExpenses": 314300000,
        "interestIncome": 0,
        "interestExpense": 48200000,
        "depreciationAndAmortization": 65800000,
        "ebitda": 66000000,
        "ebitdaratio": 0.212628866,
        "operatingIncome": -3900000,
        "operatingIncomeRatio": -0.012564433,
        "totalOtherIncomeExpensesNet": -44100000,
        "incomeBeforeTax": -48000000,
        "incomeBeforeTaxRatio": -0.1546391753,
        "incomeTaxExpense": -16900000,
        "netIncome": -31100000,
        "netIncomeRatio": -0.100193299,
        "eps": -0.59,
        "epsdiluted": -0.59,
        "weightedAverageShsOut": 52500000,
        "weightedAverageShsOutDil": 52500000,
        "link": "https://www.sec.gov/Archives/edgar/data/1126956/000143774923032284/0001437749-23-032284-index.htm",
        "finalLink": "https://www.sec.gov/Archives/edgar/data/3146/000143774923032284/spre20230930_10k.htm"
    },
    {
        "date": "2023-06-30",
        "symbol": "SR",
        "reportedCurrency": "USD",
        "cik": "0001126956",
        "fillingDate": "2023-08-02",
        "acceptedDate": "2023-08-02 09:51:38",
        "calendarYear": "2023",
        "period": "Q3",
        "revenue": 418500000,
        "costOfRevenue": 295300000,
        "grossProfit": 123200000,
        "grossProfitRatio": 0.2943847073,
        "researchAndDevelopmentExpenses": 0,
        "generalAndAdministrativeExpenses": 0,
        "sellingAndMarketingExpenses": 0,
        "sellingGeneralAndAdministrativeExpenses": 2200000,
        "otherExpenses": 6300000,
        "operatingExpenses": 111200000,
        "costAndExpenses": 406500000,
        "interestIncome": 0,
        "interestExpense": 46700000,
        "depreciationAndAmortization": 64300000,
        "ebitda": 82600000,
        "ebitdaratio": 0.1973715651,
        "operatingIncome": 12000000,
        "operatingIncomeRatio": 0.0286738351,
        "totalOtherIncomeExpensesNet": -40400000,
        "incomeBeforeTax": -28400000,
        "incomeBeforeTaxRatio": -0.0678614098,
        "incomeTaxExpense": -6800000,
        "netIncome": -21600000,
        "netIncomeRatio": -0.0516129032,
        "eps": -0.41,
        "epsdiluted": -0.41,
        "weightedAverageShsOut": 52500000,
        "weightedAverageShsOutDil": 52500000,
        "link": "https://www.sec.gov/Archives/edgar/data/1126956/000143774923021570/0001437749-23-021570-index.htm",
        "finalLink": "https://www.sec.gov/Archives/edgar/data/3146/000143774923021570/spre20230630_10q.htm"
    },
    {
        "date": "2023-03-31",
        "symbol": "SR",
        "reportedCurrency": "USD",
        "cik": "0001126956",
        "fillingDate": "2023-05-03",
        "acceptedDate": "2023-05-03 11:28:36",
        "calendarYear": "2023",
        "period": "Q2",
        "revenue": 1123400000,
        "costOfRevenue": 718600000,
        "grossProfit": 404800000,
        "grossProfitRatio": 0.3603346982,
        "researchAndDevelopmentExpenses": 0,
        "generalAndAdministrativeExpenses": 0,
        "sellingAndMarketingExpenses": 0,
        "sellingGeneralAndAdministrativeExpenses": 0,
        "otherExpenses": 144500000,
        "operatingExpenses": 144500000,
        "costAndExpenses": 863100000,
        "interestIncome": 0,
        "interestExpense": 47200000,
        "depreciationAndAmortization": 62600000,
        "ebitda": 325100000,
        "ebitdaratio": 0.2893893537,
        "operatingIncome": 260300000,
        "operatingIncomeRatio": 0.2317073171,
        "totalOtherIncomeExpensesNet": -40200000,
        "incomeBeforeTax": 220100000,
        "incomeBeforeTaxRatio": 0.1959230906,
        "incomeTaxExpense": 40900000,
        "netIncome": 179200000,
        "netIncomeRatio": 0.1595157557,
        "eps": 3.33,
        "epsdiluted": 3.33,
        "weightedAverageShsOut": 52582582,
        "weightedAverageShsOutDil": 52600000,
        "link": "https://www.sec.gov/Archives/edgar/data/1126956/000143774923012235/0001437749-23-012235-index.htm",
        "finalLink": "https://www.sec.gov/Archives/edgar/data/3146/000143774923012235/spre20230331_10q.htm"
    },
    {
        "date": "2022-12-31",
        "symbol": "SR",
        "reportedCurrency": "USD",
        "cik": "0001126956",
        "fillingDate": "2023-02-01",
        "acceptedDate": "2023-02-01 10:00:30",
        "calendarYear": "2023",
        "period": "Q1",
        "revenue": 814000000,
        "costOfRevenue": 551300000,
        "grossProfit": 262700000,
        "grossProfitRatio": 0.3227272727,
        "researchAndDevelopmentExpenses": 0,
        "generalAndAdministrativeExpenses": 0,
        "sellingAndMarketingExpenses": 0,
        "sellingGeneralAndAdministrativeExpenses": 2200000,
        "otherExpenses": 112500000,
        "operatingExpenses": 112500000,
        "costAndExpenses": 663800000,
        "interestIncome": 0,
        "interestExpense": 43600000,
        "depreciationAndAmortization": 62100000,
        "ebitda": 218300000,
        "ebitdaratio": 0.2681818182,
        "operatingIncome": 150200000,
        "operatingIncomeRatio": 0.1845208845,
        "totalOtherIncomeExpensesNet": -37600000,
        "incomeBeforeTax": 112600000,
        "incomeBeforeTaxRatio": 0.1383292383,
        "incomeTaxExpense": 21600000,
        "netIncome": 91000000,
        "netIncomeRatio": 0.1117936118,
        "eps": 1.66,
        "epsdiluted": 1.66,
        "weightedAverageShsOut": 52400000,
        "weightedAverageShsOutDil": 52600000,
        "link": "https://www.sec.gov/Archives/edgar/data/1126956/000143774923002213/0001437749-23-002213-index.htm",
        "finalLink": "https://www.sec.gov/Archives/edgar/data/1126956/000143774923002213/spre20221231_10q.htm"
    },
    {
        "date": "2022-09-30",
        "symbol": "SR",
        "reportedCurrency": "USD",
        "cik": "0001126956",
        "fillingDate": "2022-11-16",
        "acceptedDate": "2022-11-16 13:24:49",
        "calendarYear": "2022",
        "period": "Q4",
        "revenue": 314200000,
        "costOfRevenue": 197100000,
        "grossProfit": 117100000,
        "grossProfitRatio": 0.3726925525,
        "researchAndDevelopmentExpenses": 0,
        "generalAndAdministrativeExpenses": 0,
        "sellingAndMarketingExpenses": 0,
        "sellingGeneralAndAdministrativeExpenses": 3400000,
        "otherExpenses": 87300000,
        "operatingExpenses": 87300000,
        "costAndExpenses": 284400000,
        "interestIncome": 0,
        "interestExpense": 34400000,
        "depreciationAndAmortization": 61100000,
        "ebitda": 90300000,
        "ebitdaratio": 0.2873965627,
        "operatingIncome": 29800000,
        "operatingIncomeRatio": 0.0948440484,
        "totalOtherIncomeExpensesNet": -35000000,
        "incomeBeforeTax": -5200000,
        "incomeBeforeTaxRatio": -0.0165499682,
        "incomeTaxExpense": 1900000,
        "netIncome": -7100000,
        "netIncomeRatio": -0.0225970719,
        "eps": -0.14,
        "epsdiluted": -0.13,
        "weightedAverageShsOut": 52400000,
        "weightedAverageShsOutDil": 52600000,
        "link": "https://www.sec.gov/Archives/edgar/data/1126956/000143774922027522/0001437749-22-027522-index.htm",
        "finalLink": "https://www.sec.gov/Archives/edgar/data/3146/000143774922027522/spre20220930_10k.htm"
    },
    {
        "date": "2022-06-30",
        "symbol": "SR",
        "reportedCurrency": "USD",
        "cik": "0001126956",
        "fillingDate": "2022-08-04",
        "acceptedDate": "2022-08-04 13:37:15",
        "calendarYear": "2022",
        "period": "Q3",
        "revenue": 448000000,
        "costOfRevenue": 305600000,
        "grossProfit": 142400000,
        "grossProfitRatio": 0.3178571429,
        "researchAndDevelopmentExpenses": 0,
        "generalAndAdministrativeExpenses": 0,
        "sellingAndMarketingExpenses": 0,
        "sellingGeneralAndAdministrativeExpenses": 3800000,
        "otherExpenses": -12100000,
        "operatingExpenses": 104500000,
        "costAndExpenses": 410100000,
        "interestIncome": 0,
        "interestExpense": 29300000,
        "depreciationAndAmortization": 60400000,
        "ebitda": 86200000,
        "ebitdaratio": 0.1924107143,
        "operatingIncome": 37900000,
        "operatingIncomeRatio": 0.0845982143,
        "totalOtherIncomeExpensesNet": -41400000,
        "incomeBeforeTax": -3500000,
        "incomeBeforeTaxRatio": -0.0078125,
        "incomeTaxExpense": -2100000,
        "netIncome": -1400000,
        "netIncomeRatio": -0.003125,
        "eps": -0.0268,
        "epsdiluted": -0.0268,
        "weightedAverageShsOut": 52200000,
        "weightedAverageShsOutDil": 52200000,
        "link": "https://www.sec.gov/Archives/edgar/data/1126956/000143774922018836/0001437749-22-018836-index.htm",
        "finalLink": "https://www.sec.gov/Archives/edgar/data/3146/000143774922018836/spre20220630_10q.htm"
    },
    {
        "date": "2022-03-31",
        "symbol": "SR",
        "reportedCurrency": "USD",
        "cik": "0001126956",
        "fillingDate": "2022-05-06",
        "acceptedDate": "2022-05-06 11:54:24",
        "calendarYear": "2022",
        "period": "Q2",
        "revenue": 880900000,
        "costOfRevenue": 505200000,
        "grossProfit": 375700000,
        "grossProfitRatio": 0.4264956295,
        "researchAndDevelopmentExpenses": 0,
        "generalAndAdministrativeExpenses": 0,
        "sellingAndMarketingExpenses": 0,
        "sellingGeneralAndAdministrativeExpenses": 3700000,
        "otherExpenses": 130500000,
        "operatingExpenses": 130500000,
        "costAndExpenses": 635700000,
        "interestIncome": 0,
        "interestExpense": 27500000,
        "depreciationAndAmortization": 58900000,
        "ebitda": 300700000,
        "ebitdaratio": 0.3413554319,
        "operatingIncome": 245200000,
        "operatingIncomeRatio": 0.2783516858,
        "totalOtherIncomeExpensesNet": -30900000,
        "incomeBeforeTax": 214300000,
        "incomeBeforeTaxRatio": 0.2432739244,
        "incomeTaxExpense": 40700000,
        "netIncome": 173600000,
        "netIncomeRatio": 0.1970711772,
        "eps": 3.35,
        "epsdiluted": 3.34,
        "weightedAverageShsOut": 51800000,
        "weightedAverageShsOutDil": 51900000,
        "link": "https://www.sec.gov/Archives/edgar/data/1126956/000156459022018489/0001564590-22-018489-index.htm",
        "finalLink": "https://www.sec.gov/Archives/edgar/data/3146/000156459022018489/sr-10q_20220331.htm"
    },
    {
        "date": "2021-12-31",
        "symbol": "SR",
        "reportedCurrency": "USD",
        "cik": "0001126956",
        "fillingDate": "2022-02-02",
        "acceptedDate": "2022-02-02 09:45:16",
        "calendarYear": "2022",
        "period": "Q1",
        "revenue": 555400000,
        "costOfRevenue": 365600000,
        "grossProfit": 189800000,
        "grossProfitRatio": 0.341735686,
        "researchAndDevelopmentExpenses": 0,
        "generalAndAdministrativeExpenses": 0,
        "sellingAndMarketingExpenses": 0,
        "sellingGeneralAndAdministrativeExpenses": 3500000,
        "otherExpenses": 7400000,
        "operatingExpenses": 94500000,
        "costAndExpenses": 460100000,
        "interestIncome": 0,
        "interestExpense": 28600000,
        "depreciationAndAmortization": 56900000,
        "ebitda": 159600000,
        "ebitdaratio": 0.2873604609,
        "operatingIncome": 95300000,
        "operatingIncomeRatio": 0.1715880447,
        "totalOtherIncomeExpensesNet": -21200000,
        "incomeBeforeTax": 74100000,
        "incomeBeforeTaxRatio": 0.1334173569,
        "incomeTaxExpense": 18400000,
        "netIncome": 55700000,
        "netIncomeRatio": 0.1002880807,
        "eps": 1.08,
        "epsdiluted": 1.08,
        "weightedAverageShsOut": 51600000,
        "weightedAverageShsOutDil": 51700000,
        "link": "https://www.sec.gov/Archives/edgar/data/1126956/000156459022003469/0001564590-22-003469-index.htm",
        "finalLink": "https://www.sec.gov/Archives/edgar/data/3146/000156459022003469/sr-10q_20211231.htm"
    },
    {
        "date": "2021-09-30",
        "symbol": "SR",
        "reportedCurrency": "USD",
        "cik": "0001126956",
        "fillingDate": "2021-11-22",
        "acceptedDate": "2021-11-22 12:17:34",
        "calendarYear": "2021",
        "period": "Q4",
        "revenue": 290200000,
        "costOfRevenue": 172300000,
        "grossProfit": 117900000,
        "grossProfitRatio": 0.4062715369,
        "researchAndDevelopmentExpenses": 0,
        "generalAndAdministrativeExpenses": 0,
        "sellingAndMarketingExpenses": 0,
        "sellingGeneralAndAdministrativeExpenses": 2600000,
        "otherExpenses": -8500000,
        "operatingExpenses": 91200000,
        "costAndExpenses": 263500000,
        "interestIncome": 0,
        "interestExpense": 28200000,
        "depreciationAndAmortization": 57700000,
        "ebitda": 75900000,
        "ebitdaratio": 0.2615437629,
        "operatingIncome": 26700000,
        "operatingIncomeRatio": 0.0920055134,
        "totalOtherIncomeExpensesNet": -36700000,
        "incomeBeforeTax": -10000000,
        "incomeBeforeTaxRatio": -0.0344589938,
        "incomeTaxExpense": -100000,
        "netIncome": -9900000,
        "netIncomeRatio": -0.0341144039,
        "eps": -0.19,
        "epsdiluted": -0.19,
        "weightedAverageShsOut": 51600000,
        "weightedAverageShsOutDil": 51700000,
        "link": "https://www.sec.gov/Archives/edgar/data/1126956/000156459021057844/0001564590-21-057844-index.htm",
        "finalLink": "https://www.sec.gov/Archives/edgar/data/3146/000156459021057844/sr-10k_20210930.htm"
    },
    {
        "date": "2021-06-30",
        "symbol": "SR",
        "reportedCurrency": "USD",
        "cik": "0001126956",
        "fillingDate": "2021-08-05",
        "acceptedDate": "2021-08-05 10:11:03",
        "calendarYear": "2021",
        "period": "Q3",
        "revenue": 327800000,
        "costOfRevenue": 208900000,
        "grossProfit": 118900000,
        "grossProfitRatio": 0.3627211714,
        "researchAndDevelopmentExpenses": 0,
        "generalAndAdministrativeExpenses": 0,
        "sellingAndMarketingExpenses": 0,
        "sellingGeneralAndAdministrativeExpenses": 2800000,
        "otherExpenses": -1000000,
        "operatingExpenses": 85700000,
        "costAndExpenses": 294600000,
        "interestIncome": 0,
        "interestExpense": 26900000,
        "depreciationAndAmortization": 53100000,
        "ebitda": 85300000,
        "ebitdaratio": 0.2602196461,
        "operatingIncome": 33200000,
        "operatingIncomeRatio": 0.1012812691,
        "totalOtherIncomeExpensesNet": -27900000,
        "incomeBeforeTax": 5300000,
        "incomeBeforeTaxRatio": 0.0161683954,
        "incomeTaxExpense": 0,
        "netIncome": 5300000,
        "netIncomeRatio": 0.0161683954,
        "eps": 0.1,
        "epsdiluted": 0.1,
        "weightedAverageShsOut": 51600000,
        "weightedAverageShsOutDil": 51700000,
        "link": "https://www.sec.gov/Archives/edgar/data/1126956/000156459021041251/0001564590-21-041251-index.htm",
        "finalLink": "https://www.sec.gov/Archives/edgar/data/3146/000156459021041251/sr-10q_20210630.htm"
    },
    {
        "date": "2021-03-31",
        "symbol": "SR",
        "reportedCurrency": "USD",
        "cik": "0001126956",
        "fillingDate": "2021-05-07",
        "acceptedDate": "2021-05-07 10:11:52",
        "calendarYear": "2021",
        "period": "Q2",
        "revenue": 1104900000,
        "costOfRevenue": 738100000,
        "grossProfit": 366800000,
        "grossProfitRatio": 0.3319757444,
        "researchAndDevelopmentExpenses": 0,
        "generalAndAdministrativeExpenses": 0,
        "sellingAndMarketingExpenses": 0,
        "sellingGeneralAndAdministrativeExpenses": 2100000,
        "otherExpenses": 1800000,
        "operatingExpenses": 109400000,
        "costAndExpenses": 847500000,
        "interestIncome": 0,
        "interestExpense": 25800000,
        "depreciationAndAmortization": 51500000,
        "ebitda": 310700000,
        "ebitdaratio": 0.2812019187,
        "operatingIncome": 257400000,
        "operatingIncomeRatio": 0.232962259,
        "totalOtherIncomeExpensesNet": -26100000,
        "incomeBeforeTax": 233400000,
        "incomeBeforeTaxRatio": 0.2112408363,
        "incomeTaxExpense": 46000000,
        "netIncome": 187400000,
        "netIncomeRatio": 0.1696081093,
        "eps": 3.63,
        "epsdiluted": 3.62,
        "weightedAverageShsOut": 51600000,
        "weightedAverageShsOutDil": 51700000,
        "link": "https://www.sec.gov/Archives/edgar/data/1126956/000156459021025354/0001564590-21-025354-index.htm",
        "finalLink": "https://www.sec.gov/Archives/edgar/data/3146/000156459021025354/sr-10q_20210331.htm"
    },
    {
        "date": "2020-12-31",
        "symbol": "SR",
        "reportedCurrency": "USD",
        "cik": "0001126956",
        "fillingDate": "2021-02-04",
        "acceptedDate": "2021-02-04 10:27:09",
        "calendarYear": "2021",
        "period": "Q1",
        "revenue": 512600000,
        "costOfRevenue": 292800000,
        "grossProfit": 219800000,
        "grossProfitRatio": 0.4287943816,
        "researchAndDevelopmentExpenses": 0,
        "generalAndAdministrativeExpenses": 0,
        "sellingAndMarketingExpenses": 0,
        "sellingGeneralAndAdministrativeExpenses": 2300000,
        "otherExpenses": 4300000,
        "operatingExpenses": 86900000,
        "costAndExpenses": 379700000,
        "interestIncome": 0,
        "interestExpense": 25700000,
        "depreciationAndAmortization": 50800000,
        "ebitda": 188000000,
        "ebitdaratio": 0.3667577058,
        "operatingIncome": 132900000,
        "operatingIncomeRatio": 0.2592664846,
        "totalOtherIncomeExpensesNet": -21400000,
        "incomeBeforeTax": 111500000,
        "incomeBeforeTaxRatio": 0.217518533,
        "incomeTaxExpense": 22600000,
        "netIncome": 88900000,
        "netIncomeRatio": 0.1734295747,
        "eps": 1.73,
        "epsdiluted": 1.72,
        "weightedAverageShsOut": 51500000,
        "weightedAverageShsOutDil": 51600000,
        "link": "https://www.sec.gov/Archives/edgar/data/1126956/000156459021004212/0001564590-21-004212-index.htm",
        "finalLink": "https://www.sec.gov/Archives/edgar/data/3146/000156459021004212/sr-10q_20201231.htm"
    },
    {
        "date": "2020-09-30",
        "symbol": "SR",
        "reportedCurrency": "USD",
        "cik": "0001126956",
        "fillingDate": "2020-11-18",
        "acceptedDate": "2020-11-18 11:58:31",
        "calendarYear": "2020",
        "period": "Q4",
        "revenue": 251900000,
        "costOfRevenue": 175600000,
        "grossProfit": 76300000,
        "grossProfitRatio": 0.3028979754,
        "researchAndDevelopmentExpenses": 0,
        "generalAndAdministrativeExpenses": 0,
        "sellingAndMarketingExpenses": 0,
        "sellingGeneralAndAdministrativeExpenses": 26600000,
        "otherExpenses": 900000,
        "operatingExpenses": 76200000,
        "costAndExpenses": 251800000,
        "interestIncome": 0,
        "interestExpense": 25200000,
        "depreciationAndAmortization": 50500000,
        "ebitda": 51500000,
        "ebitdaratio": 0.2044462088,
        "operatingIncome": 100000,
        "operatingIncomeRatio": 0.0003969829,
        "totalOtherIncomeExpensesNet": -24300000,
        "incomeBeforeTax": -24200000,
        "incomeBeforeTaxRatio": -0.096069869,
        "incomeTaxExpense": -4500000,
        "netIncome": -19700000,
        "netIncomeRatio": -0.0782056372,
        "eps": -0.38,
        "epsdiluted": -0.38,
        "weightedAverageShsOut": 51500000,
        "weightedAverageShsOutDil": 51600000,
        "link": "https://www.sec.gov/Archives/edgar/data/1126956/000156459020054448/0001564590-20-054448-index.htm",
        "finalLink": "https://www.sec.gov/Archives/edgar/data/3146/000156459020054448/sr-10k_20200930.htm"
    },
    {
        "date": "2020-06-30",
        "symbol": "SR",
        "reportedCurrency": "USD",
        "cik": "0001126956",
        "fillingDate": "2020-08-05",
        "acceptedDate": "2020-08-05 14:50:52",
        "calendarYear": "2020",
        "period": "Q3",
        "revenue": 321100000,
        "costOfRevenue": 199500000,
        "grossProfit": 121600000,
        "grossProfitRatio": 0.3786982249,
        "researchAndDevelopmentExpenses": 0,
        "generalAndAdministrativeExpenses": 0,
        "sellingAndMarketingExpenses": 0,
        "sellingGeneralAndAdministrativeExpenses": 1300000,
        "otherExpenses": 13000000,
        "operatingExpenses": 79500000,
        "costAndExpenses": 279000000,
        "interestIncome": 0,
        "interestExpense": 26400000,
        "depreciationAndAmortization": 50100000,
        "ebitda": -43400000,
        "ebitdaratio": -0.1351603862,
        "operatingIncome": -106500000,
        "operatingIncomeRatio": -0.3316723762,
        "totalOtherIncomeExpensesNet": -13400000,
        "incomeBeforeTax": -119900000,
        "incomeBeforeTaxRatio": -0.373403924,
        "incomeTaxExpense": -27600000,
        "netIncome": -92300000,
        "netIncomeRatio": -0.2874493927,
        "eps": -1.8,
        "epsdiluted": -1.8,
        "weightedAverageShsOut": 51200000,
        "weightedAverageShsOutDil": 51200000,
        "link": "https://www.sec.gov/Archives/edgar/data/1126956/000156459020036689/0001564590-20-036689-index.htm",
        "finalLink": "https://www.sec.gov/Archives/edgar/data/3146/000156459020036689/sr-10q_20200630.htm"
    },
    {
        "date": "2020-03-31",
        "symbol": "SR",
        "reportedCurrency": "USD",
        "cik": "0001126956",
        "fillingDate": "2020-05-08",
        "acceptedDate": "2020-05-08 10:05:12",
        "calendarYear": "2020",
        "period": "Q2",
        "revenue": 715500000,
        "costOfRevenue": 406300000,
        "grossProfit": 309200000,
        "grossProfitRatio": 0.4321453529,
        "researchAndDevelopmentExpenses": 0,
        "generalAndAdministrativeExpenses": 0,
        "sellingAndMarketingExpenses": 36400000,
        "sellingGeneralAndAdministrativeExpenses": 36400000,
        "otherExpenses": -19500000,
        "operatingExpenses": 98700000,
        "costAndExpenses": 505000000,
        "interestIncome": 0,
        "interestExpense": 27200000,
        "depreciationAndAmortization": 49200000,
        "ebitda": 240200000,
        "ebitdaratio": 0.3357092942,
        "operatingIncome": 210500000,
        "operatingIncomeRatio": 0.2941998602,
        "totalOtherIncomeExpensesNet": -46700000,
        "incomeBeforeTax": 163800000,
        "incomeBeforeTaxRatio": 0.2289308176,
        "incomeTaxExpense": 30200000,
        "netIncome": 133600000,
        "netIncomeRatio": 0.1867225716,
        "eps": 2.62,
        "epsdiluted": 2.61,
        "weightedAverageShsOut": 51000000,
        "weightedAverageShsOutDil": 51100000,
        "link": "https://www.sec.gov/Archives/edgar/data/1126956/000156459020023293/0001564590-20-023293-index.htm",
        "finalLink": "https://www.sec.gov/Archives/edgar/data/3146/000156459020023293/sr-10q_20200331.htm"
    },
    {
        "date": "2019-12-31",
        "symbol": "SR",
        "reportedCurrency": "USD",
        "cik": "0001126956",
        "fillingDate": "2020-02-05",
        "acceptedDate": "2020-02-05 11:57:24",
        "calendarYear": "2020",
        "period": "Q1",
        "revenue": 566900000,
        "costOfRevenue": 380300000,
        "grossProfit": 186600000,
        "grossProfitRatio": 0.3291585818,
        "researchAndDevelopmentExpenses": 0,
        "generalAndAdministrativeExpenses": 0,
        "sellingAndMarketingExpenses": 36300000,
        "sellingGeneralAndAdministrativeExpenses": 36300000,
        "otherExpenses": 5700000,
        "operatingExpenses": 84300000,
        "costAndExpenses": 464600000,
        "interestIncome": 0,
        "interestExpense": 26700000,
        "depreciationAndAmortization": 47500000,
        "ebitda": 155500000,
        "ebitdaratio": 0.2742988181,
        "operatingIncome": 102300000,
        "operatingIncomeRatio": 0.1804551067,
        "totalOtherIncomeExpensesNet": -21000000,
        "incomeBeforeTax": 81300000,
        "incomeBeforeTaxRatio": 0.1434115364,
        "incomeTaxExpense": 14300000,
        "netIncome": 67000000,
        "netIncomeRatio": 0.118186629,
        "eps": 1.32,
        "epsdiluted": 1.31,
        "weightedAverageShsOut": 50900000,
        "weightedAverageShsOutDil": 51100000,
        "link": "https://www.sec.gov/Archives/edgar/data/1126956/000156459020003381/0001564590-20-003381-index.htm",
        "finalLink": "https://www.sec.gov/Archives/edgar/data/3146/000156459020003381/sr-10q_20191231.htm"
    },
    {
        "date": "2019-09-30",
        "symbol": "SR",
        "reportedCurrency": "USD",
        "cik": "0001126956",
        "fillingDate": "2019-11-26",
        "acceptedDate": "2019-11-26 12:05:47",
        "calendarYear": "2019",
        "period": "Q4",
        "revenue": 225600000,
        "costOfRevenue": 179600000,
        "grossProfit": 46000000,
        "grossProfitRatio": 0.2039007092,
        "researchAndDevelopmentExpenses": 0,
        "generalAndAdministrativeExpenses": 0,
        "sellingAndMarketingExpenses": 77000000,
        "sellingGeneralAndAdministrativeExpenses": 77000000,
        "otherExpenses": 5900000,
        "operatingExpenses": 71600000,
        "costAndExpenses": 251200000,
        "interestIncome": 0,
        "interestExpense": 25300000,
        "depreciationAndAmortization": 46200000,
        "ebitda": 27100000,
        "ebitdaratio": 0.1201241135,
        "operatingIncome": -25600000,
        "operatingIncomeRatio": -0.1134751773,
        "totalOtherIncomeExpensesNet": -19400000,
        "incomeBeforeTax": -45000000,
        "incomeBeforeTaxRatio": -0.1994680851,
        "incomeTaxExpense": -10700000,
        "netIncome": -34300000,
        "netIncomeRatio": -0.1520390071,
        "eps": -0.68,
        "epsdiluted": -0.67,
        "weightedAverageShsOut": 50800000,
        "weightedAverageShsOutDil": 50900000,
        "link": "https://www.sec.gov/Archives/edgar/data/1126956/000156459019044464/0001564590-19-044464-index.htm",
        "finalLink": "https://www.sec.gov/Archives/edgar/data/3146/000156459019044464/sr-10k_20190930.htm"
    },
    {
        "date": "2019-06-30",
        "symbol": "SR",
        "reportedCurrency": "USD",
        "cik": "0001126956",
        "fillingDate": "2019-07-30",
        "acceptedDate": "2019-07-30 10:25:34",
        "calendarYear": "2019",
        "period": "Q3",
        "revenue": 321300000,
        "costOfRevenue": 233200000,
        "grossProfit": 88100000,
        "grossProfitRatio": 0.2741985683,
        "researchAndDevelopmentExpenses": 0,
        "generalAndAdministrativeExpenses": 0,
        "sellingAndMarketingExpenses": 0,
        "sellingGeneralAndAdministrativeExpenses": 2000000,
        "otherExpenses": 6400000,
        "operatingExpenses": 74800000,
        "costAndExpenses": 308000000,
        "interestIncome": 0,
        "interestExpense": 25600000,
        "depreciationAndAmortization": 45800000,
        "ebitda": 110600000,
        "ebitdaratio": 0.3442265795,
        "operatingIncome": 13300000,
        "operatingIncomeRatio": 0.0413943355,
        "totalOtherIncomeExpensesNet": -19200000,
        "incomeBeforeTax": -5900000,
        "incomeBeforeTaxRatio": -0.0183629007,
        "incomeTaxExpense": -2900000,
        "netIncome": -3000000,
        "netIncomeRatio": -0.0093370682,
        "eps": -0.0592,
        "epsdiluted": -0.0592,
        "weightedAverageShsOut": 50700000,
        "weightedAverageShsOutDil": 50700000,
        "link": "https://www.sec.gov/Archives/edgar/data/1126956/000156459019026773/0001564590-19-026773-index.htm",
        "finalLink": "https://www.sec.gov/Archives/edgar/data/3146/000156459019026773/sr-10q_20190630.htm"
    },
    {
        "date": "2019-03-31",
        "symbol": "SR",
        "reportedCurrency": "USD",
        "cik": "0001126956",
        "fillingDate": "2019-05-01",
        "acceptedDate": "2019-05-01 12:41:42",
        "calendarYear": "2019",
        "period": "Q2",
        "revenue": 803500000,
        "costOfRevenue": 492200000,
        "grossProfit": 311300000,
        "grossProfitRatio": 0.3874299938,
        "researchAndDevelopmentExpenses": 0,
        "generalAndAdministrativeExpenses": 0,
        "sellingAndMarketingExpenses": 26800000,
        "sellingGeneralAndAdministrativeExpenses": 26800000,
        "otherExpenses": 6100000,
        "operatingExpenses": 101800000,
        "costAndExpenses": 594000000,
        "interestIncome": 0,
        "interestExpense": 27600000,
        "depreciationAndAmortization": 44900000,
        "ebitda": 260500000,
        "ebitdaratio": 0.3242065961,
        "operatingIncome": 209500000,
        "operatingIncomeRatio": 0.2607342875,
        "totalOtherIncomeExpensesNet": -21500000,
        "incomeBeforeTax": 188000000,
        "incomeBeforeTaxRatio": 0.2339763535,
        "incomeTaxExpense": 33400000,
        "netIncome": 154600000,
        "netIncomeRatio": 0.1924082141,
        "eps": 3.06,
        "epsdiluted": 3.04,
        "weightedAverageShsOut": 50600000,
        "weightedAverageShsOutDil": 50800000,
        "link": "https://www.sec.gov/Archives/edgar/data/1126956/000156459019014659/0001564590-19-014659-index.htm",
        "finalLink": "https://www.sec.gov/Archives/edgar/data/3146/000156459019014659/sr-10q_20190331.htm"
    },
    {
        "date": "2018-12-31",
        "symbol": "SR",
        "reportedCurrency": "USD",
        "cik": "0001126956",
        "fillingDate": "2019-02-06",
        "acceptedDate": "2019-02-06 10:43:20",
        "calendarYear": "2019",
        "period": "Q1",
        "revenue": 602000000,
        "costOfRevenue": 414000000,
        "grossProfit": 188000000,
        "grossProfitRatio": 0.3122923588,
        "researchAndDevelopmentExpenses": 0,
        "generalAndAdministrativeExpenses": 0,
        "sellingAndMarketingExpenses": 28200000,
        "sellingGeneralAndAdministrativeExpenses": 28200000,
        "otherExpenses": 2800000,
        "operatingExpenses": 82900000,
        "costAndExpenses": 496900000,
        "interestIncome": 0,
        "interestExpense": 25900000,
        "depreciationAndAmortization": 44200000,
        "ebitda": 152100000,
        "ebitdaratio": 0.2526578073,
        "operatingIncome": 105100000,
        "operatingIncomeRatio": 0.1745847176,
        "totalOtherIncomeExpensesNet": -23100000,
        "incomeBeforeTax": 82000000,
        "incomeBeforeTaxRatio": 0.1362126246,
        "incomeTaxExpense": 14700000,
        "netIncome": 67300000,
        "netIncomeRatio": 0.1117940199,
        "eps": 1.33,
        "epsdiluted": 1.32,
        "weightedAverageShsOut": 50600000,
        "weightedAverageShsOutDil": 50800000,
        "link": "https://www.sec.gov/Archives/edgar/data/1126956/000156459019002074/0001564590-19-002074-index.htm",
        "finalLink": "https://www.sec.gov/Archives/edgar/data/3146/000156459019002074/sr-10q_20181231.htm"
    },
    {
        "date": "2018-09-30",
        "symbol": "SR",
        "reportedCurrency": "USD",
        "cik": "0001126956",
        "fillingDate": "2018-11-15",
        "acceptedDate": "2018-11-15 13:56:28",
        "calendarYear": "2018",
        "period": "Q4",
        "revenue": 239200000,
        "costOfRevenue": 189400000,
        "grossProfit": 49800000,
        "grossProfitRatio": 0.2081939799,
        "researchAndDevelopmentExpenses": 0,
        "generalAndAdministrativeExpenses": 0,
        "sellingAndMarketingExpenses": 0,
        "sellingGeneralAndAdministrativeExpenses": 700000,
        "otherExpenses": 100000,
        "operatingExpenses": 69400000,
        "costAndExpenses": 258800000,
        "interestIncome": 0,
        "interestExpense": 24400000,
        "depreciationAndAmortization": 45500000,
        "ebitda": 26000000,
        "ebitdaratio": 0.1086956522,
        "operatingIncome": -19600000,
        "operatingIncomeRatio": -0.0819397993,
        "totalOtherIncomeExpensesNet": -24300000,
        "incomeBeforeTax": -43900000,
        "incomeBeforeTaxRatio": -0.1835284281,
        "incomeTaxExpense": -18000000,
        "netIncome": -25900000,
        "netIncomeRatio": -0.108277592,
        "eps": -0.51,
        "epsdiluted": -0.51,
        "weightedAverageShsOut": 50600000,
        "weightedAverageShsOutDil": 50700000,
        "link": "https://www.sec.gov/Archives/edgar/data/1126956/000112695618000065/0001126956-18-000065-index.htm",
        "finalLink": "https://www.sec.gov/Archives/edgar/data/3146/000112695618000065/spireconsolidated10k93018.htm"
    },
    {
        "date": "2018-06-30",
        "symbol": "SR",
        "reportedCurrency": "USD",
        "cik": "0001126956",
        "fillingDate": "2018-08-03",
        "acceptedDate": "2018-08-03 17:05:35",
        "calendarYear": "2018",
        "period": "Q3",
        "revenue": 350600000,
        "costOfRevenue": 224200000,
        "grossProfit": 126400000,
        "grossProfitRatio": 0.3605248146,
        "researchAndDevelopmentExpenses": 0,
        "generalAndAdministrativeExpenses": 0,
        "sellingAndMarketingExpenses": 0,
        "sellingGeneralAndAdministrativeExpenses": 6500000,
        "otherExpenses": 3400000,
        "operatingExpenses": 74000000,
        "costAndExpenses": 298200000,
        "interestIncome": 0,
        "interestExpense": 24200000,
        "depreciationAndAmortization": 40500000,
        "ebitda": 96800000,
        "ebitdaratio": 0.2760981175,
        "operatingIncome": 52400000,
        "operatingIncomeRatio": 0.1494580719,
        "totalOtherIncomeExpensesNet": -20800000,
        "incomeBeforeTax": 31600000,
        "incomeBeforeTaxRatio": 0.0901312037,
        "incomeTaxExpense": 5700000,
        "netIncome": 25900000,
        "netIncomeRatio": 0.07387336,
        "eps": 0.52,
        "epsdiluted": 0.52,
        "weightedAverageShsOut": 49600000,
        "weightedAverageShsOutDil": 49700000,
        "link": "https://www.sec.gov/Archives/edgar/data/1126956/000112695618000050/0001126956-18-000050-index.htm",
        "finalLink": "https://www.sec.gov/Archives/edgar/data/3146/000112695618000050/spireq3201810-qdoc.htm"
    },
    {
        "date": "2018-03-31",
        "symbol": "SR",
        "reportedCurrency": "USD",
        "cik": "0001126956",
        "fillingDate": "2018-05-02",
        "acceptedDate": "2018-05-02 12:09:49",
        "calendarYear": "2018",
        "period": "Q2",
        "revenue": 813400000,
        "costOfRevenue": 572500000,
        "grossProfit": 240900000,
        "grossProfitRatio": 0.2961642488,
        "researchAndDevelopmentExpenses": 0,
        "generalAndAdministrativeExpenses": 0,
        "sellingAndMarketingExpenses": 22800000,
        "sellingGeneralAndAdministrativeExpenses": 22800000,
        "otherExpenses": 700000,
        "operatingExpenses": 99100000,
        "costAndExpenses": 671600000,
        "interestIncome": 0,
        "interestExpense": 25400000,
        "depreciationAndAmortization": 41500000,
        "ebitda": 184000000,
        "ebitdaratio": 0.2262109663,
        "operatingIncome": 141800000,
        "operatingIncomeRatio": 0.174329973,
        "totalOtherIncomeExpensesNet": -24700000,
        "incomeBeforeTax": 117100000,
        "incomeBeforeTaxRatio": 0.1439636095,
        "incomeTaxExpense": 18900000,
        "netIncome": 98200000,
        "netIncomeRatio": 0.1207278092,
        "eps": 2.04,
        "epsdiluted": 2.03,
        "weightedAverageShsOut": 48200000,
        "weightedAverageShsOutDil": 48400000,
        "link": "https://www.sec.gov/Archives/edgar/data/1126956/000112695618000028/0001126956-18-000028-index.htm",
        "finalLink": "https://www.sec.gov/Archives/edgar/data/3146/000112695618000028/spireq2201810-qdoc.htm"
    },
    {
        "date": "2017-12-31",
        "symbol": "SR",
        "reportedCurrency": "USD",
        "cik": "0001126956",
        "fillingDate": "2018-02-01",
        "acceptedDate": "2018-02-01 10:27:28",
        "calendarYear": "2018",
        "period": "Q1",
        "revenue": 561800000,
        "costOfRevenue": 379700000,
        "grossProfit": 182100000,
        "grossProfitRatio": 0.3241367035,
        "researchAndDevelopmentExpenses": 0,
        "generalAndAdministrativeExpenses": 0,
        "sellingAndMarketingExpenses": 19900000,
        "sellingGeneralAndAdministrativeExpenses": 19900000,
        "otherExpenses": 2200000,
        "operatingExpenses": 77000000,
        "costAndExpenses": 456700000,
        "interestIncome": 0,
        "interestExpense": 24400000,
        "depreciationAndAmortization": 40400000,
        "ebitda": 147700000,
        "ebitdaratio": 0.2629049484,
        "operatingIncome": 105100000,
        "operatingIncomeRatio": 0.1870772517,
        "totalOtherIncomeExpensesNet": -22200000,
        "incomeBeforeTax": 82900000,
        "incomeBeforeTaxRatio": 0.1475614098,
        "incomeTaxExpense": -33100000,
        "netIncome": 116000000,
        "netIncomeRatio": 0.2064791741,
        "eps": 2.41,
        "epsdiluted": 2.4,
        "weightedAverageShsOut": 48200000,
        "weightedAverageShsOutDil": 48400000,
        "link": "https://www.sec.gov/Archives/edgar/data/1126956/000112695618000021/0001126956-18-000021-index.htm",
        "finalLink": "https://www.sec.gov/Archives/edgar/data/3146/000112695618000021/spireq1201810-qdoc.htm"
    },
    {
        "date": "2017-09-30",
        "symbol": "SR",
        "reportedCurrency": "USD",
        "cik": "0001126956",
        "fillingDate": "2017-11-15",
        "acceptedDate": "2017-11-15 16:46:41",
        "calendarYear": "2017",
        "period": "Q4",
        "revenue": 258700000,
        "costOfRevenue": 191700000,
        "grossProfit": 67000000,
        "grossProfitRatio": 0.2589872439,
        "researchAndDevelopmentExpenses": 0,
        "generalAndAdministrativeExpenses": 0,
        "sellingAndMarketingExpenses": 0,
        "sellingGeneralAndAdministrativeExpenses": 0,
        "otherExpenses": 1000000,
        "operatingExpenses": 65100000,
        "costAndExpenses": 256800000,
        "interestIncome": 0,
        "interestExpense": 22900000,
        "depreciationAndAmortization": 39500000,
        "ebitda": 42600000,
        "ebitdaratio": 0.1646695014,
        "operatingIncome": 1900000,
        "operatingIncomeRatio": 0.0073444144,
        "totalOtherIncomeExpensesNet": -21900000,
        "incomeBeforeTax": -20000000,
        "incomeBeforeTaxRatio": -0.077309625,
        "incomeTaxExpense": -6700000,
        "netIncome": -13300000,
        "netIncomeRatio": -0.0514109007,
        "eps": -0.28,
        "epsdiluted": -0.28,
        "weightedAverageShsOut": 48100000,
        "weightedAverageShsOutDil": 48300000,
        "link": "https://www.sec.gov/Archives/edgar/data/1126956/000112695617000063/0001126956-17-000063-index.htm",
        "finalLink": "https://www.sec.gov/Archives/edgar/data/3146/000112695617000063/spire10k-20170930.htm"
    },
    {
        "date": "2017-06-30",
        "symbol": "SR",
        "reportedCurrency": "USD",
        "cik": "0001126956",
        "fillingDate": "2017-08-02",
        "acceptedDate": "2017-08-02 10:09:20",
        "calendarYear": "2017",
        "period": "Q3",
        "revenue": 323500000,
        "costOfRevenue": 204300000,
        "grossProfit": 119200000,
        "grossProfitRatio": 0.3684698609,
        "researchAndDevelopmentExpenses": 0,
        "generalAndAdministrativeExpenses": 0,
        "sellingAndMarketingExpenses": 0,
        "sellingGeneralAndAdministrativeExpenses": 0,
        "otherExpenses": 1500000,
        "operatingExpenses": 68900000,
        "costAndExpenses": 273200000,
        "interestIncome": 0,
        "interestExpense": 21400000,
        "depreciationAndAmortization": 38600000,
        "ebitda": 90400000,
        "ebitdaratio": 0.2794435858,
        "operatingIncome": 50300000,
        "operatingIncomeRatio": 0.1554868624,
        "totalOtherIncomeExpensesNet": -19900000,
        "incomeBeforeTax": 30400000,
        "incomeBeforeTaxRatio": 0.0939721793,
        "incomeTaxExpense": 8700000,
        "netIncome": 21700000,
        "netIncomeRatio": 0.0670788253,
        "eps": 0.45,
        "epsdiluted": 0.45,
        "weightedAverageShsOut": 48100000,
        "weightedAverageShsOutDil": 48200000,
        "link": "https://www.sec.gov/Archives/edgar/data/1126956/000112695617000058/0001126956-17-000058-index.htm",
        "finalLink": "https://www.sec.gov/Archives/edgar/data/3146/000112695617000058/srlgcagc-q310q2017.htm"
    },
    {
        "date": "2017-03-31",
        "symbol": "SR",
        "reportedCurrency": "USD",
        "cik": "0001126956",
        "fillingDate": "2017-05-03",
        "acceptedDate": "2017-05-03 10:02:32",
        "calendarYear": "2017",
        "period": "Q2",
        "revenue": 663400000,
        "costOfRevenue": 396800000,
        "grossProfit": 266600000,
        "grossProfitRatio": 0.4018691589,
        "researchAndDevelopmentExpenses": 0,
        "generalAndAdministrativeExpenses": 0,
        "sellingAndMarketingExpenses": 22300000,
        "sellingGeneralAndAdministrativeExpenses": 22300000,
        "otherExpenses": 3600000,
        "operatingExpenses": 86200000,
        "costAndExpenses": 483000000,
        "interestIncome": 0,
        "interestExpense": 22700000,
        "depreciationAndAmortization": 38000000,
        "ebitda": 222000000,
        "ebitdaratio": 0.3346397347,
        "operatingIncome": 180400000,
        "operatingIncomeRatio": 0.2719324691,
        "totalOtherIncomeExpensesNet": -19100000,
        "incomeBeforeTax": 161300000,
        "incomeBeforeTaxRatio": 0.2431413928,
        "incomeTaxExpense": 53300000,
        "netIncome": 108000000,
        "netIncomeRatio": 0.1627977088,
        "eps": 2.37,
        "epsdiluted": 2.36,
        "weightedAverageShsOut": 45600000,
        "weightedAverageShsOutDil": 45700000,
        "link": "https://www.sec.gov/Archives/edgar/data/1126956/000112695617000035/0001126956-17-000035-index.htm",
        "finalLink": "https://www.sec.gov/Archives/edgar/data/3146/000112695617000035/srlgcagc-20170331x10q.htm"
    },
    {
        "date": "2016-12-31",
        "symbol": "SR",
        "reportedCurrency": "USD",
        "cik": "0001126956",
        "fillingDate": "2017-02-01",
        "acceptedDate": "2017-02-01 10:05:10",
        "calendarYear": "2017",
        "period": "Q1",
        "revenue": 495100000,
        "costOfRevenue": 334900000,
        "grossProfit": 160200000,
        "grossProfitRatio": 0.3235709958,
        "researchAndDevelopmentExpenses": 0,
        "generalAndAdministrativeExpenses": 0,
        "sellingAndMarketingExpenses": 22800000,
        "sellingGeneralAndAdministrativeExpenses": 22800000,
        "otherExpenses": 500000,
        "operatingExpenses": 71100000,
        "costAndExpenses": 406000000,
        "interestIncome": 0,
        "interestExpense": 22100000,
        "depreciationAndAmortization": 37800000,
        "ebitda": 127400000,
        "ebitdaratio": 0.2573217532,
        "operatingIncome": 89100000,
        "operatingIncomeRatio": 0.1799636437,
        "totalOtherIncomeExpensesNet": -21600000,
        "incomeBeforeTax": 67500000,
        "incomeBeforeTaxRatio": 0.1363360937,
        "incomeTaxExpense": 22300000,
        "netIncome": 45200000,
        "netIncomeRatio": 0.0912946879,
        "eps": 0.99,
        "epsdiluted": 0.99,
        "weightedAverageShsOut": 45500000,
        "weightedAverageShsOutDil": 45700000,
        "link": "https://www.sec.gov/Archives/edgar/data/1126956/000112695617000011/0001126956-17-000011-index.htm",
        "finalLink": "https://www.sec.gov/Archives/edgar/data/3146/000112695617000011/srlgcagc-20161231x10q.htm"
    },
    {
        "date": "2016-09-30",
        "symbol": "SR",
        "reportedCurrency": "USD",
        "cik": "0001126956",
        "fillingDate": "2016-11-15",
        "acceptedDate": "2016-11-15 16:11:56",
        "calendarYear": "2016",
        "period": "Q4",
        "revenue": 279300000,
        "costOfRevenue": 225900000,
        "grossProfit": 53400000,
        "grossProfitRatio": 0.1911922664,
        "researchAndDevelopmentExpenses": 0,
        "generalAndAdministrativeExpenses": 0,
        "sellingAndMarketingExpenses": 0,
        "sellingGeneralAndAdministrativeExpenses": 0,
        "otherExpenses": 4800000,
        "operatingExpenses": 61100000,
        "costAndExpenses": 287000000,
        "interestIncome": 0,
        "interestExpense": 19500000,
        "depreciationAndAmortization": 35400000,
        "ebitda": 32600000,
        "ebitdaratio": 0.1167203724,
        "operatingIncome": -7700000,
        "operatingIncomeRatio": -0.0275689223,
        "totalOtherIncomeExpensesNet": -14700000,
        "incomeBeforeTax": -22400000,
        "incomeBeforeTaxRatio": -0.0802005013,
        "incomeTaxExpense": -8200000,
        "netIncome": -14200000,
        "netIncomeRatio": -0.0508413892,
        "eps": -0.31,
        "epsdiluted": -0.31,
        "weightedAverageShsOut": 45500000,
        "weightedAverageShsOutDil": 45700000,
        "link": "https://www.sec.gov/Archives/edgar/data/1126956/000112695616000144/0001126956-16-000144-index.htm",
        "finalLink": "https://www.sec.gov/Archives/edgar/data/3146/000112695616000144/a10k-20160930xsrlgcagc.htm"
    },
    {
        "date": "2016-06-30",
        "symbol": "SR",
        "reportedCurrency": "USD",
        "cik": "0001126956",
        "fillingDate": "2016-08-03",
        "acceptedDate": "2016-08-03 09:56:32",
        "calendarYear": "2016",
        "period": "Q3",
        "revenue": 249300000,
        "costOfRevenue": 152400000,
        "grossProfit": 96900000,
        "grossProfitRatio": 0.3886883273,
        "researchAndDevelopmentExpenses": 0,
        "generalAndAdministrativeExpenses": 0,
        "sellingAndMarketingExpenses": 0,
        "sellingGeneralAndAdministrativeExpenses": 0,
        "otherExpenses": 1600000,
        "operatingExpenses": 61600000,
        "costAndExpenses": 214000000,
        "interestIncome": 0,
        "interestExpense": 19400000,
        "depreciationAndAmortization": 34400000,
        "ebitda": 71300000,
        "ebitdaratio": 0.2860008022,
        "operatingIncome": 35300000,
        "operatingIncomeRatio": 0.1415964701,
        "totalOtherIncomeExpensesNet": -17800000,
        "incomeBeforeTax": 17500000,
        "incomeBeforeTaxRatio": 0.0701965503,
        "incomeTaxExpense": 6800000,
        "netIncome": 10700000,
        "netIncomeRatio": 0.0429201765,
        "eps": 0.24,
        "epsdiluted": 0.24,
        "weightedAverageShsOut": 44400000,
        "weightedAverageShsOutDil": 44600000,
        "link": "https://www.sec.gov/Archives/edgar/data/1126956/000112695616000125/0001126956-16-000125-index.htm",
        "finalLink": "https://www.sec.gov/Archives/edgar/data/3146/000112695616000125/lgcombined-20160630x10q.htm"
    },
    {
        "date": "2016-03-31",
        "symbol": "SR",
        "reportedCurrency": "USD",
        "cik": "0001126956",
        "fillingDate": "2016-05-04",
        "acceptedDate": "2016-05-04 09:59:32",
        "calendarYear": "2016",
        "period": "Q2",
        "revenue": 609300000,
        "costOfRevenue": 363900000,
        "grossProfit": 245400000,
        "grossProfitRatio": 0.4027572624,
        "researchAndDevelopmentExpenses": 0,
        "generalAndAdministrativeExpenses": 0,
        "sellingAndMarketingExpenses": -2200000,
        "sellingGeneralAndAdministrativeExpenses": -2200000,
        "otherExpenses": 800000,
        "operatingExpenses": 77700000,
        "costAndExpenses": 441600000,
        "interestIncome": 0,
        "interestExpense": 19300000,
        "depreciationAndAmortization": 33900000,
        "ebitda": 202400000,
        "ebitdaratio": 0.332184474,
        "operatingIncome": 167700000,
        "operatingIncomeRatio": 0.2752338749,
        "totalOtherIncomeExpensesNet": -18500000,
        "incomeBeforeTax": 149200000,
        "incomeBeforeTaxRatio": 0.2448711636,
        "incomeTaxExpense": 48400000,
        "netIncome": 100800000,
        "netIncomeRatio": 0.1654357459,
        "eps": 2.33,
        "epsdiluted": 2.32,
        "weightedAverageShsOut": 43300000,
        "weightedAverageShsOutDil": 43500000,
        "link": "https://www.sec.gov/Archives/edgar/data/1126956/000112695616000112/0001126956-16-000112-index.htm",
        "finalLink": "https://www.sec.gov/Archives/edgar/data/3146/000112695616000112/lgcombined-20160331x10q.htm"
    },
    {
        "date": "2015-12-31",
        "symbol": "SR",
        "reportedCurrency": "USD",
        "cik": "0001126956",
        "fillingDate": "2016-02-03",
        "acceptedDate": "2016-02-03 09:52:17",
        "calendarYear": "2016",
        "period": "Q1",
        "revenue": 399400000,
        "costOfRevenue": 250700000,
        "grossProfit": 148700000,
        "grossProfitRatio": 0.3723084627,
        "researchAndDevelopmentExpenses": 0,
        "generalAndAdministrativeExpenses": 0,
        "sellingAndMarketingExpenses": 600000,
        "sellingGeneralAndAdministrativeExpenses": 600000,
        "otherExpenses": 1400000,
        "operatingExpenses": 61700000,
        "costAndExpenses": 312400000,
        "interestIncome": 0,
        "interestExpense": 19000000,
        "depreciationAndAmortization": 33700000,
        "ebitda": 122100000,
        "ebitdaratio": 0.3057085628,
        "operatingIncome": 87000000,
        "operatingIncomeRatio": 0.2178267401,
        "totalOtherIncomeExpensesNet": -17600000,
        "incomeBeforeTax": 69400000,
        "incomeBeforeTaxRatio": 0.173760641,
        "incomeTaxExpense": 22500000,
        "netIncome": 46900000,
        "netIncomeRatio": 0.1174261392,
        "eps": 1.09,
        "epsdiluted": 1.08,
        "weightedAverageShsOut": 43200000,
        "weightedAverageShsOutDil": 43400000,
        "link": "https://www.sec.gov/Archives/edgar/data/1126956/000112695616000091/0001126956-16-000091-index.htm",
        "finalLink": "https://www.sec.gov/Archives/edgar/data/3146/000112695616000091/lgcombined-20151231x10q.htm"
    },
    {
        "date": "2015-09-30",
        "symbol": "SR",
        "reportedCurrency": "USD",
        "cik": "0001126956",
        "fillingDate": "2015-11-24",
        "acceptedDate": "2015-11-24 10:15:13",
        "calendarYear": "2015",
        "period": "Q4",
        "revenue": 204200000,
        "costOfRevenue": 157300000,
        "grossProfit": 46900000,
        "grossProfitRatio": 0.2296767875,
        "researchAndDevelopmentExpenses": 0,
        "generalAndAdministrativeExpenses": 0,
        "sellingAndMarketingExpenses": 0,
        "sellingGeneralAndAdministrativeExpenses": 0,
        "otherExpenses": -1400000,
        "operatingExpenses": 55400000,
        "costAndExpenses": 212700000,
        "interestIncome": 0,
        "interestExpense": 18500000,
        "depreciationAndAmortization": 33400000,
        "ebitda": 23500000,
        "ebitdaratio": 0.1150832517,
        "operatingIncome": -8500000,
        "operatingIncomeRatio": -0.041625857,
        "totalOtherIncomeExpensesNet": -19900000,
        "incomeBeforeTax": -28400000,
        "incomeBeforeTaxRatio": -0.139079334,
        "incomeTaxExpense": -9700000,
        "netIncome": -18700000,
        "netIncomeRatio": -0.0915768854,
        "eps": -0.43,
        "epsdiluted": -0.43,
        "weightedAverageShsOut": 43200000,
        "weightedAverageShsOutDil": 43200000,
        "link": "https://www.sec.gov/Archives/edgar/data/1126956/000112695615000077/0001126956-15-000077-index.htm",
        "finalLink": "https://www.sec.gov/Archives/edgar/data/3146/000112695615000077/lglgcagc-20150930x10k.htm"
    },
    {
        "date": "2015-06-30",
        "symbol": "SR",
        "reportedCurrency": "USD",
        "cik": "0001126956",
        "fillingDate": "2015-08-05",
        "acceptedDate": "2015-08-05 10:02:35",
        "calendarYear": "2015",
        "period": "Q3",
        "revenue": 275200000,
        "costOfRevenue": 180500000,
        "grossProfit": 94700000,
        "grossProfitRatio": 0.3441133721,
        "researchAndDevelopmentExpenses": 0,
        "generalAndAdministrativeExpenses": 0,
        "sellingAndMarketingExpenses": 0,
        "sellingGeneralAndAdministrativeExpenses": 0,
        "otherExpenses": 500000,
        "operatingExpenses": 58700000,
        "costAndExpenses": 239200000,
        "interestIncome": 0,
        "interestExpense": 17800000,
        "depreciationAndAmortization": 32700000,
        "ebitda": 69200000,
        "ebitdaratio": 0.2514534884,
        "operatingIncome": 36000000,
        "operatingIncomeRatio": 0.1308139535,
        "totalOtherIncomeExpensesNet": -17300000,
        "incomeBeforeTax": 18700000,
        "incomeBeforeTaxRatio": 0.0679505814,
        "incomeTaxExpense": 4600000,
        "netIncome": 14100000,
        "netIncomeRatio": 0.0512354651,
        "eps": 0.33,
        "epsdiluted": 0.33,
        "weightedAverageShsOut": 43200000,
        "weightedAverageShsOutDil": 43300000,
        "link": "https://www.sec.gov/Archives/edgar/data/1126956/000112695615000070/0001126956-15-000070-index.htm",
        "finalLink": "https://www.sec.gov/Archives/edgar/data/3146/000112695615000070/lgcombined-20150630x10q.htm"
    },
    {
        "date": "2015-03-31",
        "symbol": "SR",
        "reportedCurrency": "USD",
        "cik": "0001126956",
        "fillingDate": "2015-05-06",
        "acceptedDate": "2015-05-06 10:27:34",
        "calendarYear": "2015",
        "period": "Q2",
        "revenue": 877400000,
        "costOfRevenue": 631800000,
        "grossProfit": 245600000,
        "grossProfitRatio": 0.2799179394,
        "researchAndDevelopmentExpenses": 0,
        "generalAndAdministrativeExpenses": 0,
        "sellingAndMarketingExpenses": 30400000,
        "sellingGeneralAndAdministrativeExpenses": 30400000,
        "otherExpenses": 700000,
        "operatingExpenses": 87900000,
        "costAndExpenses": 719700000,
        "interestIncome": 0,
        "interestExpense": 19100000,
        "depreciationAndAmortization": 32400000,
        "ebitda": 190800000,
        "ebitdaratio": 0.2174606793,
        "operatingIncome": 157700000,
        "operatingIncomeRatio": 0.1797355824,
        "totalOtherIncomeExpensesNet": -18400000,
        "incomeBeforeTax": 139300000,
        "incomeBeforeTaxRatio": 0.1587645316,
        "incomeTaxExpense": 44900000,
        "netIncome": 94400000,
        "netIncomeRatio": 0.1075906086,
        "eps": 2.19,
        "epsdiluted": 2.19,
        "weightedAverageShsOut": 43100000,
        "weightedAverageShsOutDil": 43200000,
        "link": "https://www.sec.gov/Archives/edgar/data/1126956/000112695615000032/0001126956-15-000032-index.htm",
        "finalLink": "https://www.sec.gov/Archives/edgar/data/3146/000112695615000032/lgcombined-20150331x10q.htm"
    },
    {
        "date": "2014-12-31",
        "symbol": "SR",
        "reportedCurrency": "USD",
        "cik": "0001126956",
        "fillingDate": "2015-02-04",
        "acceptedDate": "2015-02-04 10:34:52",
        "calendarYear": "2015",
        "period": "Q1",
        "revenue": 619600000,
        "costOfRevenue": 462300000,
        "grossProfit": 157300000,
        "grossProfitRatio": 0.2538734668,
        "researchAndDevelopmentExpenses": 0,
        "generalAndAdministrativeExpenses": 0,
        "sellingAndMarketingExpenses": 38200000,
        "sellingGeneralAndAdministrativeExpenses": 38200000,
        "otherExpenses": 1400000,
        "operatingExpenses": 70000000,
        "costAndExpenses": 532300000,
        "interestIncome": 0,
        "interestExpense": 19200000,
        "depreciationAndAmortization": 32300000,
        "ebitda": 121000000,
        "ebitdaratio": 0.1952872821,
        "operatingIncome": 87300000,
        "operatingIncomeRatio": 0.1408973531,
        "totalOtherIncomeExpensesNet": -17800000,
        "incomeBeforeTax": 69500000,
        "incomeBeforeTaxRatio": 0.1121691414,
        "incomeTaxExpense": 22400000,
        "netIncome": 47100000,
        "netIncomeRatio": 0.076016785,
        "eps": 1.09,
        "epsdiluted": 1.09,
        "weightedAverageShsOut": 43100000,
        "weightedAverageShsOutDil": 43200000,
        "link": "https://www.sec.gov/Archives/edgar/data/1126956/000112695615000013/0001126956-15-000013-index.htm",
        "finalLink": "https://www.sec.gov/Archives/edgar/data/3146/000112695615000013/lgcombined-20141231x10q.htm"
    },
    {
        "date": "2014-09-30",
        "symbol": "SR",
        "reportedCurrency": "USD",
        "cik": "0001126956",
        "fillingDate": "2014-11-25",
        "acceptedDate": "2014-11-25 15:07:31",
        "calendarYear": "2014",
        "period": "Q4",
        "revenue": 222300000,
        "costOfRevenue": 187400000,
        "grossProfit": 34900000,
        "grossProfitRatio": 0.1569950517,
        "researchAndDevelopmentExpenses": 0,
        "generalAndAdministrativeExpenses": 0,
        "sellingAndMarketingExpenses": 0,
        "sellingGeneralAndAdministrativeExpenses": 0,
        "otherExpenses": -2300000,
        "operatingExpenses": 43300000,
        "costAndExpenses": 230700000,
        "interestIncome": 0,
        "interestExpense": 15000000,
        "depreciationAndAmortization": 24200000,
        "ebitda": 13500000,
        "ebitdaratio": 0.0607287449,
        "operatingIncome": -8400000,
        "operatingIncomeRatio": -0.0377867746,
        "totalOtherIncomeExpensesNet": -17300000,
        "incomeBeforeTax": -25700000,
        "incomeBeforeTaxRatio": -0.1156095367,
        "incomeTaxExpense": -10800000,
        "netIncome": -14900000,
        "netIncomeRatio": -0.0670265407,
        "eps": -0.35,
        "epsdiluted": -0.35,
        "weightedAverageShsOut": 43000005,
        "weightedAverageShsOutDil": 43100000,
        "link": "https://www.sec.gov/Archives/edgar/data/1126956/000112695614000066/0001126956-14-000066-index.htm",
        "finalLink": "https://www.sec.gov/Archives/edgar/data/57183/000112695614000066/lgandlgc-20140930x10k.htm"
    },
    {
        "date": "2014-06-30",
        "symbol": "SR",
        "reportedCurrency": "USD",
        "cik": "0001126956",
        "fillingDate": "2014-08-07",
        "acceptedDate": "2014-08-07 10:48:09",
        "calendarYear": "2014",
        "period": "Q3",
        "revenue": 241800000,
        "costOfRevenue": 176500000,
        "grossProfit": 65300000,
        "grossProfitRatio": 0.2700578991,
        "researchAndDevelopmentExpenses": 0,
        "generalAndAdministrativeExpenses": 0,
        "sellingAndMarketingExpenses": 27800000,
        "sellingGeneralAndAdministrativeExpenses": 27800000,
        "otherExpenses": -2400000,
        "operatingExpenses": 40600000,
        "costAndExpenses": 217100000,
        "interestIncome": 0,
        "interestExpense": 11400000,
        "depreciationAndAmortization": 18599000,
        "ebitda": 40900000,
        "ebitdaratio": 0.1691480562,
        "operatingIncome": 24700000,
        "operatingIncomeRatio": 0.1021505376,
        "totalOtherIncomeExpensesNet": -13800000,
        "incomeBeforeTax": 10900000,
        "incomeBeforeTaxRatio": 0.0450785773,
        "incomeTaxExpense": -800000,
        "netIncome": 11700000,
        "netIncomeRatio": 0.0483870968,
        "eps": 0.34,
        "epsdiluted": 0.33,
        "weightedAverageShsOut": 34900000,
        "weightedAverageShsOutDil": 35000000,
        "link": "https://www.sec.gov/Archives/edgar/data/1126956/000112695614000062/0001126956-14-000062-index.htm",
        "finalLink": "https://www.sec.gov/Archives/edgar/data/57183/000112695614000062/lgandlgc-20140630x10q.htm"
    },
    {
        "date": "2014-03-31",
        "symbol": "SR",
        "reportedCurrency": "USD",
        "cik": "0001126956",
        "fillingDate": "2014-04-29",
        "acceptedDate": "2014-04-29 14:00:57",
        "calendarYear": "2014",
        "period": "Q2",
        "revenue": 694504000,
        "costOfRevenue": 542389000,
        "grossProfit": 152115000,
        "grossProfitRatio": 0.2190268163,
        "researchAndDevelopmentExpenses": 0,
        "generalAndAdministrativeExpenses": 0,
        "sellingAndMarketingExpenses": 0,
        "sellingGeneralAndAdministrativeExpenses": 0,
        "otherExpenses": 222000,
        "operatingExpenses": 64936000,
        "costAndExpenses": 607325000,
        "interestIncome": 142000,
        "interestExpense": 9372000,
        "depreciationAndAmortization": 20289000,
        "ebitda": 107200000,
        "ebitdaratio": 0.1543547625,
        "operatingIncome": 87179000,
        "operatingIncomeRatio": 0.1255269948,
        "totalOtherIncomeExpensesNet": -9600000,
        "incomeBeforeTax": 77559000,
        "incomeBeforeTaxRatio": 0.1116753827,
        "incomeTaxExpense": 25340000,
        "netIncome": 52219000,
        "netIncomeRatio": 0.0751889118,
        "eps": 1.6,
        "epsdiluted": 1.6,
        "weightedAverageShsOut": 32600000,
        "weightedAverageShsOutDil": 32600000,
        "link": "https://www.sec.gov/Archives/edgar/data/1126956/000112695614000029/0001126956-14-000029-index.htm",
        "finalLink": "https://www.sec.gov/Archives/edgar/data/1126956/000112695614000029/lg-20140331x10q.htm"
    },
    {
        "date": "2013-12-31",
        "symbol": "SR",
        "reportedCurrency": "USD",
        "cik": "0001126956",
        "fillingDate": "2014-02-04",
        "acceptedDate": "2014-02-04 10:59:13",
        "calendarYear": "2014",
        "period": "Q1",
        "revenue": 468610000,
        "costOfRevenue": 355891000,
        "grossProfit": 112719000,
        "grossProfitRatio": 0.240539041,
        "researchAndDevelopmentExpenses": 0,
        "generalAndAdministrativeExpenses": 0,
        "sellingAndMarketingExpenses": 33253000000,
        "sellingGeneralAndAdministrativeExpenses": 33253000000,
        "otherExpenses": 652000,
        "operatingExpenses": 49814000,
        "costAndExpenses": 405705000,
        "interestIncome": 249000,
        "interestExpense": 10461000,
        "depreciationAndAmortization": 20212000,
        "ebitda": 84800000,
        "ebitdaratio": 0.1809607136,
        "operatingIncome": 62905000,
        "operatingIncomeRatio": 0.1342374256,
        "totalOtherIncomeExpensesNet": -8800000,
        "incomeBeforeTax": 54091000,
        "incomeBeforeTaxRatio": 0.115428608,
        "incomeTaxExpense": 18499000,
        "netIncome": 35592000,
        "netIncomeRatio": 0.0759522844,
        "eps": 1.09,
        "epsdiluted": 1.09,
        "weightedAverageShsOut": 32600000,
        "weightedAverageShsOutDil": 32600000,
        "link": "https://www.sec.gov/Archives/edgar/data/1126956/000112695614000010/0001126956-14-000010-index.htm",
        "finalLink": "https://www.sec.gov/Archives/edgar/data/1126956/000112695614000010/lg-20131231x10q.htm"
    },
    {
        "date": "2013-09-30",
        "symbol": "SR",
        "reportedCurrency": "USD",
        "cik": "0001126956",
        "fillingDate": "2013-11-26",
        "acceptedDate": "2013-11-26 11:43:18",
        "calendarYear": "2013",
        "period": "Q4",
        "revenue": 147114000,
        "costOfRevenue": 122945000,
        "grossProfit": 24169000,
        "grossProfitRatio": 0.1642875593,
        "researchAndDevelopmentExpenses": 0,
        "generalAndAdministrativeExpenses": 0,
        "sellingAndMarketingExpenses": 165146000000,
        "sellingGeneralAndAdministrativeExpenses": 165146000000,
        "otherExpenses": -1571000,
        "operatingExpenses": 33891000,
        "costAndExpenses": 156836000,
        "interestIncome": 261000,
        "interestExpense": 9012000,
        "depreciationAndAmortization": 14562000,
        "ebitda": 4900000,
        "ebitdaratio": 0.033307503,
        "operatingIncome": -9722000,
        "operatingIncomeRatio": -0.066084805,
        "totalOtherIncomeExpensesNet": -8500000,
        "incomeBeforeTax": -18314000,
        "incomeBeforeTaxRatio": -0.1244884919,
        "incomeTaxExpense": -8678000,
        "netIncome": -9636000,
        "netIncomeRatio": -0.0655002243,
        "eps": -0.3,
        "epsdiluted": -0.3,
        "weightedAverageShsOut": 32272639,
        "weightedAverageShsOutDil": 32570000,
        "link": "https://www.sec.gov/Archives/edgar/data/1126956/000112695613000067/0001126956-13-000067-index.htm",
        "finalLink": "https://www.sec.gov/Archives/edgar/data/1126956/000112695613000067/lg-20130930x10k.htm"
    },
    {
        "date": "2013-06-30",
        "symbol": "SR",
        "reportedCurrency": "USD",
        "cik": "0001126956",
        "fillingDate": "2013-07-30",
        "acceptedDate": "2013-07-30 13:24:01",
        "calendarYear": "2013",
        "period": "Q3",
        "revenue": 165289000,
        "costOfRevenue": 126220000,
        "grossProfit": 39069000,
        "grossProfitRatio": 0.2363678164,
        "researchAndDevelopmentExpenses": 0,
        "generalAndAdministrativeExpenses": 0,
        "sellingAndMarketingExpenses": 33433000000,
        "sellingGeneralAndAdministrativeExpenses": 33433000000,
        "otherExpenses": -586000,
        "operatingExpenses": 26788000,
        "costAndExpenses": 153008000,
        "interestIncome": 164000,
        "interestExpense": 6860000,
        "depreciationAndAmortization": 11808000,
        "ebitda": 23687000,
        "ebitdaratio": 0.1433065721,
        "operatingIncome": 12281000,
        "operatingIncomeRatio": 0.0743001652,
        "totalOtherIncomeExpensesNet": -7300000,
        "incomeBeforeTax": 5023000,
        "incomeBeforeTaxRatio": 0.0303891971,
        "incomeTaxExpense": -1562000,
        "netIncome": 6585000,
        "netIncomeRatio": 0.0398393118,
        "eps": 0.25,
        "epsdiluted": 0.25,
        "weightedAverageShsOut": 26100000,
        "weightedAverageShsOutDil": 26200000,
        "link": "https://www.sec.gov/Archives/edgar/data/1126956/000112695613000054/0001126956-13-000054-index.htm",
        "finalLink": "https://www.sec.gov/Archives/edgar/data/1126956/000112695613000054/lg-2013630x10q.htm"
    },
    {
        "date": "2013-03-31",
        "symbol": "SR",
        "reportedCurrency": "USD",
        "cik": "0001126956",
        "fillingDate": "2013-04-30",
        "acceptedDate": "2013-04-30 11:07:29",
        "calendarYear": "2013",
        "period": "Q2",
        "revenue": 397613000,
        "costOfRevenue": 272359000,
        "grossProfit": 125254000,
        "grossProfitRatio": 0.3150148511,
        "researchAndDevelopmentExpenses": 0,
        "generalAndAdministrativeExpenses": 0,
        "sellingAndMarketingExpenses": 0,
        "sellingGeneralAndAdministrativeExpenses": 0,
        "otherExpenses": 1340000,
        "operatingExpenses": 73405000,
        "costAndExpenses": 345764000,
        "interestIncome": 257000,
        "interestExpense": 6705000,
        "depreciationAndAmortization": 11258000,
        "ebitda": 64788000,
        "ebitdaratio": 0.1629423585,
        "operatingIncome": 51849000,
        "operatingIncomeRatio": 0.130400666,
        "totalOtherIncomeExpensesNet": -5365000,
        "incomeBeforeTax": 46484000,
        "incomeBeforeTaxRatio": 0.1169076464,
        "incomeTaxExpense": 16242000,
        "netIncome": 30242000,
        "netIncomeRatio": 0.0760588814,
        "eps": 1.35,
        "epsdiluted": 1.34,
        "weightedAverageShsOut": 22421000,
        "weightedAverageShsOutDil": 22498000,
        "link": "https://www.sec.gov/Archives/edgar/data/1126956/000112695613000034/0001126956-13-000034-index.htm",
        "finalLink": "https://www.sec.gov/Archives/edgar/data/1126956/000112695613000034/lg-2013331x10q.htm"
    },
    {
        "date": "2012-12-31",
        "symbol": "SR",
        "reportedCurrency": "USD",
        "cik": "0001126956",
        "fillingDate": "2013-02-05",
        "acceptedDate": "2013-02-05 10:48:40",
        "calendarYear": "2013",
        "period": "Q1",
        "revenue": 307003000,
        "costOfRevenue": 199628000,
        "grossProfit": 107375000,
        "grossProfitRatio": 0.3497522826,
        "researchAndDevelopmentExpenses": 0,
        "generalAndAdministrativeExpenses": 0,
        "sellingAndMarketingExpenses": 55249000000,
        "sellingGeneralAndAdministrativeExpenses": 55249000000,
        "otherExpenses": 748000,
        "operatingExpenses": 65290000,
        "costAndExpenses": 264918000,
        "interestIncome": 406000,
        "interestExpense": 6026000,
        "depreciationAndAmortization": 11314000,
        "ebitda": 54483000,
        "ebitdaratio": 0.1774673212,
        "operatingIncome": 42085000,
        "operatingIncomeRatio": 0.137083351,
        "totalOtherIncomeExpensesNet": -4942000,
        "incomeBeforeTax": 37143000,
        "incomeBeforeTaxRatio": 0.1209857884,
        "incomeTaxExpense": 11575000,
        "netIncome": 25568000,
        "netIncomeRatio": 0.0832825738,
        "eps": 1.14,
        "epsdiluted": 1.14,
        "weightedAverageShsOut": 22372000,
        "weightedAverageShsOutDil": 22434000,
        "link": "https://www.sec.gov/Archives/edgar/data/1126956/000112695613000017/0001126956-13-000017-index.htm",
        "finalLink": "https://www.sec.gov/Archives/edgar/data/1126956/000112695613000017/lg-20121231x10q.htm"
    },
    {
        "date": "2012-09-30",
        "symbol": "SR",
        "reportedCurrency": "USD",
        "cik": "0001126956",
        "fillingDate": "2012-11-19",
        "acceptedDate": "2012-11-19 10:53:58",
        "calendarYear": "2012",
        "period": "Q4",
        "revenue": 169538000,
        "costOfRevenue": 129158000,
        "grossProfit": 40380000,
        "grossProfitRatio": 0.238176692,
        "researchAndDevelopmentExpenses": 0,
        "generalAndAdministrativeExpenses": 0,
        "sellingAndMarketingExpenses": 357992441000,
        "sellingGeneralAndAdministrativeExpenses": 357992441000,
        "otherExpenses": 40295000,
        "operatingExpenses": 40295000,
        "costAndExpenses": 169453000,
        "interestIncome": 1309000,
        "interestExpense": 6186000,
        "depreciationAndAmortization": 10439000,
        "ebitda": 11809000,
        "ebitdaratio": 0.0696540009,
        "operatingIncome": 1869000,
        "operatingIncomeRatio": 0.0110240772,
        "totalOtherIncomeExpensesNet": -6685000,
        "incomeBeforeTax": -4816000,
        "incomeBeforeTaxRatio": -0.0284066109,
        "incomeTaxExpense": -4165000,
        "netIncome": -651000,
        "netIncomeRatio": -0.0038398471,
        "eps": -0.0292,
        "epsdiluted": -0.0291,
        "weightedAverageShsOut": 22318290,
        "weightedAverageShsOutDil": 22372000,
        "link": "https://www.sec.gov/Archives/edgar/data/1126956/000112695612000080/0001126956-12-000080-index.htm",
        "finalLink": "https://www.sec.gov/Archives/edgar/data/1126956/000112695612000080/lacledegroupform10-k2012.htm"
    },
    {
        "date": "2012-06-30",
        "symbol": "SR",
        "reportedCurrency": "USD",
        "cik": "0001126956",
        "fillingDate": "2012-07-27",
        "acceptedDate": "2012-07-27 15:23:21",
        "calendarYear": "2012",
        "period": "Q3",
        "revenue": 186849000,
        "costOfRevenue": 112061000,
        "grossProfit": 74788000,
        "grossProfitRatio": 0.4002590327,
        "researchAndDevelopmentExpenses": 0,
        "generalAndAdministrativeExpenses": 0,
        "sellingAndMarketingExpenses": 70014000000,
        "sellingGeneralAndAdministrativeExpenses": 70014000000,
        "otherExpenses": 59379000,
        "operatingExpenses": 59379000,
        "costAndExpenses": 171440000,
        "interestIncome": 337000,
        "interestExpense": 6166000,
        "depreciationAndAmortization": 10335000,
        "ebitda": 25831000,
        "ebitdaratio": 0.1382453211,
        "operatingIncome": 15045000,
        "operatingIncomeRatio": 0.0805195639,
        "totalOtherIncomeExpensesNet": -5715000,
        "incomeBeforeTax": 9330000,
        "incomeBeforeTaxRatio": 0.0499333687,
        "incomeTaxExpense": 897000,
        "netIncome": 8433000,
        "netIncomeRatio": 0.0451327007,
        "eps": 0.38,
        "epsdiluted": 0.38,
        "weightedAverageShsOut": 22282000,
        "weightedAverageShsOutDil": 22357000,
        "link": "https://www.sec.gov/Archives/edgar/data/1126956/000112695612000049/0001126956-12-000049-index.htm",
        "finalLink": "https://www.sec.gov/Archives/edgar/data/1126956/000112695612000049/lacledegroupform10-qjune2012.htm"
    },
    {
        "date": "2012-03-31",
        "symbol": "SR",
        "reportedCurrency": "USD",
        "cik": "0001126956",
        "fillingDate": "2012-04-27",
        "acceptedDate": "2012-04-27 16:16:03",
        "calendarYear": "2012",
        "period": "Q2",
        "revenue": 358175000,
        "costOfRevenue": 232969000,
        "grossProfit": 125206000,
        "grossProfitRatio": 0.3495665527,
        "researchAndDevelopmentExpenses": 0,
        "generalAndAdministrativeExpenses": 0,
        "sellingAndMarketingExpenses": 0,
        "sellingGeneralAndAdministrativeExpenses": 0,
        "otherExpenses": 74072000,
        "operatingExpenses": 74072000,
        "costAndExpenses": 307041000,
        "interestIncome": 316000,
        "interestExpense": 6279000,
        "depreciationAndAmortization": 10326000,
        "ebitda": 62290000,
        "ebitdaratio": 0.1739094018,
        "operatingIncome": 50583000,
        "operatingIncomeRatio": 0.1412242619,
        "totalOtherIncomeExpensesNet": -4898000,
        "incomeBeforeTax": 45685000,
        "incomeBeforeTaxRatio": 0.1275493823,
        "incomeTaxExpense": 16001000,
        "netIncome": 29684000,
        "netIncomeRatio": 0.0828756893,
        "eps": 1.33,
        "epsdiluted": 1.33,
        "weightedAverageShsOut": 22254000,
        "weightedAverageShsOutDil": 22336000,
        "link": "https://www.sec.gov/Archives/edgar/data/1126956/000112695612000032/0001126956-12-000032-index.htm",
        "finalLink": "https://www.sec.gov/Archives/edgar/data/1126956/000112695612000032/lacledegroupform10-qmar2012.htm"
    },
    {
        "date": "2011-12-31",
        "symbol": "SR",
        "reportedCurrency": "USD",
        "cik": "0001126956",
        "fillingDate": "2012-01-27",
        "acceptedDate": "2012-01-27 16:19:11",
        "calendarYear": "2012",
        "period": "Q1",
        "revenue": 410913000,
        "costOfRevenue": 146751000,
        "grossProfit": 264162000,
        "grossProfitRatio": 0.6428660081,
        "researchAndDevelopmentExpenses": 0,
        "generalAndAdministrativeExpenses": 0,
        "sellingAndMarketingExpenses": 152559000,
        "sellingGeneralAndAdministrativeExpenses": 152559000,
        "otherExpenses": -84930000,
        "operatingExpenses": 221057000,
        "costAndExpenses": 367808000,
        "interestIncome": 348000,
        "interestExpense": 6314000,
        "depreciationAndAmortization": 10089000,
        "ebitda": 55283000,
        "ebitdaratio": 0.1345369944,
        "operatingIncome": 43105000,
        "operatingIncomeRatio": 0.1049005507,
        "totalOtherIncomeExpensesNet": -4375000,
        "incomeBeforeTax": 38730000,
        "incomeBeforeTaxRatio": 0.0942535281,
        "incomeTaxExpense": 13556000,
        "netIncome": 25174000,
        "netIncomeRatio": 0.0612635765,
        "eps": 1.13,
        "epsdiluted": 1.13,
        "weightedAverageShsOut": 22193000,
        "weightedAverageShsOutDil": 22263000,
        "link": "https://www.sec.gov/Archives/edgar/data/1126956/000112695612000019/0001126956-12-000019-index.htm",
        "finalLink": "https://www.sec.gov/Archives/edgar/data/1126956/000112695612000019/lacledegroupform10-qdec2011.htm"
    },
    {
        "date": "2011-09-30",
        "symbol": "SR",
        "reportedCurrency": "USD",
        "cik": "0001126956",
        "fillingDate": "2011-11-21",
        "acceptedDate": "2011-11-18 17:52:54",
        "calendarYear": "2011",
        "period": "Q4",
        "revenue": 271046000,
        "costOfRevenue": 39244000,
        "grossProfit": 231802000,
        "grossProfitRatio": 0.8552127683,
        "researchAndDevelopmentExpenses": 0,
        "generalAndAdministrativeExpenses": 0,
        "sellingAndMarketingExpenses": 168332000,
        "sellingGeneralAndAdministrativeExpenses": 168332000,
        "otherExpenses": -107232000,
        "operatingExpenses": 230003000,
        "costAndExpenses": 269247000,
        "interestIncome": 0,
        "interestExpense": 6295000,
        "depreciationAndAmortization": 9981000,
        "ebitda": 9647000,
        "ebitdaratio": 0.0355917446,
        "operatingIncome": 1799000,
        "operatingIncomeRatio": 0.0066372498,
        "totalOtherIncomeExpensesNet": -8587000,
        "incomeBeforeTax": -6788000,
        "incomeBeforeTaxRatio": -0.0250437195,
        "incomeTaxExpense": -3961000,
        "netIncome": -2827000,
        "netIncomeRatio": -0.0104299639,
        "eps": -0.13,
        "epsdiluted": -0.13,
        "weightedAverageShsOut": 22136000,
        "weightedAverageShsOutDil": 22136000,
        "link": "https://www.sec.gov/Archives/edgar/data/1126956/000112695611000074/0001126956-11-000074-index.htm",
        "finalLink": "https://www.sec.gov/Archives/edgar/data/1126956/000112695611000074/lacledegroupform10-k2011.htm"
    },
    {
        "date": "2011-06-30",
        "symbol": "SR",
        "reportedCurrency": "USD",
        "cik": "0001126956",
        "fillingDate": "2011-07-29",
        "acceptedDate": "2011-07-29 15:32:45",
        "calendarYear": "2011",
        "period": "Q3",
        "revenue": 344281000,
        "costOfRevenue": 245212000,
        "grossProfit": 99069000,
        "grossProfitRatio": 0.2877562224,
        "researchAndDevelopmentExpenses": 0,
        "generalAndAdministrativeExpenses": 0,
        "sellingAndMarketingExpenses": 174309000000,
        "sellingGeneralAndAdministrativeExpenses": 174309000000,
        "otherExpenses": 65050000,
        "operatingExpenses": 65050000,
        "costAndExpenses": 310262000,
        "interestIncome": 0,
        "interestExpense": 6147000,
        "depreciationAndAmortization": 9989000,
        "ebitda": 35900000,
        "ebitdaratio": 0.1042752868,
        "operatingIncome": 25754000,
        "operatingIncomeRatio": 0.0748051737,
        "totalOtherIncomeExpensesNet": -5990000,
        "incomeBeforeTax": 19764000,
        "incomeBeforeTaxRatio": 0.0574065952,
        "incomeTaxExpense": 4374000,
        "netIncome": 15390000,
        "netIncomeRatio": 0.0447018569,
        "eps": 0.7,
        "epsdiluted": 0.69,
        "weightedAverageShsOut": 22120000,
        "weightedAverageShsOutDil": 22188000,
        "link": "https://www.sec.gov/Archives/edgar/data/1126956/000112695611000058/0001126956-11-000058-index.htm",
        "finalLink": "https://www.sec.gov/Archives/edgar/data/1126956/000112695611000058/lacledegroupform10-qjun2011.htm"
    },
    {
        "date": "2011-03-31",
        "symbol": "SR",
        "reportedCurrency": "USD",
        "cik": "0001126956",
        "fillingDate": "2011-04-29",
        "acceptedDate": "2011-04-29 15:16:03",
        "calendarYear": "2011",
        "period": "Q2",
        "revenue": 543778000,
        "costOfRevenue": 413008000,
        "grossProfit": 130770000,
        "grossProfitRatio": 0.2404841682,
        "researchAndDevelopmentExpenses": 0,
        "generalAndAdministrativeExpenses": 0,
        "sellingAndMarketingExpenses": 0,
        "sellingGeneralAndAdministrativeExpenses": 0,
        "otherExpenses": 80366000,
        "operatingExpenses": 80366000,
        "costAndExpenses": 493374000,
        "interestIncome": 267000,
        "interestExpense": 6289000,
        "depreciationAndAmortization": 9869000,
        "ebitda": 60279000,
        "ebitdaratio": 0.1108522228,
        "operatingIncome": 49943000,
        "operatingIncomeRatio": 0.0918444659,
        "totalOtherIncomeExpensesNet": -5822000,
        "incomeBeforeTax": 44121000,
        "incomeBeforeTaxRatio": 0.0811378908,
        "incomeTaxExpense": 16228000,
        "netIncome": 27893000,
        "netIncomeRatio": 0.0512948299,
        "eps": 1.26,
        "epsdiluted": 1.26,
        "weightedAverageShsOut": 22100000,
        "weightedAverageShsOutDil": 22172000,
        "link": "https://www.sec.gov/Archives/edgar/data/1126956/000112695611000037/0001126956-11-000037-index.htm",
        "finalLink": "https://www.sec.gov/Archives/edgar/data/1126956/000112695611000037/lacledegroupform10-qmar2011.htm"
    },
    {
        "date": "2010-12-31",
        "symbol": "SR",
        "reportedCurrency": "USD",
        "cik": "0001126956",
        "fillingDate": "2011-01-28",
        "acceptedDate": "2011-01-28 14:45:18",
        "calendarYear": "2011",
        "period": "Q1",
        "revenue": 444202000,
        "costOfRevenue": 336718000,
        "grossProfit": 107484000,
        "grossProfitRatio": 0.2419709952,
        "researchAndDevelopmentExpenses": 0,
        "generalAndAdministrativeExpenses": 0,
        "sellingAndMarketingExpenses": 163353000,
        "sellingGeneralAndAdministrativeExpenses": 163353000,
        "otherExpenses": 66388000,
        "operatingExpenses": 66733000,
        "costAndExpenses": 403451000,
        "interestIncome": 448000,
        "interestExpense": 6686000,
        "depreciationAndAmortization": 9638000,
        "ebitda": 52362000,
        "ebitdaratio": 0.1178788029,
        "operatingIncome": 40751000,
        "operatingIncomeRatio": 0.0917397941,
        "totalOtherIncomeExpensesNet": -4841000,
        "incomeBeforeTax": 35910000,
        "incomeBeforeTaxRatio": 0.0808415991,
        "incomeTaxExpense": 12541000,
        "netIncome": 23369000,
        "netIncomeRatio": 0.0526089482,
        "eps": 1.06,
        "epsdiluted": 1.06,
        "weightedAverageShsOut": 22041000,
        "weightedAverageShsOutDil": 22120000,
        "link": "https://www.sec.gov/Archives/edgar/data/1126956/000112695611000022/0001126956-11-000022-index.htm",
        "finalLink": "https://www.sec.gov/Archives/edgar/data/1126956/000112695611000022/lacledegroupform10-qdec2010.htm"
    },
    {
        "date": "2010-09-30",
        "symbol": "SR",
        "reportedCurrency": "USD",
        "cik": "0001126956",
        "fillingDate": "2010-11-19",
        "acceptedDate": "2010-11-19 15:53:30",
        "calendarYear": "2010",
        "period": "Q4",
        "revenue": 284031000,
        "costOfRevenue": 225918000,
        "grossProfit": 58113000,
        "grossProfitRatio": 0.2046009062,
        "researchAndDevelopmentExpenses": 0,
        "generalAndAdministrativeExpenses": 0,
        "sellingAndMarketingExpenses": 858782000000,
        "sellingGeneralAndAdministrativeExpenses": 858782000000,
        "otherExpenses": 57048000,
        "operatingExpenses": 57048000,
        "costAndExpenses": 282966000,
        "interestIncome": -1298000,
        "interestExpense": 6695000,
        "depreciationAndAmortization": 9550000,
        "ebitda": 12021000,
        "ebitdaratio": 0.042322845,
        "operatingIncome": 1065000,
        "operatingIncomeRatio": 0.0037495907,
        "totalOtherIncomeExpensesNet": -5289000,
        "incomeBeforeTax": -4224000,
        "incomeBeforeTaxRatio": -0.0148716161,
        "incomeTaxExpense": -2627000,
        "netIncome": -1597000,
        "netIncomeRatio": -0.0056226257,
        "eps": -0.0726,
        "epsdiluted": -0.0725,
        "weightedAverageShsOut": 22010000,
        "weightedAverageShsOutDil": 22041000,
        "link": "https://www.sec.gov/Archives/edgar/data/1126956/000112695610000033/0001126956-10-000033-index.htm",
        "finalLink": "https://www.sec.gov/Archives/edgar/data/1126956/000112695610000033/form10-k2010.htm"
    },
    {
        "date": "2010-06-30",
        "symbol": "SR",
        "reportedCurrency": "USD",
        "cik": "0001126956",
        "fillingDate": "2010-07-30",
        "acceptedDate": "2010-07-30 16:03:30",
        "calendarYear": "2010",
        "period": "Q3",
        "revenue": 324507000,
        "costOfRevenue": 249545000,
        "grossProfit": 74962000,
        "grossProfitRatio": 0.2310027211,
        "researchAndDevelopmentExpenses": 0,
        "generalAndAdministrativeExpenses": 0,
        "sellingAndMarketingExpenses": 199307000000,
        "sellingGeneralAndAdministrativeExpenses": 199307000000,
        "otherExpenses": 62095000,
        "operatingExpenses": 62095000,
        "costAndExpenses": 311640000,
        "interestIncome": 402000,
        "interestExpense": 6777000,
        "depreciationAndAmortization": 9467000,
        "ebitda": 22143000,
        "ebitdaratio": 0.0682358162,
        "operatingIncome": 12867000,
        "operatingIncomeRatio": 0.0396509166,
        "totalOtherIncomeExpensesNet": -6968000,
        "incomeBeforeTax": 5899000,
        "incomeBeforeTaxRatio": 0.0181783444,
        "incomeTaxExpense": 1168000,
        "netIncome": 4731000,
        "netIncomeRatio": 0.0145790384,
        "eps": 0.22,
        "epsdiluted": 0.21,
        "weightedAverageShsOut": 21997000,
        "weightedAverageShsOutDil": 22048000,
        "link": "https://www.sec.gov/Archives/edgar/data/1126956/000112695610000019/0001126956-10-000019-index.htm",
        "finalLink": "https://www.sec.gov/Archives/edgar/data/57183/000112695610000019/form10-qjun2010.htm"
    },
    {
        "date": "2010-03-31",
        "symbol": "SR",
        "reportedCurrency": "USD",
        "cik": "0001126956",
        "fillingDate": "2010-04-30",
        "acceptedDate": "2010-04-30 15:19:20",
        "calendarYear": "2010",
        "period": "Q2",
        "revenue": 635325000,
        "costOfRevenue": 504399000,
        "grossProfit": 130926000,
        "grossProfitRatio": 0.2060772046,
        "researchAndDevelopmentExpenses": 0,
        "generalAndAdministrativeExpenses": 0,
        "sellingAndMarketingExpenses": 0,
        "sellingGeneralAndAdministrativeExpenses": 0,
        "otherExpenses": 80656000,
        "operatingExpenses": 80656000,
        "costAndExpenses": 585055000,
        "interestIncome": 361000,
        "interestExpense": 6671000,
        "depreciationAndAmortization": 9385000,
        "ebitda": 60045000,
        "ebitdaratio": 0.0945106835,
        "operatingIncome": 50270000,
        "operatingIncomeRatio": 0.0791248574,
        "totalOtherIncomeExpensesNet": -6353000,
        "incomeBeforeTax": 43917000,
        "incomeBeforeTaxRatio": 0.0691252509,
        "incomeTaxExpense": 15897000,
        "netIncome": 28020000,
        "netIncomeRatio": 0.0441034116,
        "eps": 1.27,
        "epsdiluted": 1.27,
        "weightedAverageShsOut": 21980000,
        "weightedAverageShsOutDil": 22027000,
        "link": "https://www.sec.gov/Archives/edgar/data/1126956/000112695610000011/0001126956-10-000011-index.htm",
        "finalLink": "https://www.sec.gov/Archives/edgar/data/57183/000112695610000011/form10-qmar2010.htm"
    },
    {
        "date": "2009-12-31",
        "symbol": "SR",
        "reportedCurrency": "USD",
        "cik": "0001126956",
        "fillingDate": "2010-01-29",
        "acceptedDate": "2010-01-29 14:51:55",
        "calendarYear": "2010",
        "period": "Q1",
        "revenue": 491166000,
        "costOfRevenue": 376730000,
        "grossProfit": 114436000,
        "grossProfitRatio": 0.2329884398,
        "researchAndDevelopmentExpenses": 0,
        "generalAndAdministrativeExpenses": 0,
        "sellingAndMarketingExpenses": 197525000000,
        "sellingGeneralAndAdministrativeExpenses": 197525000000,
        "otherExpenses": 73772000,
        "operatingExpenses": 73772000,
        "costAndExpenses": 450502000,
        "interestIncome": 535000,
        "interestExpense": 6709000,
        "depreciationAndAmortization": 9363000,
        "ebitda": 51685000,
        "ebitdaratio": 0.1052291893,
        "operatingIncome": 40664000,
        "operatingIncomeRatio": 0.0827907469,
        "totalOtherIncomeExpensesNet": -5122000,
        "incomeBeforeTax": 35542000,
        "incomeBeforeTaxRatio": 0.0723625007,
        "incomeTaxExpense": 12656000,
        "netIncome": 22886000,
        "netIncomeRatio": 0.0465952448,
        "eps": 1.04,
        "epsdiluted": 1.04,
        "weightedAverageShsOut": 21957000,
        "weightedAverageShsOutDil": 22001000,
        "link": "https://www.sec.gov/Archives/edgar/data/1126956/000112695610000005/0001126956-10-000005-index.htm",
        "finalLink": "https://www.sec.gov/Archives/edgar/data/57183/000112695610000005/form10-qdec2009.htm"
    },
    {
        "date": "2009-09-30",
        "symbol": "SR",
        "reportedCurrency": "USD",
        "cik": "0001126956",
        "fillingDate": "2009-11-20",
        "acceptedDate": "2009-11-20 17:11:37",
        "calendarYear": "2009",
        "period": "Q4",
        "revenue": 251930000,
        "costOfRevenue": 193196000,
        "grossProfit": 58734000,
        "grossProfitRatio": 0.2331361886,
        "researchAndDevelopmentExpenses": 0,
        "generalAndAdministrativeExpenses": 0,
        "sellingAndMarketingExpenses": 836865000,
        "sellingGeneralAndAdministrativeExpenses": 836865000,
        "otherExpenses": 61801000,
        "operatingExpenses": 61801000,
        "costAndExpenses": 254997000,
        "interestIncome": 539000,
        "interestExpense": 6758000,
        "depreciationAndAmortization": 9332000,
        "ebitda": 5401000,
        "ebitdaratio": 0.0214384948,
        "operatingIncome": -3067000,
        "operatingIncomeRatio": -0.0121740166,
        "totalOtherIncomeExpensesNet": -7622000,
        "incomeBeforeTax": -10689000,
        "incomeBeforeTaxRatio": -0.0424284523,
        "incomeTaxExpense": -5942000,
        "netIncome": -4747000,
        "netIncomeRatio": -0.0188425356,
        "eps": -0.22,
        "epsdiluted": -0.22,
        "weightedAverageShsOut": 21920000,
        "weightedAverageShsOutDil": 21957000,
        "link": "https://www.sec.gov/Archives/edgar/data/1126956/000112695609000012/0001126956-09-000012-index.htm",
        "finalLink": "https://www.sec.gov/Archives/edgar/data/1126956/000112695609000012/form10-k2009.htm"
    },
    {
        "date": "2009-06-30",
        "symbol": "SR",
        "reportedCurrency": "USD",
        "cik": "0001126956",
        "fillingDate": "2009-07-31",
        "acceptedDate": "2009-07-31 17:11:05",
        "calendarYear": "2009",
        "period": "Q3",
        "revenue": 309944000,
        "costOfRevenue": 229353000,
        "grossProfit": 80591000,
        "grossProfitRatio": 0.2600179387,
        "researchAndDevelopmentExpenses": 0,
        "generalAndAdministrativeExpenses": 0,
        "sellingAndMarketingExpenses": 148442000,
        "sellingGeneralAndAdministrativeExpenses": 148442000,
        "otherExpenses": 64388000,
        "operatingExpenses": 64388000,
        "costAndExpenses": 293741000,
        "interestIncome": 631000,
        "interestExpense": 6883000,
        "depreciationAndAmortization": 9263000,
        "ebitda": 26797000,
        "ebitdaratio": 0.0864575536,
        "operatingIncome": 16203000,
        "operatingIncomeRatio": 0.0522771856,
        "totalOtherIncomeExpensesNet": -5552000,
        "incomeBeforeTax": 10651000,
        "incomeBeforeTaxRatio": 0.0343642723,
        "incomeTaxExpense": 3774000,
        "netIncome": 6877000,
        "netIncomeRatio": 0.0221878791,
        "eps": 0.31,
        "epsdiluted": 0.31,
        "weightedAverageShsOut": 21904000,
        "weightedAverageShsOutDil": 21950000,
        "link": "https://www.sec.gov/Archives/edgar/data/1126956/000112695609000009/0001126956-09-000009-index.htm",
        "finalLink": "https://www.sec.gov/Archives/edgar/data/57183/000112695609000009/form10-qjun2009.htm"
    },
    {
        "date": "2009-03-31",
        "symbol": "SR",
        "reportedCurrency": "USD",
        "cik": "0001126956",
        "fillingDate": "2009-05-01",
        "acceptedDate": "2009-05-01 16:26:13",
        "calendarYear": "2009",
        "period": "Q2",
        "revenue": 659068000,
        "costOfRevenue": 517993000,
        "grossProfit": 141075000,
        "grossProfitRatio": 0.2140522677,
        "researchAndDevelopmentExpenses": 0,
        "generalAndAdministrativeExpenses": 0,
        "sellingAndMarketingExpenses": 0,
        "sellingGeneralAndAdministrativeExpenses": 0,
        "otherExpenses": 85835000,
        "operatingExpenses": 85835000,
        "costAndExpenses": 603828000,
        "interestIncome": 663000,
        "interestExpense": 7313000,
        "depreciationAndAmortization": 9253000,
        "ebitda": 64740000,
        "ebitdaratio": 0.0982296212,
        "operatingIncome": 55240000,
        "operatingIncomeRatio": 0.0838153271,
        "totalOtherIncomeExpensesNet": -7066000,
        "incomeBeforeTax": 48174000,
        "incomeBeforeTaxRatio": 0.0730941269,
        "incomeTaxExpense": 17356000,
        "netIncome": 30811000,
        "netIncomeRatio": 0.0467493491,
        "eps": 1.41,
        "epsdiluted": 1.4,
        "weightedAverageShsOut": 21891000,
        "weightedAverageShsOutDil": 21969000,
        "link": "https://www.sec.gov/Archives/edgar/data/1126956/000112695609000006/0001126956-09-000006-index.htm",
        "finalLink": "https://www.sec.gov/Archives/edgar/data/57183/000112695609000006/form10-qmar2009.htm"
    },
    {
        "date": "2008-12-31",
        "symbol": "SR",
        "reportedCurrency": "USD",
        "cik": "0001126956",
        "fillingDate": "2009-01-30",
        "acceptedDate": "2009-01-30 15:31:14",
        "calendarYear": "2009",
        "period": "Q1",
        "revenue": 674256000,
        "costOfRevenue": 254897000,
        "grossProfit": 419359000,
        "grossProfitRatio": 0.6219581287,
        "researchAndDevelopmentExpenses": 0,
        "generalAndAdministrativeExpenses": 0,
        "sellingAndMarketingExpenses": 315040000,
        "sellingGeneralAndAdministrativeExpenses": 315040000,
        "otherExpenses": 362671000,
        "operatingExpenses": 362671000,
        "costAndExpenses": 617568000,
        "interestIncome": 1139000,
        "interestExpense": 2646000,
        "depreciationAndAmortization": 9193000,
        "ebitda": 65142000,
        "ebitdaratio": 0.0966131558,
        "operatingIncome": 56688000,
        "operatingIncomeRatio": 0.0840748914,
        "totalOtherIncomeExpensesNet": -8053000,
        "incomeBeforeTax": 48635000,
        "incomeBeforeTaxRatio": 0.0721313566,
        "incomeTaxExpense": 17321000,
        "netIncome": 31314000,
        "netIncomeRatio": 0.0464423008,
        "eps": 1.43,
        "epsdiluted": 1.43,
        "weightedAverageShsOut": 21857000,
        "weightedAverageShsOutDil": 21959000,
        "link": "https://www.sec.gov/Archives/edgar/data/1126956/000112695609000003/0001126956-09-000003-index.htm",
        "finalLink": "https://www.sec.gov/Archives/edgar/data/57183/000112695609000003/form10-qdec2008.htm"
    },
    {
        "date": "2008-09-30",
        "symbol": "SR",
        "reportedCurrency": "USD",
        "cik": "0001126956",
        "fillingDate": "2008-11-21",
        "acceptedDate": "2008-11-21 17:03:49",
        "calendarYear": "2008",
        "period": "Q4",
        "revenue": 451789000,
        "costOfRevenue": 1104996000,
        "grossProfit": -653207000,
        "grossProfitRatio": -1.4458231608,
        "researchAndDevelopmentExpenses": 0,
        "generalAndAdministrativeExpenses": 0,
        "sellingAndMarketingExpenses": 1075845000,
        "sellingGeneralAndAdministrativeExpenses": 1075845000,
        "otherExpenses": -657838000,
        "operatingExpenses": -657838000,
        "costAndExpenses": 447158000,
        "interestIncome": 0,
        "interestExpense": 0,
        "depreciationAndAmortization": 9085000,
        "ebitda": 13716000,
        "ebitdaratio": 0.0303593049,
        "operatingIncome": 4631000,
        "operatingIncomeRatio": 0.0102503602,
        "totalOtherIncomeExpensesNet": -12317000,
        "incomeBeforeTax": -7686000,
        "incomeBeforeTaxRatio": -0.0170123664,
        "incomeTaxExpense": -4523000,
        "netIncome": -3586000,
        "netIncomeRatio": -0.0079373336,
        "eps": -0.16,
        "epsdiluted": -0.16,
        "weightedAverageShsOut": 21786000,
        "weightedAverageShsOutDil": 21857000,
        "link": "https://www.sec.gov/Archives/edgar/data/1126956/000112695608000059/0001126956-08-000059-index.htm",
        "finalLink": "https://www.sec.gov/Archives/edgar/data/1126956/000112695608000059/groupform10-k.htm"
    },
    {
        "date": "2008-06-30",
        "symbol": "SR",
        "reportedCurrency": "USD",
        "cik": "0001126956",
        "fillingDate": "2008-08-07",
        "acceptedDate": "2008-08-06 17:34:21",
        "calendarYear": "2008",
        "period": "Q3",
        "revenue": 505488000,
        "costOfRevenue": 112896000,
        "grossProfit": 392592000,
        "grossProfitRatio": 0.7766593866,
        "researchAndDevelopmentExpenses": 0,
        "generalAndAdministrativeExpenses": 0,
        "sellingAndMarketingExpenses": 314646000,
        "sellingGeneralAndAdministrativeExpenses": 314646000,
        "otherExpenses": 373333000,
        "operatingExpenses": 373333000,
        "costAndExpenses": 486229000,
        "interestIncome": 738000,
        "interestExpense": 1189000,
        "depreciationAndAmortization": 8897000,
        "ebitda": 29730000,
        "ebitdaratio": 0.0588144526,
        "operatingIncome": 19259000,
        "operatingIncomeRatio": 0.0380998164,
        "totalOtherIncomeExpensesNet": -7248000,
        "incomeBeforeTax": 12011000,
        "incomeBeforeTaxRatio": 0.0237611971,
        "incomeTaxExpense": 2902000,
        "netIncome": 9267000,
        "netIncomeRatio": 0.0183327794,
        "eps": 0.43,
        "epsdiluted": 0.42,
        "weightedAverageShsOut": 21701000,
        "weightedAverageShsOutDil": 21815000,
        "link": "https://www.sec.gov/Archives/edgar/data/1126956/000112695608000039/0001126956-08-000039-index.htm",
        "finalLink": "https://www.sec.gov/Archives/edgar/data/57183/000112695608000039/form10-qjun2008.htm"
    },
    {
        "date": "2008-03-31",
        "symbol": "SR",
        "reportedCurrency": "USD",
        "cik": "0001126956",
        "fillingDate": "2008-04-25",
        "acceptedDate": "2008-04-25 17:25:08",
        "calendarYear": "2008",
        "period": "Q2",
        "revenue": 747706000,
        "costOfRevenue": 377526000,
        "grossProfit": 370180000,
        "grossProfitRatio": 0.4950876414,
        "researchAndDevelopmentExpenses": 0,
        "generalAndAdministrativeExpenses": 0,
        "sellingAndMarketingExpenses": 0,
        "sellingGeneralAndAdministrativeExpenses": 0,
        "otherExpenses": 318297000,
        "operatingExpenses": 318297000,
        "costAndExpenses": 695823000,
        "interestIncome": 1047000,
        "interestExpense": 7001000,
        "depreciationAndAmortization": 9259000,
        "ebitda": 62218000,
        "ebitdaratio": 0.0832118506,
        "operatingIncome": 51883000,
        "operatingIncomeRatio": 0.0693895729,
        "totalOtherIncomeExpensesNet": -5934000,
        "incomeBeforeTax": 45949000,
        "incomeBeforeTaxRatio": 0.0614532985,
        "incomeTaxExpense": 15889000,
        "netIncome": 51354000,
        "netIncomeRatio": 0.0686820756,
        "eps": 2.38,
        "epsdiluted": 2.37,
        "weightedAverageShsOut": 21589000,
        "weightedAverageShsOutDil": 21685000,
        "link": "https://www.sec.gov/Archives/edgar/data/1126956/000112695608000028/0001126956-08-000028-index.htm",
        "finalLink": "https://www.sec.gov/Archives/edgar/data/57183/000112695608000028/form10-qmar2008.htm"
    },
    {
        "date": "2007-12-31",
        "symbol": "SR",
        "reportedCurrency": "USD",
        "cik": "0001126956",
        "fillingDate": "2008-02-01",
        "acceptedDate": "2008-02-01 16:38:38",
        "calendarYear": "2008",
        "period": "Q1",
        "revenue": 541351000,
        "costOfRevenue": 222841000,
        "grossProfit": 318510000,
        "grossProfitRatio": 0.5883613404,
        "researchAndDevelopmentExpenses": 0,
        "generalAndAdministrativeExpenses": 0,
        "sellingAndMarketingExpenses": 181798000000,
        "sellingGeneralAndAdministrativeExpenses": 181798000000,
        "otherExpenses": 278464000,
        "operatingExpenses": 278464000,
        "costAndExpenses": 501305000,
        "interestIncome": 0,
        "interestExpense": 4163000000,
        "depreciationAndAmortization": 9672000,
        "ebitda": 49849000,
        "ebitdaratio": 0.092082586,
        "operatingIncome": 40046000,
        "operatingIncomeRatio": 0.0739741868,
        "totalOtherIncomeExpensesNet": -6709000,
        "incomeBeforeTax": 32504000,
        "incomeBeforeTaxRatio": 0.0600423755,
        "incomeTaxExpense": 11601000,
        "netIncome": 20903000,
        "netIncomeRatio": 0.0386126561,
        "eps": 0.97,
        "epsdiluted": 0.97,
        "weightedAverageShsOut": 21554000,
        "weightedAverageShsOutDil": 21621000,
        "link": "https://www.sec.gov/Archives/edgar/data/1126956/000112695608000010/0001126956-08-000010-index.htm",
        "finalLink": "https://www.sec.gov/Archives/edgar/data/57183/000112695608000010/form10-q.htm"
    },
    {
        "date": "2007-09-30",
        "symbol": "SR",
        "reportedCurrency": "USD",
        "cik": "0001126956",
        "fillingDate": "2007-12-03",
        "acceptedDate": "2007-11-30 18:42:23",
        "calendarYear": "2007",
        "period": "Q4",
        "revenue": 323272000,
        "costOfRevenue": -480162000,
        "grossProfit": 803434000,
        "grossProfitRatio": 2.4853188646,
        "researchAndDevelopmentExpenses": 0,
        "generalAndAdministrativeExpenses": 170881000,
        "sellingAndMarketingExpenses": 718704000,
        "sellingGeneralAndAdministrativeExpenses": 547823000,
        "otherExpenses": 796642000,
        "operatingExpenses": 796642000,
        "costAndExpenses": 316480000,
        "interestIncome": 0,
        "interestExpense": 0,
        "depreciationAndAmortization": 9429000,
        "ebitda": 16221000,
        "ebitdaratio": 0.0501775595,
        "operatingIncome": 6792000,
        "operatingIncomeRatio": 0.021010171,
        "totalOtherIncomeExpensesNet": -8107000,
        "incomeBeforeTax": -1315000,
        "incomeBeforeTaxRatio": -0.0040677819,
        "incomeTaxExpense": -1885000,
        "netIncome": 570000,
        "netIncomeRatio": 0.0017632211,
        "eps": 0.0264,
        "epsdiluted": 0.0264,
        "weightedAverageShsOut": 21518000,
        "weightedAverageShsOutDil": 21554000,
        "link": "https://www.sec.gov/Archives/edgar/data/1126956/000112695607000051/0001126956-07-000051-index.htm",
        "finalLink": "https://www.sec.gov/Archives/edgar/data/1126956/000112695607000051/form10-k.htm"
    },
    {
        "date": "2007-06-30",
        "symbol": "SR",
        "reportedCurrency": "USD",
        "cik": "0001126956",
        "fillingDate": "2007-07-27",
        "acceptedDate": "2007-07-27 17:19:13",
        "calendarYear": "2007",
        "period": "Q3",
        "revenue": 457927000,
        "costOfRevenue": 334438000,
        "grossProfit": 123489000,
        "grossProfitRatio": 0.2696696198,
        "researchAndDevelopmentExpenses": 0,
        "generalAndAdministrativeExpenses": 0,
        "sellingAndMarketingExpenses": 218771000000,
        "sellingGeneralAndAdministrativeExpenses": 218771000000,
        "otherExpenses": 102149000,
        "operatingExpenses": 102149000,
        "costAndExpenses": 436587000,
        "interestIncome": 0,
        "interestExpense": 1825000000,
        "depreciationAndAmortization": 9621000,
        "ebitda": 22776000,
        "ebitdaratio": 0.0497371852,
        "operatingIncome": 21340000,
        "operatingIncomeRatio": 0.0466013142,
        "totalOtherIncomeExpensesNet": -6494000,
        "incomeBeforeTax": 14024000,
        "incomeBeforeTaxRatio": 0.0306249686,
        "incomeTaxExpense": 4752000,
        "netIncome": 9272000,
        "netIncomeRatio": 0.0202477687,
        "eps": 0.43,
        "epsdiluted": 0.43,
        "weightedAverageShsOut": 21478000,
        "weightedAverageShsOutDil": 21478000,
        "link": "https://www.sec.gov/Archives/edgar/data/1126956/000112695607000031/0001126956-07-000031-index.htm",
        "finalLink": "https://www.sec.gov/Archives/edgar/data/57183/000112695607000031/form10q0607.htm"
    },
    {
        "date": "2007-03-31",
        "symbol": "SR",
        "reportedCurrency": "USD",
        "cik": "0001126956",
        "fillingDate": "2007-04-27",
        "acceptedDate": "2007-04-27 17:14:09",
        "calendarYear": "2007",
        "period": "Q2",
        "revenue": 700834000,
        "costOfRevenue": 373576000,
        "grossProfit": 327258000,
        "grossProfitRatio": 0.4669550849,
        "researchAndDevelopmentExpenses": 0,
        "generalAndAdministrativeExpenses": 170881000,
        "sellingAndMarketingExpenses": 0,
        "sellingGeneralAndAdministrativeExpenses": 170881000,
        "otherExpenses": 115641000,
        "operatingExpenses": 286522000,
        "costAndExpenses": 660098000,
        "interestIncome": 0,
        "interestExpense": 0,
        "depreciationAndAmortization": 9652000,
        "ebitda": 54669000,
        "ebitdaratio": 0.0780056333,
        "operatingIncome": 40736000,
        "operatingIncomeRatio": 0.0581250339,
        "totalOtherIncomeExpensesNet": -7571000,
        "incomeBeforeTax": 32349000,
        "incomeBeforeTaxRatio": 0.0461578633,
        "incomeTaxExpense": 11519000,
        "netIncome": 20830000,
        "netIncomeRatio": 0.0297217315,
        "eps": 0.97,
        "epsdiluted": 0.97,
        "weightedAverageShsOut": 21445000,
        "weightedAverageShsOutDil": 21445000,
        "link": "https://www.sec.gov/Archives/edgar/data/1126956/000112695607000020/0001126956-07-000020-index.htm",
        "finalLink": "https://www.sec.gov/Archives/edgar/data/57183/000112695607000020/form10q0307.htm"
    },
    {
        "date": "2006-12-31",
        "symbol": "SR",
        "reportedCurrency": "USD",
        "cik": "0001126956",
        "fillingDate": "2007-01-26",
        "acceptedDate": "2007-01-26 17:13:45",
        "calendarYear": "2007",
        "period": "Q1",
        "revenue": 539561000,
        "costOfRevenue": 251523000,
        "grossProfit": 288038000,
        "grossProfitRatio": 0.533837694,
        "researchAndDevelopmentExpenses": 0,
        "generalAndAdministrativeExpenses": 0,
        "sellingAndMarketingExpenses": 153467000000,
        "sellingGeneralAndAdministrativeExpenses": 153467000000,
        "otherExpenses": 251640000,
        "operatingExpenses": 251640000,
        "costAndExpenses": 503163000,
        "interestIncome": 0,
        "interestExpense": 3434000000,
        "depreciationAndAmortization": 9606000,
        "ebitda": 46004000,
        "ebitdaratio": 0.0852619074,
        "operatingIncome": 36398000,
        "operatingIncomeRatio": 0.067458545,
        "totalOtherIncomeExpensesNet": -6650000,
        "incomeBeforeTax": 29748000,
        "incomeBeforeTaxRatio": 0.0551337106,
        "incomeTaxExpense": 10649000,
        "netIncome": 19099000,
        "netIncomeRatio": 0.0353972952,
        "eps": 0.89,
        "epsdiluted": 0.89,
        "weightedAverageShsOut": 21381000,
        "weightedAverageShsOutDil": 21381000,
        "link": "https://www.sec.gov/Archives/edgar/data/1126956/000112695607000014/0001126956-07-000014-index.htm",
        "finalLink": "https://www.sec.gov/Archives/edgar/data/57183/000112695607000014/form10q1206.htm"
    },
    {
        "date": "2006-09-30",
        "symbol": "SR",
        "reportedCurrency": "USD",
        "cik": "0001126956",
        "fillingDate": "2006-12-04",
        "acceptedDate": "2006-12-01 18:31:13",
        "calendarYear": "2006",
        "period": "Q4",
        "revenue": 268994000,
        "costOfRevenue": 47989000,
        "grossProfit": 221005000,
        "grossProfitRatio": 0.8215982513,
        "researchAndDevelopmentExpenses": 0,
        "generalAndAdministrativeExpenses": 0,
        "sellingAndMarketingExpenses": 689572000,
        "sellingGeneralAndAdministrativeExpenses": 689572000,
        "otherExpenses": 216359000,
        "operatingExpenses": 216359000,
        "costAndExpenses": 264348000,
        "interestIncome": 0,
        "interestExpense": 0,
        "depreciationAndAmortization": 9493000,
        "ebitda": 14139000,
        "ebitdaratio": 0.0525625107,
        "operatingIncome": 4646000,
        "operatingIncomeRatio": 0.0172717607,
        "totalOtherIncomeExpensesNet": -7384000,
        "incomeBeforeTax": -2738000,
        "incomeBeforeTaxRatio": -0.0101786657,
        "incomeTaxExpense": -1913000,
        "netIncome": -825000,
        "netIncomeRatio": -0.0030669829,
        "eps": -0.0387,
        "epsdiluted": -0.0386,
        "weightedAverageShsOut": 21298000,
        "weightedAverageShsOutDil": 21381000,
        "link": "https://www.sec.gov/Archives/edgar/data/1126956/000112695606000040/0001126956-06-000040-index.htm",
        "finalLink": "https://www.sec.gov/Archives/edgar/data/1126956/000112695606000040/form10k2006group.htm"
    },
    {
        "date": "2006-06-30",
        "symbol": "SR",
        "reportedCurrency": "USD",
        "cik": "0001126956",
        "fillingDate": "2006-07-28",
        "acceptedDate": "2006-07-28 17:03:14",
        "calendarYear": "2006",
        "period": "Q3",
        "revenue": 330542000,
        "costOfRevenue": 90305000,
        "grossProfit": 240237000,
        "grossProfitRatio": 0.7267971998,
        "researchAndDevelopmentExpenses": 0,
        "generalAndAdministrativeExpenses": 0,
        "sellingAndMarketingExpenses": 130372000000,
        "sellingGeneralAndAdministrativeExpenses": 130372000000,
        "otherExpenses": 228956000,
        "operatingExpenses": 228956000,
        "costAndExpenses": 319261000,
        "interestIncome": 0,
        "interestExpense": 2589000000,
        "depreciationAndAmortization": 9266000,
        "ebitda": 20547000,
        "ebitdaratio": 0.0621615407,
        "operatingIncome": 11281000,
        "operatingIncomeRatio": 0.0341287945,
        "totalOtherIncomeExpensesNet": -7515000,
        "incomeBeforeTax": 3766000,
        "incomeBeforeTaxRatio": 0.0113934084,
        "incomeTaxExpense": 1026000,
        "netIncome": 2740000,
        "netIncomeRatio": 0.0082894156,
        "eps": 0.13,
        "epsdiluted": 0.13,
        "weightedAverageShsOut": 21269000,
        "weightedAverageShsOutDil": 21269000,
        "link": "https://www.sec.gov/Archives/edgar/data/1126956/000112695606000027/0001126956-06-000027-index.htm",
        "finalLink": "https://www.sec.gov/Archives/edgar/data/57183/000112695606000027/form10q606.htm"
    },
    {
        "date": "2006-03-31",
        "symbol": "SR",
        "reportedCurrency": "USD",
        "cik": "0001126956",
        "fillingDate": "2006-04-28",
        "acceptedDate": "2006-04-28 16:58:19",
        "calendarYear": "2006",
        "period": "Q2",
        "revenue": 708780000,
        "costOfRevenue": 371388000,
        "grossProfit": 337392000,
        "grossProfitRatio": 0.4760179463,
        "researchAndDevelopmentExpenses": 0,
        "generalAndAdministrativeExpenses": 0,
        "sellingAndMarketingExpenses": 0,
        "sellingGeneralAndAdministrativeExpenses": 0,
        "otherExpenses": 296181000,
        "operatingExpenses": 296181000,
        "costAndExpenses": 667569000,
        "interestIncome": 0,
        "interestExpense": 0,
        "depreciationAndAmortization": 9164000,
        "ebitda": 50375000,
        "ebitdaratio": 0.0710728294,
        "operatingIncome": 41211000,
        "operatingIncomeRatio": 0.0581435706,
        "totalOtherIncomeExpensesNet": -8398000,
        "incomeBeforeTax": 32813000,
        "incomeBeforeTaxRatio": 0.0462950422,
        "incomeTaxExpense": 11871000,
        "netIncome": 20942000,
        "netIncomeRatio": 0.0295465448,
        "eps": 0.99,
        "epsdiluted": 0.98,
        "weightedAverageShsOut": 21231000,
        "weightedAverageShsOutDil": 21356122,
        "link": "https://www.sec.gov/Archives/edgar/data/1126956/000112695606000017/0001126956-06-000017-index.htm",
        "finalLink": "https://www.sec.gov/Archives/edgar/data/57183/000112695606000017/form10q3062.htm"
    },
    {
        "date": "2005-12-31",
        "symbol": "SR",
        "reportedCurrency": "USD",
        "cik": "0001126956",
        "fillingDate": "2006-01-27",
        "acceptedDate": "2006-01-27 16:40:13",
        "calendarYear": "2006",
        "period": "Q1",
        "revenue": 689235000,
        "costOfRevenue": 312039000,
        "grossProfit": 377196000,
        "grossProfitRatio": 0.5472676228,
        "researchAndDevelopmentExpenses": 0,
        "generalAndAdministrativeExpenses": 0,
        "sellingAndMarketingExpenses": 0,
        "sellingGeneralAndAdministrativeExpenses": 0,
        "otherExpenses": 331059000,
        "operatingExpenses": 331059000,
        "costAndExpenses": 643098000,
        "interestIncome": 0,
        "interestExpense": 0,
        "depreciationAndAmortization": 7020000,
        "ebitda": 53157000,
        "ebitdaratio": 0.0771246382,
        "operatingIncome": 46137000,
        "operatingIncomeRatio": 0.0669394328,
        "totalOtherIncomeExpensesNet": -7374000,
        "incomeBeforeTax": 38763000,
        "incomeBeforeTaxRatio": 0.0562406146,
        "incomeTaxExpense": 12583000,
        "netIncome": 26180000,
        "netIncomeRatio": 0.0379841418,
        "eps": 1.24,
        "epsdiluted": 1.24,
        "weightedAverageShsOut": 21191000,
        "weightedAverageShsOutDil": 21191000,
        "link": "https://www.sec.gov/Archives/edgar/data/1126956/000112695606000005/0001126956-06-000005-index.htm",
        "finalLink": "https://www.sec.gov/Archives/edgar/data/57183/000112695606000005/draft10qtesthtml.htm"
    },
    {
        "date": "2005-09-30",
        "symbol": "SR",
        "reportedCurrency": "USD",
        "cik": "0001126956",
        "fillingDate": "2005-11-22",
        "acceptedDate": "2005-11-22 17:30:05",
        "calendarYear": "2005",
        "period": "Q4",
        "revenue": 266665000,
        "costOfRevenue": 46284000,
        "grossProfit": 220381000,
        "grossProfitRatio": 0.8264339152,
        "researchAndDevelopmentExpenses": 0,
        "generalAndAdministrativeExpenses": 0,
        "sellingAndMarketingExpenses": 0,
        "sellingGeneralAndAdministrativeExpenses": 0,
        "otherExpenses": 220987000,
        "operatingExpenses": 220987000,
        "costAndExpenses": 267271000,
        "interestIncome": 0,
        "interestExpense": 0,
        "depreciationAndAmortization": 7043000,
        "ebitda": 6437000,
        "ebitdaratio": 0.0241389009,
        "operatingIncome": -606000,
        "operatingIncomeRatio": -0.0022725142,
        "totalOtherIncomeExpensesNet": -8201000,
        "incomeBeforeTax": -8807000,
        "incomeBeforeTaxRatio": -0.0330264564,
        "incomeTaxExpense": -3731000,
        "netIncome": -5076000,
        "netIncomeRatio": -0.019035119,
        "eps": -0.24,
        "epsdiluted": -0.24,
        "weightedAverageShsOut": 21060000,
        "weightedAverageShsOutDil": 21191000,
        "link": "https://www.sec.gov/Archives/edgar/data/1126956/000106880005000707/0001068800-05-000707-index.htm",
        "finalLink": "https://www.sec.gov/Archives/edgar/data/57183/000106880005000707/lac10k.txt"
    },
    {
        "date": "2005-06-30",
        "symbol": "SR",
        "reportedCurrency": "USD",
        "cik": "0001126956",
        "fillingDate": "2005-07-29",
        "acceptedDate": "2005-07-29 15:38:26",
        "calendarYear": "2005",
        "period": "Q3",
        "revenue": 311327000,
        "costOfRevenue": 102995000,
        "grossProfit": 208332000,
        "grossProfitRatio": 0.6691742123,
        "researchAndDevelopmentExpenses": 0,
        "generalAndAdministrativeExpenses": 0,
        "sellingAndMarketingExpenses": 0,
        "sellingGeneralAndAdministrativeExpenses": 0,
        "otherExpenses": 192836000,
        "operatingExpenses": 192836000,
        "costAndExpenses": 295831000,
        "interestIncome": 0,
        "interestExpense": 0,
        "depreciationAndAmortization": 6918000,
        "ebitda": 22414000,
        "ebitdaratio": 0.0719950406,
        "operatingIncome": 15496000,
        "operatingIncomeRatio": 0.0497740318,
        "totalOtherIncomeExpensesNet": -6597000,
        "incomeBeforeTax": 8899000,
        "incomeBeforeTaxRatio": 0.0285840933,
        "incomeTaxExpense": 2788000,
        "netIncome": 6111000,
        "netIncomeRatio": 0.019628879,
        "eps": 0.29,
        "epsdiluted": 0.29,
        "weightedAverageShsOut": 21103000,
        "weightedAverageShsOutDil": 21103000,
        "link": "https://www.sec.gov/Archives/edgar/data/1126956/000106880005000487/0001068800-05-000487-index.htm",
        "finalLink": "https://www.sec.gov/Archives/edgar/data/57183/000106880005000487/lacledq.txt"
    },
    {
        "date": "2005-03-31",
        "symbol": "SR",
        "reportedCurrency": "USD",
        "cik": "0001126956",
        "fillingDate": "2005-04-29",
        "acceptedDate": "2005-04-29 16:53:38",
        "calendarYear": "2005",
        "period": "Q2",
        "revenue": 576555000,
        "costOfRevenue": 321228000,
        "grossProfit": 255327000,
        "grossProfitRatio": 0.4428493379,
        "researchAndDevelopmentExpenses": 0,
        "generalAndAdministrativeExpenses": 0,
        "sellingAndMarketingExpenses": 0,
        "sellingGeneralAndAdministrativeExpenses": 0,
        "otherExpenses": 212353000,
        "operatingExpenses": 212353000,
        "costAndExpenses": 533581000,
        "interestIncome": 0,
        "interestExpense": 0,
        "depreciationAndAmortization": 6590000,
        "ebitda": 49564000,
        "ebitdaratio": 0.0859657795,
        "operatingIncome": 42974000,
        "operatingIncomeRatio": 0.0745358205,
        "totalOtherIncomeExpensesNet": -7948000,
        "incomeBeforeTax": 35026000,
        "incomeBeforeTaxRatio": 0.0607504921,
        "incomeTaxExpense": 12568000,
        "netIncome": 22458000,
        "netIncomeRatio": 0.0389520514,
        "eps": 1.07,
        "epsdiluted": 1.06,
        "weightedAverageShsOut": 21060000,
        "weightedAverageShsOutDil": 21172642,
        "link": "https://www.sec.gov/Archives/edgar/data/1126956/000106880005000289/0001068800-05-000289-index.htm",
        "finalLink": "https://www.sec.gov/Archives/edgar/data/57183/000106880005000289/lac10q.txt"
    },
    {
        "date": "2004-12-31",
        "symbol": "SR",
        "reportedCurrency": "USD",
        "cik": "0001126956",
        "fillingDate": "2005-01-28",
        "acceptedDate": "2005-01-28 16:21:05",
        "calendarYear": "2005",
        "period": "Q1",
        "revenue": 442485000,
        "costOfRevenue": 206424000,
        "grossProfit": 236061000,
        "grossProfitRatio": 0.5334892708,
        "researchAndDevelopmentExpenses": 0,
        "generalAndAdministrativeExpenses": 0,
        "sellingAndMarketingExpenses": 0,
        "sellingGeneralAndAdministrativeExpenses": 0,
        "otherExpenses": 204096000,
        "operatingExpenses": 204096000,
        "costAndExpenses": 410520000,
        "interestIncome": 0,
        "interestExpense": 0,
        "depreciationAndAmortization": 6094000,
        "ebitda": 38059000,
        "ebitdaratio": 0.0860119552,
        "operatingIncome": 31965000,
        "operatingIncomeRatio": 0.0722397369,
        "totalOtherIncomeExpensesNet": -6197000,
        "incomeBeforeTax": 25768000,
        "incomeBeforeTaxRatio": 0.0582347424,
        "incomeTaxExpense": 9136000,
        "netIncome": 16632000,
        "netIncomeRatio": 0.0375877148,
        "eps": 0.79,
        "epsdiluted": 0.79,
        "weightedAverageShsOut": 21018000,
        "weightedAverageShsOutDil": 21018000,
        "link": "https://www.sec.gov/Archives/edgar/data/1126956/000106880005000053/0001068800-05-000053-index.htm",
        "finalLink": "https://www.sec.gov/Archives/edgar/data/57183/000106880005000053/lacledeq.txt"
    },
    {
        "date": "2004-09-30",
        "symbol": "SR",
        "reportedCurrency": "USD",
        "cik": "0001126956",
        "fillingDate": "2004-11-19",
        "acceptedDate": "2004-11-19 16:46:29",
        "calendarYear": "2004",
        "period": "Q4",
        "revenue": 197668000,
        "costOfRevenue": 43277000,
        "grossProfit": 154391000,
        "grossProfitRatio": 0.7810621851,
        "researchAndDevelopmentExpenses": 0,
        "generalAndAdministrativeExpenses": 0,
        "sellingAndMarketingExpenses": 0,
        "sellingGeneralAndAdministrativeExpenses": 0,
        "otherExpenses": 157238000,
        "operatingExpenses": 157238000,
        "costAndExpenses": 200515000,
        "interestIncome": 0,
        "interestExpense": 0,
        "depreciationAndAmortization": 5738000,
        "ebitda": 2891000,
        "ebitdaratio": 0.0146255337,
        "operatingIncome": -2847000,
        "operatingIncomeRatio": -0.0144029383,
        "totalOtherIncomeExpensesNet": -7470000,
        "incomeBeforeTax": -10317000,
        "incomeBeforeTaxRatio": -0.0521935771,
        "incomeTaxExpense": -4510000,
        "netIncome": -5807000,
        "netIncomeRatio": -0.0293775421,
        "eps": -0.28,
        "epsdiluted": -0.28,
        "weightedAverageShsOut": 21018000,
        "weightedAverageShsOutDil": 21018000,
        "link": "https://www.sec.gov/Archives/edgar/data/1126956/000106880004000659/0001068800-04-000659-index.htm",
        "finalLink": "https://www.sec.gov/Archives/edgar/data/57183/000106880004000659/form10k.txt"
    },
    {
        "date": "2004-06-30",
        "symbol": "SR",
        "reportedCurrency": "USD",
        "cik": "0001126956",
        "fillingDate": "2004-07-30",
        "acceptedDate": "2004-07-30 17:05:23",
        "calendarYear": "2004",
        "period": "Q3",
        "revenue": 245060000,
        "costOfRevenue": 68855000,
        "grossProfit": 176205000,
        "grossProfitRatio": 0.7190279931,
        "researchAndDevelopmentExpenses": 0,
        "generalAndAdministrativeExpenses": 0,
        "sellingAndMarketingExpenses": 0,
        "sellingGeneralAndAdministrativeExpenses": 0,
        "otherExpenses": 162650000,
        "operatingExpenses": 162650000,
        "costAndExpenses": 231505000,
        "interestIncome": 0,
        "interestExpense": 0,
        "depreciationAndAmortization": 6660000,
        "ebitda": 20215000,
        "ebitdaratio": 0.0824900024,
        "operatingIncome": 13555000,
        "operatingIncomeRatio": 0.0553129846,
        "totalOtherIncomeExpensesNet": -7600000,
        "incomeBeforeTax": 5955000,
        "incomeBeforeTaxRatio": 0.0243001714,
        "incomeTaxExpense": 2192000,
        "netIncome": 3763000,
        "netIncomeRatio": 0.0153554232,
        "eps": 0.19,
        "epsdiluted": 0.19,
        "weightedAverageShsOut": 19863000,
        "weightedAverageShsOutDil": 19863000,
        "link": "https://www.sec.gov/Archives/edgar/data/1126956/000106880004000464/0001068800-04-000464-index.htm",
        "finalLink": "https://www.sec.gov/Archives/edgar/data/57183/000106880004000464/lac10q.txt"
    },
    {
        "date": "2004-03-31",
        "symbol": "SR",
        "reportedCurrency": "USD",
        "cik": "0001126956",
        "fillingDate": "2004-04-30",
        "acceptedDate": "2004-04-30 15:34:03",
        "calendarYear": "2004",
        "period": "Q2",
        "revenue": 474955000,
        "costOfRevenue": 288284000,
        "grossProfit": 186671000,
        "grossProfitRatio": 0.3930288133,
        "researchAndDevelopmentExpenses": 0,
        "generalAndAdministrativeExpenses": 0,
        "sellingAndMarketingExpenses": 0,
        "sellingGeneralAndAdministrativeExpenses": 0,
        "otherExpenses": 148212000,
        "operatingExpenses": 148212000,
        "costAndExpenses": 436496000,
        "interestIncome": 0,
        "interestExpense": 0,
        "depreciationAndAmortization": 6619000,
        "ebitda": 45078000,
        "ebitdaratio": 0.0949100441,
        "operatingIncome": 38459000,
        "operatingIncomeRatio": 0.080973987,
        "totalOtherIncomeExpensesNet": -4776000,
        "incomeBeforeTax": 33683000,
        "incomeBeforeTaxRatio": 0.0709182975,
        "incomeTaxExpense": 12128000,
        "netIncome": 21555000,
        "netIncomeRatio": 0.0453832468,
        "eps": 1.12,
        "epsdiluted": 1.12,
        "weightedAverageShsOut": 19167000,
        "weightedAverageShsOutDil": 19167000,
        "link": "https://www.sec.gov/Archives/edgar/data/1126956/000106880004000301/0001068800-04-000301-index.htm",
        "finalLink": "https://www.sec.gov/Archives/edgar/data/57183/000106880004000301/lac10q.txt"
    },
    {
        "date": "2003-12-31",
        "symbol": "SR",
        "reportedCurrency": "USD",
        "cik": "0001126956",
        "fillingDate": "2004-01-30",
        "acceptedDate": "2004-01-30 16:07:52",
        "calendarYear": "2004",
        "period": "Q1",
        "revenue": 332637000,
        "costOfRevenue": 175275000,
        "grossProfit": 157362000,
        "grossProfitRatio": 0.4730742521,
        "researchAndDevelopmentExpenses": 0,
        "generalAndAdministrativeExpenses": 0,
        "sellingAndMarketingExpenses": 0,
        "sellingGeneralAndAdministrativeExpenses": 0,
        "otherExpenses": 126088000,
        "operatingExpenses": 126088000,
        "costAndExpenses": 301363000,
        "interestIncome": 0,
        "interestExpense": 0,
        "depreciationAndAmortization": 6555000,
        "ebitda": 37949000,
        "ebitdaratio": 0.1140853242,
        "operatingIncome": 31274000,
        "operatingIncomeRatio": 0.0940184044,
        "totalOtherIncomeExpensesNet": -5333000,
        "incomeBeforeTax": 26061000,
        "incomeBeforeTaxRatio": 0.0783466662,
        "incomeTaxExpense": 9454000,
        "netIncome": 16607000,
        "netIncomeRatio": 0.0499252939,
        "eps": 0.87,
        "epsdiluted": 0.87,
        "weightedAverageShsOut": 19116000,
        "weightedAverageShsOutDil": 19116000,
        "link": "https://www.sec.gov/Archives/edgar/data/1126956/000106880004000061/0001068800-04-000061-index.htm",
        "finalLink": "https://www.sec.gov/Archives/edgar/data/57183/000106880004000061/lac10q.txt"
    },
    {
        "date": "2003-09-30",
        "symbol": "SR",
        "reportedCurrency": "USD",
        "cik": "0001126956",
        "fillingDate": "2003-11-21",
        "acceptedDate": "2003-11-21 16:37:44",
        "calendarYear": "2003",
        "period": "Q4",
        "revenue": 161385000,
        "costOfRevenue": 41688000,
        "grossProfit": 119697000,
        "grossProfitRatio": 0.7416860303,
        "researchAndDevelopmentExpenses": 0,
        "generalAndAdministrativeExpenses": 0,
        "sellingAndMarketingExpenses": 0,
        "sellingGeneralAndAdministrativeExpenses": 0,
        "otherExpenses": 121299000,
        "operatingExpenses": 121299000,
        "costAndExpenses": 162987000,
        "interestIncome": 0,
        "interestExpense": 0,
        "depreciationAndAmortization": 6714000,
        "ebitda": 5112000,
        "ebitdaratio": 0.0316758063,
        "operatingIncome": -1602000,
        "operatingIncomeRatio": -0.0099265731,
        "totalOtherIncomeExpensesNet": -6468000,
        "incomeBeforeTax": -8070000,
        "incomeBeforeTaxRatio": -0.0500046473,
        "incomeTaxExpense": -3983000,
        "netIncome": -4087000,
        "netIncomeRatio": -0.0253245345,
        "eps": -0.22,
        "epsdiluted": -0.21,
        "weightedAverageShsOut": 19004989,
        "weightedAverageShsOutDil": 19116000,
        "link": "https://www.sec.gov/Archives/edgar/data/1126956/000106880003000679/0001068800-03-000679-index.htm",
        "finalLink": "https://www.sec.gov/Archives/edgar/data/57183/000106880003000679/lac10k.txt"
    },
    {
        "date": "2003-06-30",
        "symbol": "SR",
        "reportedCurrency": "USD",
        "cik": "0001126956",
        "fillingDate": "2003-07-25",
        "acceptedDate": "2003-07-25 15:42:19",
        "calendarYear": "2003",
        "period": "Q3",
        "revenue": 186595000,
        "costOfRevenue": 60293000,
        "grossProfit": 126302000,
        "grossProfitRatio": 0.6768777298,
        "researchAndDevelopmentExpenses": 0,
        "generalAndAdministrativeExpenses": 0,
        "sellingAndMarketingExpenses": 0,
        "sellingGeneralAndAdministrativeExpenses": 0,
        "otherExpenses": 117179000,
        "operatingExpenses": 117179000,
        "costAndExpenses": 177472000,
        "interestIncome": 0,
        "interestExpense": 0,
        "depreciationAndAmortization": 6113000,
        "ebitda": 15310000,
        "ebitdaratio": 0.0820493582,
        "operatingIncome": 9123000,
        "operatingIncomeRatio": 0.0488919853,
        "totalOtherIncomeExpensesNet": -6689000,
        "incomeBeforeTax": 2514000,
        "incomeBeforeTaxRatio": 0.0134730298,
        "incomeTaxExpense": 476000,
        "netIncome": 2038000,
        "netIncomeRatio": 0.0109220504,
        "eps": 0.11,
        "epsdiluted": 0.11,
        "weightedAverageShsOut": 19044000,
        "weightedAverageShsOutDil": 19044000,
        "link": "https://www.sec.gov/Archives/edgar/data/1126956/000106880003000479/0001068800-03-000479-index.htm",
        "finalLink": "https://www.sec.gov/Archives/edgar/data/57183/000106880003000479/lac10q.txt"
    },
    {
        "date": "2003-03-31",
        "symbol": "SR",
        "reportedCurrency": "USD",
        "cik": "0001126956",
        "fillingDate": "2003-04-25",
        "acceptedDate": "2003-04-25 15:31:57",
        "calendarYear": "2003",
        "period": "Q2",
        "revenue": 422179000,
        "costOfRevenue": 247918000,
        "grossProfit": 174261000,
        "grossProfitRatio": 0.4127656752,
        "researchAndDevelopmentExpenses": 0,
        "generalAndAdministrativeExpenses": 0,
        "sellingAndMarketingExpenses": 0,
        "sellingGeneralAndAdministrativeExpenses": 0,
        "otherExpenses": 131373000,
        "operatingExpenses": 131373000,
        "costAndExpenses": 379291000,
        "interestIncome": 0,
        "interestExpense": 0,
        "depreciationAndAmortization": 6431000,
        "ebitda": 48759000,
        "ebitdaratio": 0.115493665,
        "operatingIncome": 42888000,
        "operatingIncomeRatio": 0.1015872414,
        "totalOtherIncomeExpensesNet": -7065000,
        "incomeBeforeTax": 35257000,
        "incomeBeforeTaxRatio": 0.08351197,
        "incomeTaxExpense": 13687000,
        "netIncome": 21570000,
        "netIncomeRatio": 0.0510920723,
        "eps": 1.14,
        "epsdiluted": 1.14,
        "weightedAverageShsOut": 19002000,
        "weightedAverageShsOutDil": 19002000,
        "link": "https://www.sec.gov/Archives/edgar/data/1126956/000106880003000298/0001068800-03-000298-index.htm",
        "finalLink": "https://www.sec.gov/Archives/edgar/data/57183/000106880003000298/tenq.txt"
    },
    {
        "date": "2002-12-31",
        "symbol": "SR",
        "reportedCurrency": "USD",
        "cik": "0001126956",
        "fillingDate": "2003-01-31",
        "acceptedDate": "2003-01-31 15:30:25",
        "calendarYear": "2003",
        "period": "Q1",
        "revenue": 280171000,
        "costOfRevenue": 133843000,
        "grossProfit": 146328000,
        "grossProfitRatio": 0.5222810355,
        "researchAndDevelopmentExpenses": 0,
        "generalAndAdministrativeExpenses": 0,
        "sellingAndMarketingExpenses": 0,
        "sellingGeneralAndAdministrativeExpenses": 0,
        "otherExpenses": 117095000,
        "operatingExpenses": 117095000,
        "costAndExpenses": 250938000,
        "interestIncome": 0,
        "interestExpense": 0,
        "depreciationAndAmortization": 6357000,
        "ebitda": 35590000,
        "ebitdaratio": 0.1270295641,
        "operatingIncome": 29233000,
        "operatingIncomeRatio": 0.1043398496,
        "totalOtherIncomeExpensesNet": -5666000,
        "incomeBeforeTax": 23567000,
        "incomeBeforeTaxRatio": 0.084116486,
        "incomeTaxExpense": 8472000,
        "netIncome": 15095000,
        "netIncomeRatio": 0.0538778103,
        "eps": 0.8,
        "epsdiluted": 0.8,
        "weightedAverageShsOut": 18961000,
        "weightedAverageShsOutDil": 18961000,
        "link": "https://www.sec.gov/Archives/edgar/data/1126956/000106880003000047/0001068800-03-000047-index.htm",
        "finalLink": "https://www.sec.gov/Archives/edgar/data/57183/000106880003000047/lacledq.txt"
    },
    {
        "date": "2002-09-30",
        "symbol": "SR",
        "reportedCurrency": "USD",
        "cik": "0001126956",
        "fillingDate": "2002-12-05",
        "acceptedDate": "2002-12-05 12:22:57",
        "calendarYear": "2002",
        "period": "Q4",
        "revenue": 125851000,
        "costOfRevenue": 26771000,
        "grossProfit": 99080000,
        "grossProfitRatio": 0.7872801964,
        "researchAndDevelopmentExpenses": 0,
        "generalAndAdministrativeExpenses": 0,
        "sellingAndMarketingExpenses": 0,
        "sellingGeneralAndAdministrativeExpenses": 0,
        "otherExpenses": 101077000,
        "operatingExpenses": 101077000,
        "costAndExpenses": 127848000,
        "interestIncome": 0,
        "interestExpense": 0,
        "depreciationAndAmortization": 7344000,
        "ebitda": 5347000,
        "ebitdaratio": 0.0424867502,
        "operatingIncome": -1997000,
        "operatingIncomeRatio": -0.0158679709,
        "totalOtherIncomeExpensesNet": -6321000,
        "incomeBeforeTax": -8318000,
        "incomeBeforeTaxRatio": -0.0660940318,
        "incomeTaxExpense": -3103000,
        "netIncome": -5215000,
        "netIncomeRatio": -0.0414378908,
        "eps": -0.28,
        "epsdiluted": -0.28,
        "weightedAverageShsOut": 18918000,
        "weightedAverageShsOutDil": 18961000,
        "link": "https://www.sec.gov/Archives/edgar/data/1126956/000106880002000370/0001068800-02-000370-index.htm",
        "finalLink": "https://www.sec.gov/Archives/edgar/data/57183/000106880002000370/form10k.txt"
    },
    {
        "date": "2002-06-30",
        "symbol": "SR",
        "reportedCurrency": "USD",
        "cik": "0001126956",
        "fillingDate": "2002-07-26",
        "acceptedDate": "2002-07-26 16:56:12",
        "calendarYear": "2002",
        "period": "Q3",
        "revenue": 147281000,
        "costOfRevenue": 41565000,
        "grossProfit": 105716000,
        "grossProfitRatio": 0.7177843714,
        "researchAndDevelopmentExpenses": 0,
        "generalAndAdministrativeExpenses": 0,
        "sellingAndMarketingExpenses": 0,
        "sellingGeneralAndAdministrativeExpenses": 0,
        "otherExpenses": 101732000,
        "operatingExpenses": 101732000,
        "costAndExpenses": 143297000,
        "interestIncome": 0,
        "interestExpense": 0,
        "depreciationAndAmortization": 5726000,
        "ebitda": 10090000,
        "ebitdaratio": 0.0685084974,
        "operatingIncome": 3984000,
        "operatingIncomeRatio": 0.0270503324,
        "totalOtherIncomeExpensesNet": -6410000,
        "incomeBeforeTax": -2426000,
        "incomeBeforeTaxRatio": -0.0164719142,
        "incomeTaxExpense": -1532000,
        "netIncome": -894000,
        "netIncomeRatio": -0.0060700294,
        "eps": -0.0474,
        "epsdiluted": -0.0474,
        "weightedAverageShsOut": 18878000,
        "weightedAverageShsOutDil": 18878000,
        "link": "https://www.sec.gov/Archives/edgar/data/1126956/000106880002000199/0001068800-02-000199-index.htm",
        "finalLink": "https://www.sec.gov/Archives/edgar/data/57183/000106880002000199/tenq.txt"
    },
    {
        "date": "2002-03-31",
        "symbol": "SR",
        "reportedCurrency": "USD",
        "cik": "0001126956",
        "fillingDate": "2002-04-26",
        "acceptedDate": "2002-04-26 00:00:00",
        "calendarYear": "2002",
        "period": "Q2",
        "revenue": 257398000,
        "costOfRevenue": 156115000,
        "grossProfit": 101283000,
        "grossProfitRatio": 0.3934879059,
        "researchAndDevelopmentExpenses": 0,
        "generalAndAdministrativeExpenses": 0,
        "sellingAndMarketingExpenses": 0,
        "sellingGeneralAndAdministrativeExpenses": 0,
        "otherExpenses": 58217000,
        "operatingExpenses": 58217000,
        "costAndExpenses": 214332000,
        "interestIncome": 0,
        "interestExpense": 0,
        "depreciationAndAmortization": 6571000,
        "ebitda": 46970000,
        "ebitdaratio": 0.1824800504,
        "operatingIncome": 43066000,
        "operatingIncomeRatio": 0.1673128773,
        "totalOtherIncomeExpensesNet": -4009000,
        "incomeBeforeTax": 36450000,
        "incomeBeforeTaxRatio": 0.1416094919,
        "incomeTaxExpense": 13869000,
        "netIncome": 22581000,
        "netIncomeRatio": 0.0877279544,
        "eps": 1.2,
        "epsdiluted": 1.2,
        "weightedAverageShsOut": 18878000,
        "weightedAverageShsOutDil": 18878000,
        "link": "https://www.sec.gov/Archives/edgar/data/1126956/000106880002000104/0001068800-02-000104-index.htm",
        "finalLink": "https://www.sec.gov/Archives/edgar/data/57183/000106880002000104/tenq.txt"
    },
    {
        "date": "2001-12-31",
        "symbol": "SR",
        "reportedCurrency": "USD",
        "cik": "0001126956",
        "fillingDate": "2002-01-25",
        "acceptedDate": "2002-01-25 00:00:00",
        "calendarYear": "2002",
        "period": "Q1",
        "revenue": 194644000,
        "costOfRevenue": 115594000,
        "grossProfit": 79050000,
        "grossProfitRatio": 0.4061260558,
        "researchAndDevelopmentExpenses": 0,
        "generalAndAdministrativeExpenses": 0,
        "sellingAndMarketingExpenses": 0,
        "sellingGeneralAndAdministrativeExpenses": 0,
        "otherExpenses": 61734000,
        "operatingExpenses": 61734000,
        "costAndExpenses": 177328000,
        "interestIncome": 0,
        "interestExpense": 0,
        "depreciationAndAmortization": 6582000,
        "ebitda": 23958000,
        "ebitdaratio": 0.1230862498,
        "operatingIncome": 17316000,
        "operatingIncomeRatio": 0.0889624134,
        "totalOtherIncomeExpensesNet": -5661000,
        "incomeBeforeTax": 11655000,
        "incomeBeforeTaxRatio": 0.0598785475,
        "incomeTaxExpense": 3936000,
        "netIncome": 7719000,
        "netIncomeRatio": 0.0396570149,
        "eps": 0.41,
        "epsdiluted": 0.41,
        "weightedAverageShsOut": 18878000,
        "weightedAverageShsOutDil": 18878000,
        "link": "https://www.sec.gov/Archives/edgar/data/1126956/000106880002000005/0001068800-02-000005-index.htm",
        "finalLink": "https://www.sec.gov/Archives/edgar/data/57183/000106880002000005/lac10q.txt"
    },
    {
        "date": "2001-09-30",
        "symbol": "SR",
        "reportedCurrency": "USD",
        "cik": "0001126956",
        "fillingDate": "2001-12-21",
        "acceptedDate": "2001-12-21 00:00:00",
        "calendarYear": "2001",
        "period": "Q4",
        "revenue": 91441000,
        "costOfRevenue": 38868000,
        "grossProfit": 52573000,
        "grossProfitRatio": 0.5749390317,
        "researchAndDevelopmentExpenses": 0,
        "generalAndAdministrativeExpenses": 0,
        "sellingAndMarketingExpenses": 0,
        "sellingGeneralAndAdministrativeExpenses": 0,
        "otherExpenses": 56217000,
        "operatingExpenses": 56217000,
        "costAndExpenses": 95085000,
        "interestIncome": 0,
        "interestExpense": 0,
        "depreciationAndAmortization": 6630000,
        "ebitda": 2986000,
        "ebitdaratio": 0.032654936,
        "operatingIncome": -3644000,
        "operatingIncomeRatio": -0.0398508328,
        "totalOtherIncomeExpensesNet": -6230000,
        "incomeBeforeTax": -9874000,
        "incomeBeforeTaxRatio": -0.1079821962,
        "incomeTaxExpense": -4795000,
        "netIncome": -5079000,
        "netIncomeRatio": -0.055544012,
        "eps": -0.27,
        "epsdiluted": -0.27,
        "weightedAverageShsOut": 18878000,
        "weightedAverageShsOutDil": 18878000,
        "link": "https://www.sec.gov/Archives/edgar/data/1126956/000106880001500324/0001068800-01-500324-index.htm",
        "finalLink": "https://www.sec.gov/Archives/edgar/data/57183/000106880001500324/lac10k.txt"
    },
    {
        "date": "2001-06-30",
        "symbol": "SR",
        "reportedCurrency": "USD",
        "cik": "0001126956",
        "fillingDate": "2001-06-30",
        "acceptedDate": "2001-06-29 20:00:00",
        "calendarYear": "2001",
        "period": "Q3",
        "revenue": 122901000,
        "costOfRevenue": 62737000,
        "grossProfit": 60164000,
        "grossProfitRatio": 0.4895322251,
        "researchAndDevelopmentExpenses": 0,
        "generalAndAdministrativeExpenses": 0,
        "sellingAndMarketingExpenses": 0,
        "sellingGeneralAndAdministrativeExpenses": 0,
        "otherExpenses": 60914000,
        "operatingExpenses": 60914000,
        "costAndExpenses": 123651000,
        "interestIncome": 0,
        "interestExpense": 0,
        "depreciationAndAmortization": 6647000,
        "ebitda": 5897000,
        "ebitdaratio": 0.0479817089,
        "operatingIncome": -750000,
        "operatingIncomeRatio": -0.0061024727,
        "totalOtherIncomeExpensesNet": -6875000,
        "incomeBeforeTax": -7625000,
        "incomeBeforeTaxRatio": -0.062041806,
        "incomeTaxExpense": -3952000,
        "netIncome": -3673000,
        "netIncomeRatio": -0.0298858431,
        "eps": -0.19,
        "epsdiluted": -0.19,
        "weightedAverageShsOut": 18878000,
        "weightedAverageShsOutDil": 18878000,
        "link": "",
        "finalLink": ""
    },
    {
        "date": "2001-03-31",
        "symbol": "SR",
        "reportedCurrency": "USD",
        "cik": "0001126956",
        "fillingDate": "2001-03-31",
        "acceptedDate": "2001-03-30 19:00:00",
        "calendarYear": "2001",
        "period": "Q2",
        "revenue": 442742000,
        "costOfRevenue": 310824000,
        "grossProfit": 131918000,
        "grossProfitRatio": 0.2979568236,
        "researchAndDevelopmentExpenses": 0,
        "generalAndAdministrativeExpenses": 0,
        "sellingAndMarketingExpenses": 0,
        "sellingGeneralAndAdministrativeExpenses": 0,
        "otherExpenses": 90946000,
        "operatingExpenses": 90946000,
        "costAndExpenses": 401770000,
        "interestIncome": 0,
        "interestExpense": 0,
        "depreciationAndAmortization": 6604000,
        "ebitda": 47576000,
        "ebitdaratio": 0.1074576164,
        "operatingIncome": 40972000,
        "operatingIncomeRatio": 0.0925414801,
        "totalOtherIncomeExpensesNet": -7317000,
        "incomeBeforeTax": 33655000,
        "incomeBeforeTaxRatio": 0.0760149252,
        "incomeTaxExpense": 12948000,
        "netIncome": 20707000,
        "netIncomeRatio": 0.0467699021,
        "eps": 1.1,
        "epsdiluted": 1.1,
        "weightedAverageShsOut": 18877987,
        "weightedAverageShsOutDil": 18877987,
        "link": "",
        "finalLink": ""
    },
    {
        "date": "2000-12-31",
        "symbol": "SR",
        "reportedCurrency": "USD",
        "cik": "0001126956",
        "fillingDate": "2000-12-31",
        "acceptedDate": "2000-12-30 19:00:00",
        "calendarYear": "2001",
        "period": "Q1",
        "revenue": 345025000,
        "costOfRevenue": 233332000,
        "grossProfit": 111693000,
        "grossProfitRatio": 0.3237243678,
        "researchAndDevelopmentExpenses": 0,
        "generalAndAdministrativeExpenses": 0,
        "sellingAndMarketingExpenses": 0,
        "sellingGeneralAndAdministrativeExpenses": 0,
        "otherExpenses": 55381000,
        "operatingExpenses": 55381000,
        "costAndExpenses": 288713000,
        "interestIncome": 0,
        "interestExpense": 0,
        "depreciationAndAmortization": 6544000,
        "ebitda": 62856000,
        "ebitdaratio": 0.182178103,
        "operatingIncome": 56312000,
        "operatingIncomeRatio": 0.1632113615,
        "totalOtherIncomeExpensesNet": -27165000,
        "incomeBeforeTax": 29147000,
        "incomeBeforeTaxRatio": 0.0844779364,
        "incomeTaxExpense": 10630000,
        "netIncome": 18517000,
        "netIncomeRatio": 0.0536685747,
        "eps": 0.98,
        "epsdiluted": 0.98,
        "weightedAverageShsOut": 18878000,
        "weightedAverageShsOutDil": 18878000,
        "link": "",
        "finalLink": ""
    },
    {
        "date": "2000-09-30",
        "symbol": "SR",
        "reportedCurrency": "USD",
        "cik": "0001126956",
        "fillingDate": "2000-09-30",
        "acceptedDate": "2000-09-29 20:00:00",
        "calendarYear": "2000",
        "period": "Q4",
        "revenue": 81046000,
        "costOfRevenue": 31603000,
        "grossProfit": 49443000,
        "grossProfitRatio": 0.610060953,
        "researchAndDevelopmentExpenses": 0,
        "generalAndAdministrativeExpenses": 0,
        "sellingAndMarketingExpenses": 0,
        "sellingGeneralAndAdministrativeExpenses": 0,
        "otherExpenses": 15959000,
        "operatingExpenses": 15959000,
        "costAndExpenses": 47562000,
        "interestIncome": 0,
        "interestExpense": 0,
        "depreciationAndAmortization": 6468000,
        "ebitda": 39952000,
        "ebitdaratio": 0.4929546184,
        "operatingIncome": 33484000,
        "operatingIncomeRatio": 0.4131480887,
        "totalOtherIncomeExpensesNet": -40533000,
        "incomeBeforeTax": -7049000,
        "incomeBeforeTaxRatio": -0.086975298,
        "incomeTaxExpense": -3657000,
        "netIncome": -3392000,
        "netIncomeRatio": -0.041852775,
        "eps": -0.18,
        "epsdiluted": -0.18,
        "weightedAverageShsOut": 18878000,
        "weightedAverageShsOutDil": 18878000,
        "link": "",
        "finalLink": ""
    },
    {
        "date": "2000-06-30",
        "symbol": "SR",
        "reportedCurrency": "USD",
        "cik": "0001126956",
        "fillingDate": "2000-06-30",
        "acceptedDate": "2000-06-29 20:00:00",
        "calendarYear": "2000",
        "period": "Q3",
        "revenue": 95314000,
        "costOfRevenue": 40274000,
        "grossProfit": 55040000,
        "grossProfitRatio": 0.5774597646,
        "researchAndDevelopmentExpenses": 0,
        "generalAndAdministrativeExpenses": 0,
        "sellingAndMarketingExpenses": 0,
        "sellingGeneralAndAdministrativeExpenses": 0,
        "otherExpenses": 49408000,
        "operatingExpenses": 49408000,
        "costAndExpenses": 89682000,
        "interestIncome": 0,
        "interestExpense": 0,
        "depreciationAndAmortization": 6421000,
        "ebitda": 12040000,
        "ebitdaratio": 0.1263193235,
        "operatingIncome": 5632000,
        "operatingIncomeRatio": 0.0590889061,
        "totalOtherIncomeExpensesNet": -5654000,
        "incomeBeforeTax": -35000,
        "incomeBeforeTaxRatio": -0.0003672073,
        "incomeTaxExpense": -357000,
        "netIncome": 322000,
        "netIncomeRatio": 0.0033783075,
        "eps": 0.0171,
        "epsdiluted": 0.0171,
        "weightedAverageShsOut": 18878000,
        "weightedAverageShsOutDil": 18878000,
        "link": "",
        "finalLink": ""
    },
    {
        "date": "2000-03-31",
        "symbol": "SR",
        "reportedCurrency": "USD",
        "cik": "0001126956",
        "fillingDate": "2000-03-31",
        "acceptedDate": "2000-03-30 19:00:00",
        "calendarYear": "2000",
        "period": "Q2",
        "revenue": 238334000,
        "costOfRevenue": 141790000,
        "grossProfit": 96544000,
        "grossProfitRatio": 0.4050785872,
        "researchAndDevelopmentExpenses": 0,
        "generalAndAdministrativeExpenses": 0,
        "sellingAndMarketingExpenses": 0,
        "sellingGeneralAndAdministrativeExpenses": 0,
        "otherExpenses": 58090000,
        "operatingExpenses": 58090000,
        "costAndExpenses": 199880000,
        "interestIncome": 0,
        "interestExpense": 0,
        "depreciationAndAmortization": 6490000,
        "ebitda": 44944000,
        "ebitdaratio": 0.1885756963,
        "operatingIncome": 38454000,
        "operatingIncomeRatio": 0.1613450032,
        "totalOtherIncomeExpensesNet": -6102000,
        "incomeBeforeTax": 32336000,
        "incomeBeforeTaxRatio": 0.135675145,
        "incomeTaxExpense": 12882000,
        "netIncome": 19454000,
        "netIncomeRatio": 0.0816249465,
        "eps": 1.03,
        "epsdiluted": 1.03,
        "weightedAverageShsOut": 18878000,
        "weightedAverageShsOutDil": 18878000,
        "link": "",
        "finalLink": ""
    },
    {
        "date": "1999-12-31",
        "symbol": "SR",
        "reportedCurrency": "USD",
        "cik": "0001126956",
        "fillingDate": "1999-12-31",
        "acceptedDate": "1999-12-30 19:00:00",
        "calendarYear": "2000",
        "period": "Q1",
        "revenue": 151400000,
        "costOfRevenue": 81600000,
        "grossProfit": 69800000,
        "grossProfitRatio": 0.4610303831,
        "researchAndDevelopmentExpenses": 0,
        "generalAndAdministrativeExpenses": 0,
        "sellingAndMarketingExpenses": 0,
        "sellingGeneralAndAdministrativeExpenses": 0,
        "otherExpenses": 43300000,
        "operatingExpenses": 43300000,
        "costAndExpenses": 124900000,
        "interestIncome": 0,
        "interestExpense": 0,
        "depreciationAndAmortization": 11300000,
        "ebitda": 37800000,
        "ebitdaratio": 0.249669749,
        "operatingIncome": 26500000,
        "operatingIncomeRatio": 0.1750330251,
        "totalOtherIncomeExpensesNet": -11700000,
        "incomeBeforeTax": 14800000,
        "incomeBeforeTaxRatio": 0.0977542933,
        "incomeTaxExpense": 5200000,
        "netIncome": 9600000,
        "netIncomeRatio": 0.0634081902,
        "eps": 0.51,
        "epsdiluted": 0.51,
        "weightedAverageShsOut": 18823529,
        "weightedAverageShsOutDil": 18823529,
        "link": "",
        "finalLink": ""
    },
    {
        "date": "1999-09-30",
        "symbol": "SR",
        "reportedCurrency": "USD",
        "cik": "0001126956",
        "fillingDate": "1999-09-30",
        "acceptedDate": "1999-09-29 20:00:00",
        "calendarYear": "1999",
        "period": "Q4",
        "revenue": 56700000,
        "costOfRevenue": 14100000,
        "grossProfit": 42600000,
        "grossProfitRatio": 0.7513227513,
        "researchAndDevelopmentExpenses": 0,
        "generalAndAdministrativeExpenses": 0,
        "sellingAndMarketingExpenses": 0,
        "sellingGeneralAndAdministrativeExpenses": 0,
        "otherExpenses": 35800000,
        "operatingExpenses": 35800000,
        "costAndExpenses": 49900000,
        "interestIncome": 0,
        "interestExpense": 0,
        "depreciationAndAmortization": 14400000,
        "ebitda": 21200000,
        "ebitdaratio": 0.3738977072,
        "operatingIncome": 6800000,
        "operatingIncomeRatio": 0.1199294533,
        "totalOtherIncomeExpensesNet": -13600000,
        "incomeBeforeTax": -6800000,
        "incomeBeforeTaxRatio": -0.1199294533,
        "incomeTaxExpense": -2900000,
        "netIncome": -3900000,
        "netIncomeRatio": -0.0687830688,
        "eps": -0.2,
        "epsdiluted": -0.19,
        "weightedAverageShsOut": 19236513,
        "weightedAverageShsOutDil": 20000000,
        "link": "",
        "finalLink": ""
    },
    {
        "date": "1999-06-30",
        "symbol": "SR",
        "reportedCurrency": "USD",
        "cik": "0001126956",
        "fillingDate": "1999-06-30",
        "acceptedDate": "1999-06-29 20:00:00",
        "calendarYear": "1999",
        "period": "Q3",
        "revenue": 70400000,
        "costOfRevenue": 24600000,
        "grossProfit": 45800000,
        "grossProfitRatio": 0.6505681818,
        "researchAndDevelopmentExpenses": 0,
        "generalAndAdministrativeExpenses": 0,
        "sellingAndMarketingExpenses": 0,
        "sellingGeneralAndAdministrativeExpenses": 0,
        "otherExpenses": 37800000,
        "operatingExpenses": 37800000,
        "costAndExpenses": 62400000,
        "interestIncome": 0,
        "interestExpense": 0,
        "depreciationAndAmortization": 9300000,
        "ebitda": 17300000,
        "ebitdaratio": 0.2457386364,
        "operatingIncome": 8000000,
        "operatingIncomeRatio": 0.1136363636,
        "totalOtherIncomeExpensesNet": -8700000,
        "incomeBeforeTax": -700000,
        "incomeBeforeTaxRatio": -0.0099431818,
        "incomeTaxExpense": -900000,
        "netIncome": 200000,
        "netIncomeRatio": 0.0028409091,
        "eps": 0.01,
        "epsdiluted": 0.01,
        "weightedAverageShsOut": 20000000,
        "weightedAverageShsOutDil": 20000000,
        "link": "",
        "finalLink": ""
    },
    {
        "date": "1999-03-31",
        "symbol": "SR",
        "reportedCurrency": "USD",
        "cik": "0001126956",
        "fillingDate": "1999-03-31",
        "acceptedDate": "1999-03-30 19:00:00",
        "calendarYear": "1999",
        "period": "Q2",
        "revenue": 207000000,
        "costOfRevenue": 121100000,
        "grossProfit": 85900000,
        "grossProfitRatio": 0.4149758454,
        "researchAndDevelopmentExpenses": 0,
        "generalAndAdministrativeExpenses": 0,
        "sellingAndMarketingExpenses": 0,
        "sellingGeneralAndAdministrativeExpenses": 0,
        "otherExpenses": 48600000,
        "operatingExpenses": 48600000,
        "costAndExpenses": 169700000,
        "interestIncome": 0,
        "interestExpense": 0,
        "depreciationAndAmortization": 4700000,
        "ebitda": 42000000,
        "ebitdaratio": 0.2028985507,
        "operatingIncome": 37300000,
        "operatingIncomeRatio": 0.1801932367,
        "totalOtherIncomeExpensesNet": -4600000,
        "incomeBeforeTax": 32400000,
        "incomeBeforeTaxRatio": 0.1565217391,
        "incomeTaxExpense": 12300000,
        "netIncome": 20100000,
        "netIncomeRatio": 0.0971014493,
        "eps": 1.14,
        "epsdiluted": 1.14,
        "weightedAverageShsOut": 17631579,
        "weightedAverageShsOutDil": 17631579,
        "link": "",
        "finalLink": ""
    },
    {
        "date": "1998-12-31",
        "symbol": "SR",
        "reportedCurrency": "USD",
        "cik": "0001126956",
        "fillingDate": "1998-12-31",
        "acceptedDate": "1998-12-30 19:00:00",
        "calendarYear": "1999",
        "period": "Q1",
        "revenue": 149700000,
        "costOfRevenue": 86600000,
        "grossProfit": 63100000,
        "grossProfitRatio": 0.421509686,
        "researchAndDevelopmentExpenses": 0,
        "generalAndAdministrativeExpenses": 0,
        "sellingAndMarketingExpenses": 0,
        "sellingGeneralAndAdministrativeExpenses": 0,
        "otherExpenses": 44500000,
        "operatingExpenses": 44500000,
        "costAndExpenses": 131100000,
        "interestIncome": 0,
        "interestExpense": 0,
        "depreciationAndAmortization": 3800000,
        "ebitda": 22400000,
        "ebitdaratio": 0.1496325985,
        "operatingIncome": 18600000,
        "operatingIncomeRatio": 0.124248497,
        "totalOtherIncomeExpensesNet": -3300000,
        "incomeBeforeTax": 14800000,
        "incomeBeforeTaxRatio": 0.0988643955,
        "incomeTaxExpense": 5100000,
        "netIncome": 9700000,
        "netIncomeRatio": 0.0647962592,
        "eps": 0.55,
        "epsdiluted": 0.55,
        "weightedAverageShsOut": 17636364,
        "weightedAverageShsOutDil": 17636364,
        "link": "",
        "finalLink": ""
    },
    {
        "date": "1998-09-30",
        "symbol": "SR",
        "reportedCurrency": "USD",
        "cik": "0001126956",
        "fillingDate": "1998-09-30",
        "acceptedDate": "1998-09-29 20:00:00",
        "calendarYear": "1998",
        "period": "Q4",
        "revenue": 56500000,
        "costOfRevenue": 20900000,
        "grossProfit": 35600000,
        "grossProfitRatio": 0.6300884956,
        "researchAndDevelopmentExpenses": 0,
        "generalAndAdministrativeExpenses": 0,
        "sellingAndMarketingExpenses": 0,
        "sellingGeneralAndAdministrativeExpenses": 0,
        "otherExpenses": 36700000,
        "operatingExpenses": 36700000,
        "costAndExpenses": 57600000,
        "interestIncome": 0,
        "interestExpense": 0,
        "depreciationAndAmortization": 5000000,
        "ebitda": 3900000,
        "ebitdaratio": 0.0690265487,
        "operatingIncome": -1100000,
        "operatingIncomeRatio": -0.0194690265,
        "totalOtherIncomeExpensesNet": -4700000,
        "incomeBeforeTax": -5800000,
        "incomeBeforeTaxRatio": -0.1026548673,
        "incomeTaxExpense": -2600000,
        "netIncome": -3200000,
        "netIncomeRatio": -0.0566371681,
        "eps": -0.18,
        "epsdiluted": -0.18,
        "weightedAverageShsOut": 17538838,
        "weightedAverageShsOutDil": 18000000,
        "link": "",
        "finalLink": ""
    },
    {
        "date": "1998-06-30",
        "symbol": "SR",
        "reportedCurrency": "USD",
        "cik": "0001126956",
        "fillingDate": "1998-06-30",
        "acceptedDate": "1998-06-29 20:00:00",
        "calendarYear": "1998",
        "period": "Q3",
        "revenue": 77200000,
        "costOfRevenue": 34500000,
        "grossProfit": 42700000,
        "grossProfitRatio": 0.5531088083,
        "researchAndDevelopmentExpenses": 0,
        "generalAndAdministrativeExpenses": 0,
        "sellingAndMarketingExpenses": 0,
        "sellingGeneralAndAdministrativeExpenses": 0,
        "otherExpenses": 40200000,
        "operatingExpenses": 40200000,
        "costAndExpenses": 74700000,
        "interestIncome": 0,
        "interestExpense": 0,
        "depreciationAndAmortization": 6200000,
        "ebitda": 8700000,
        "ebitdaratio": 0.1126943005,
        "operatingIncome": 2500000,
        "operatingIncomeRatio": 0.0323834197,
        "totalOtherIncomeExpensesNet": -4500000,
        "incomeBeforeTax": -2000000,
        "incomeBeforeTaxRatio": -0.0259067358,
        "incomeTaxExpense": -1100000,
        "netIncome": -900000,
        "netIncomeRatio": -0.0116580311,
        "eps": -0.05,
        "epsdiluted": -0.05,
        "weightedAverageShsOut": 18000000,
        "weightedAverageShsOutDil": 18000000,
        "link": "",
        "finalLink": ""
    },
    {
        "date": "1998-03-31",
        "symbol": "SR",
        "reportedCurrency": "USD",
        "cik": "0001126956",
        "fillingDate": "1998-03-31",
        "acceptedDate": "1998-03-30 19:00:00",
        "calendarYear": "1998",
        "period": "Q2",
        "revenue": 213800000,
        "costOfRevenue": 130100000,
        "grossProfit": 83700000,
        "grossProfitRatio": 0.3914873714,
        "researchAndDevelopmentExpenses": 0,
        "generalAndAdministrativeExpenses": 0,
        "sellingAndMarketingExpenses": 0,
        "sellingGeneralAndAdministrativeExpenses": 0,
        "otherExpenses": 50100000,
        "operatingExpenses": 50100000,
        "costAndExpenses": 180200000,
        "interestIncome": 0,
        "interestExpense": 0,
        "depreciationAndAmortization": 6000000,
        "ebitda": 39600000,
        "ebitdaratio": 0.1852198316,
        "operatingIncome": 33600000,
        "operatingIncomeRatio": 0.1571562208,
        "totalOtherIncomeExpensesNet": -4800000,
        "incomeBeforeTax": 28800000,
        "incomeBeforeTaxRatio": 0.1347053321,
        "incomeTaxExpense": 10400000,
        "netIncome": 18400000,
        "netIncomeRatio": 0.0860617399,
        "eps": 1.04,
        "epsdiluted": 1.04,
        "weightedAverageShsOut": 17692308,
        "weightedAverageShsOutDil": 17692308,
        "link": "",
        "finalLink": ""
    },
    {
        "date": "1997-12-31",
        "symbol": "SR",
        "reportedCurrency": "USD",
        "cik": "0001126956",
        "fillingDate": "1997-12-31",
        "acceptedDate": "1997-12-30 19:00:00",
        "calendarYear": "1998",
        "period": "Q1",
        "revenue": 199700000,
        "costOfRevenue": 126300000,
        "grossProfit": 73400000,
        "grossProfitRatio": 0.367551327,
        "researchAndDevelopmentExpenses": 0,
        "generalAndAdministrativeExpenses": 0,
        "sellingAndMarketingExpenses": 0,
        "sellingGeneralAndAdministrativeExpenses": 0,
        "otherExpenses": 46900000,
        "operatingExpenses": 46900000,
        "costAndExpenses": 173200000,
        "interestIncome": 0,
        "interestExpense": 0,
        "depreciationAndAmortization": 5700000,
        "ebitda": 32200000,
        "ebitdaratio": 0.1612418628,
        "operatingIncome": 26500000,
        "operatingIncomeRatio": 0.1326990486,
        "totalOtherIncomeExpensesNet": -4700000,
        "incomeBeforeTax": 21800000,
        "incomeBeforeTaxRatio": 0.1091637456,
        "incomeTaxExpense": 8200000,
        "netIncome": 13600000,
        "netIncomeRatio": 0.0681021532,
        "eps": 0.78,
        "epsdiluted": 0.78,
        "weightedAverageShsOut": 17435897,
        "weightedAverageShsOutDil": 17435897,
        "link": "",
        "finalLink": ""
    },
    {
        "date": "1997-09-30",
        "symbol": "SR",
        "reportedCurrency": "USD",
        "cik": "0001126956",
        "fillingDate": "1997-09-30",
        "acceptedDate": "1997-09-29 20:00:00",
        "calendarYear": "1997",
        "period": "Q4",
        "revenue": 60700000,
        "costOfRevenue": 23400000,
        "grossProfit": 37300000,
        "grossProfitRatio": 0.6144975288,
        "researchAndDevelopmentExpenses": 0,
        "generalAndAdministrativeExpenses": 0,
        "sellingAndMarketingExpenses": 0,
        "sellingGeneralAndAdministrativeExpenses": 0,
        "otherExpenses": 43100000,
        "operatingExpenses": 43100000,
        "costAndExpenses": 66500000,
        "interestIncome": 0,
        "interestExpense": 0,
        "depreciationAndAmortization": 6200000,
        "ebitda": 400000,
        "ebitdaratio": 0.0065897858,
        "operatingIncome": -5800000,
        "operatingIncomeRatio": -0.0955518946,
        "totalOtherIncomeExpensesNet": -4200000,
        "incomeBeforeTax": -10000000,
        "incomeBeforeTaxRatio": -0.1647446458,
        "incomeTaxExpense": -4100000,
        "netIncome": -5900000,
        "netIncomeRatio": -0.097199341,
        "eps": -0.29,
        "epsdiluted": -0.29,
        "weightedAverageShsOut": 20000000,
        "weightedAverageShsOutDil": 20000000,
        "link": "",
        "finalLink": ""
    },
    {
        "date": "1997-06-30",
        "symbol": "SR",
        "reportedCurrency": "USD",
        "cik": "0001126956",
        "fillingDate": "1997-06-30",
        "acceptedDate": "1997-06-29 20:00:00",
        "calendarYear": "1997",
        "period": "Q3",
        "revenue": 84200000,
        "costOfRevenue": 38000000,
        "grossProfit": 46200000,
        "grossProfitRatio": 0.5486935867,
        "researchAndDevelopmentExpenses": 0,
        "generalAndAdministrativeExpenses": 0,
        "sellingAndMarketingExpenses": 0,
        "sellingGeneralAndAdministrativeExpenses": 0,
        "otherExpenses": 41200000,
        "operatingExpenses": 41200000,
        "costAndExpenses": 79200000,
        "interestIncome": 0,
        "interestExpense": 0,
        "depreciationAndAmortization": 5800000,
        "ebitda": 10800000,
        "ebitdaratio": 0.1282660333,
        "operatingIncome": 5000000,
        "operatingIncomeRatio": 0.0593824228,
        "totalOtherIncomeExpensesNet": -4000000,
        "incomeBeforeTax": 1000000,
        "incomeBeforeTaxRatio": 0.0118764846,
        "incomeTaxExpense": 200000,
        "netIncome": 800000,
        "netIncomeRatio": 0.0095011876,
        "eps": 0.04,
        "epsdiluted": 0.04,
        "weightedAverageShsOut": 20000000,
        "weightedAverageShsOutDil": 20000000,
        "link": "",
        "finalLink": ""
    },
    {
        "date": "1997-03-31",
        "symbol": "SR",
        "reportedCurrency": "USD",
        "cik": "0001126956",
        "fillingDate": "1997-03-31",
        "acceptedDate": "1997-03-30 19:00:00",
        "calendarYear": "1997",
        "period": "Q2",
        "revenue": 264000000,
        "costOfRevenue": 172100000,
        "grossProfit": 91900000,
        "grossProfitRatio": 0.3481060606,
        "researchAndDevelopmentExpenses": 0,
        "generalAndAdministrativeExpenses": 0,
        "sellingAndMarketingExpenses": 0,
        "sellingGeneralAndAdministrativeExpenses": 0,
        "otherExpenses": 53300000,
        "operatingExpenses": 53300000,
        "costAndExpenses": 225400000,
        "interestIncome": 0,
        "interestExpense": 0,
        "depreciationAndAmortization": 6200000,
        "ebitda": 44800000,
        "ebitdaratio": 0.1696969697,
        "operatingIncome": 38600000,
        "operatingIncomeRatio": 0.1462121212,
        "totalOtherIncomeExpensesNet": -4600000,
        "incomeBeforeTax": 34000000,
        "incomeBeforeTaxRatio": 0.1287878788,
        "incomeTaxExpense": 12500000,
        "netIncome": 21500000,
        "netIncomeRatio": 0.0814393939,
        "eps": 1.22,
        "epsdiluted": 1.22,
        "weightedAverageShsOut": 17622951,
        "weightedAverageShsOutDil": 17622951,
        "link": "",
        "finalLink": ""
    },
    {
        "date": "1996-12-31",
        "symbol": "SR",
        "reportedCurrency": "USD",
        "cik": "0001126956",
        "fillingDate": "1996-12-31",
        "acceptedDate": "1996-12-30 19:00:00",
        "calendarYear": "1997",
        "period": "Q1",
        "revenue": 193900000,
        "costOfRevenue": 120200000,
        "grossProfit": 73700000,
        "grossProfitRatio": 0.3800928314,
        "researchAndDevelopmentExpenses": 0,
        "generalAndAdministrativeExpenses": 0,
        "sellingAndMarketingExpenses": 0,
        "sellingGeneralAndAdministrativeExpenses": 0,
        "otherExpenses": 43700000,
        "operatingExpenses": 43700000,
        "costAndExpenses": 163900000,
        "interestIncome": 0,
        "interestExpense": 0,
        "depreciationAndAmortization": 6000000,
        "ebitda": 36000000,
        "ebitdaratio": 0.1856627127,
        "operatingIncome": 30000000,
        "operatingIncomeRatio": 0.1547189273,
        "totalOtherIncomeExpensesNet": -4500000,
        "incomeBeforeTax": 25500000,
        "incomeBeforeTaxRatio": 0.1315110882,
        "incomeTaxExpense": 9400000,
        "netIncome": 16100000,
        "netIncomeRatio": 0.083032491,
        "eps": 0.92,
        "epsdiluted": 0.92,
        "weightedAverageShsOut": 17500000,
        "weightedAverageShsOutDil": 17500000,
        "link": "",
        "finalLink": ""
    },
    {
        "date": "1996-09-30",
        "symbol": "SR",
        "reportedCurrency": "USD",
        "cik": "0001126956",
        "fillingDate": "1996-09-30",
        "acceptedDate": "1996-09-29 20:00:00",
        "calendarYear": "1996",
        "period": "Q4",
        "revenue": 57200000,
        "costOfRevenue": 22700000,
        "grossProfit": 34500000,
        "grossProfitRatio": 0.6031468531,
        "researchAndDevelopmentExpenses": 0,
        "generalAndAdministrativeExpenses": 0,
        "sellingAndMarketingExpenses": 0,
        "sellingGeneralAndAdministrativeExpenses": 0,
        "otherExpenses": 39700000,
        "operatingExpenses": 39700000,
        "costAndExpenses": 62400000,
        "interestIncome": 0,
        "interestExpense": 0,
        "depreciationAndAmortization": 7300000,
        "ebitda": 2100000,
        "ebitdaratio": 0.0367132867,
        "operatingIncome": -5200000,
        "operatingIncomeRatio": -0.0909090909,
        "totalOtherIncomeExpensesNet": -5100000,
        "incomeBeforeTax": -10300000,
        "incomeBeforeTaxRatio": -0.1800699301,
        "incomeTaxExpense": -3700000,
        "netIncome": -6600000,
        "netIncomeRatio": -0.1153846154,
        "eps": -0.33,
        "epsdiluted": -0.33,
        "weightedAverageShsOut": 20000000,
        "weightedAverageShsOutDil": 20000000,
        "link": "",
        "finalLink": ""
    },
    {
        "date": "1996-06-30",
        "symbol": "SR",
        "reportedCurrency": "USD",
        "cik": "0001126956",
        "fillingDate": "1996-06-30",
        "acceptedDate": "1996-06-29 20:00:00",
        "calendarYear": "1996",
        "period": "Q3",
        "revenue": 86000000,
        "costOfRevenue": 43200000,
        "grossProfit": 42800000,
        "grossProfitRatio": 0.4976744186,
        "researchAndDevelopmentExpenses": 0,
        "generalAndAdministrativeExpenses": 0,
        "sellingAndMarketingExpenses": 0,
        "sellingGeneralAndAdministrativeExpenses": 0,
        "otherExpenses": 40500000,
        "operatingExpenses": 40500000,
        "costAndExpenses": 83700000,
        "interestIncome": 0,
        "interestExpense": 0,
        "depreciationAndAmortization": 5600000,
        "ebitda": 7900000,
        "ebitdaratio": 0.0918604651,
        "operatingIncome": 2300000,
        "operatingIncomeRatio": 0.026744186,
        "totalOtherIncomeExpensesNet": -3500000,
        "incomeBeforeTax": -1200000,
        "incomeBeforeTaxRatio": -0.0139534884,
        "incomeTaxExpense": -800000,
        "netIncome": -400000,
        "netIncomeRatio": -0.0046511628,
        "eps": -0.02,
        "epsdiluted": -0.02,
        "weightedAverageShsOut": 20000000,
        "weightedAverageShsOutDil": 20000000,
        "link": "",
        "finalLink": ""
    },
    {
        "date": "1996-03-31",
        "symbol": "SR",
        "reportedCurrency": "USD",
        "cik": "0001126956",
        "fillingDate": "1996-03-31",
        "acceptedDate": "1996-03-30 19:00:00",
        "calendarYear": "1996",
        "period": "Q2",
        "revenue": 246600000,
        "costOfRevenue": 153800000,
        "grossProfit": 92800000,
        "grossProfitRatio": 0.3763179238,
        "researchAndDevelopmentExpenses": 0,
        "generalAndAdministrativeExpenses": 0,
        "sellingAndMarketingExpenses": 0,
        "sellingGeneralAndAdministrativeExpenses": 0,
        "otherExpenses": 54100000,
        "operatingExpenses": 54100000,
        "costAndExpenses": 207900000,
        "interestIncome": 0,
        "interestExpense": 0,
        "depreciationAndAmortization": 2500000,
        "ebitda": 41200000,
        "ebitdaratio": 0.1670721817,
        "operatingIncome": 38700000,
        "operatingIncomeRatio": 0.1569343066,
        "totalOtherIncomeExpensesNet": -1200000,
        "incomeBeforeTax": 37500000,
        "incomeBeforeTaxRatio": 0.1520681265,
        "incomeTaxExpense": 13500000,
        "netIncome": 24000000,
        "netIncomeRatio": 0.097323601,
        "eps": 1.37,
        "epsdiluted": 1.37,
        "weightedAverageShsOut": 17518248,
        "weightedAverageShsOutDil": 17518248,
        "link": "",
        "finalLink": ""
    },
    {
        "date": "1995-12-31",
        "symbol": "SR",
        "reportedCurrency": "USD",
        "cik": "0001126956",
        "fillingDate": "1995-12-31",
        "acceptedDate": "1995-12-30 19:00:00",
        "calendarYear": "1996",
        "period": "Q1",
        "revenue": 155000000,
        "costOfRevenue": 88700000,
        "grossProfit": 66300000,
        "grossProfitRatio": 0.4277419355,
        "researchAndDevelopmentExpenses": 0,
        "generalAndAdministrativeExpenses": 0,
        "sellingAndMarketingExpenses": 0,
        "sellingGeneralAndAdministrativeExpenses": 0,
        "otherExpenses": 38300000,
        "operatingExpenses": 38300000,
        "costAndExpenses": 127000000,
        "interestIncome": 0,
        "interestExpense": 0,
        "depreciationAndAmortization": 5300000,
        "ebitda": 33300000,
        "ebitdaratio": 0.2148387097,
        "operatingIncome": 28000000,
        "operatingIncomeRatio": 0.1806451613,
        "totalOtherIncomeExpensesNet": -4000000,
        "incomeBeforeTax": 24000000,
        "incomeBeforeTaxRatio": 0.1548387097,
        "incomeTaxExpense": 8300000,
        "netIncome": 15700000,
        "netIncomeRatio": 0.1012903226,
        "eps": 0.9,
        "epsdiluted": 0.9,
        "weightedAverageShsOut": 17444444,
        "weightedAverageShsOutDil": 17444444,
        "link": "",
        "finalLink": ""
    },
    {
        "date": "1995-09-30",
        "symbol": "SR",
        "reportedCurrency": "USD",
        "cik": "0001126956",
        "fillingDate": "1995-09-30",
        "acceptedDate": "1995-09-29 20:00:00",
        "calendarYear": "1995",
        "period": "Q4",
        "revenue": 50500000,
        "costOfRevenue": 17500000,
        "grossProfit": 33000000,
        "grossProfitRatio": 0.6534653465,
        "researchAndDevelopmentExpenses": 0,
        "generalAndAdministrativeExpenses": 0,
        "sellingAndMarketingExpenses": 0,
        "sellingGeneralAndAdministrativeExpenses": 0,
        "otherExpenses": 36200000,
        "operatingExpenses": 36200000,
        "costAndExpenses": 53700000,
        "interestIncome": 0,
        "interestExpense": 0,
        "depreciationAndAmortization": 5800000,
        "ebitda": 2600000,
        "ebitdaratio": 0.0514851485,
        "operatingIncome": -3200000,
        "operatingIncomeRatio": -0.0633663366,
        "totalOtherIncomeExpensesNet": -4200000,
        "incomeBeforeTax": -7400000,
        "incomeBeforeTaxRatio": -0.1465346535,
        "incomeTaxExpense": -3000000,
        "netIncome": -4400000,
        "netIncomeRatio": -0.0871287129,
        "eps": -0.26,
        "epsdiluted": -0.26,
        "weightedAverageShsOut": 16666667,
        "weightedAverageShsOutDil": 16666667,
        "link": "",
        "finalLink": ""
    },
    {
        "date": "1995-06-30",
        "symbol": "SR",
        "reportedCurrency": "USD",
        "cik": "0001126956",
        "fillingDate": "1995-06-30",
        "acceptedDate": "1995-06-29 20:00:00",
        "calendarYear": "1995",
        "period": "Q3",
        "revenue": 67600000,
        "costOfRevenue": 28500000,
        "grossProfit": 39100000,
        "grossProfitRatio": 0.5784023669,
        "researchAndDevelopmentExpenses": 0,
        "generalAndAdministrativeExpenses": 0,
        "sellingAndMarketingExpenses": 0,
        "sellingGeneralAndAdministrativeExpenses": 0,
        "otherExpenses": 38900000,
        "operatingExpenses": 38900000,
        "costAndExpenses": 67400000,
        "interestIncome": 0,
        "interestExpense": 0,
        "depreciationAndAmortization": 5800000,
        "ebitda": 6000000,
        "ebitdaratio": 0.0887573964,
        "operatingIncome": 200000,
        "operatingIncomeRatio": 0.0029585799,
        "totalOtherIncomeExpensesNet": -4000000,
        "incomeBeforeTax": -3800000,
        "incomeBeforeTaxRatio": -0.0562130178,
        "incomeTaxExpense": -1800000,
        "netIncome": -2000000,
        "netIncomeRatio": -0.0295857988,
        "eps": -0.12,
        "epsdiluted": -0.12,
        "weightedAverageShsOut": 16666667,
        "weightedAverageShsOutDil": 16666667,
        "link": "",
        "finalLink": ""
    },
    {
        "date": "1995-03-31",
        "symbol": "SR",
        "reportedCurrency": "USD",
        "cik": "0001126956",
        "fillingDate": "1995-03-31",
        "acceptedDate": "1995-03-30 19:00:00",
        "calendarYear": "1995",
        "period": "Q2",
        "revenue": 191600000,
        "costOfRevenue": 109900000,
        "grossProfit": 81700000,
        "grossProfitRatio": 0.4264091858,
        "researchAndDevelopmentExpenses": 0,
        "generalAndAdministrativeExpenses": 0,
        "sellingAndMarketingExpenses": 0,
        "sellingGeneralAndAdministrativeExpenses": 0,
        "otherExpenses": 48600000,
        "operatingExpenses": 48600000,
        "costAndExpenses": 158500000,
        "interestIncome": 0,
        "interestExpense": 0,
        "depreciationAndAmortization": 5300000,
        "ebitda": 38400000,
        "ebitdaratio": 0.2004175365,
        "operatingIncome": 33100000,
        "operatingIncomeRatio": 0.1727557411,
        "totalOtherIncomeExpensesNet": -4400000,
        "incomeBeforeTax": 28700000,
        "incomeBeforeTaxRatio": 0.1497912317,
        "incomeTaxExpense": 10600000,
        "netIncome": 18100000,
        "netIncomeRatio": 0.0944676409,
        "eps": 1.15,
        "epsdiluted": 1.15,
        "weightedAverageShsOut": 15739130,
        "weightedAverageShsOutDil": 15739130,
        "link": "",
        "finalLink": ""
    },
    {
        "date": "1994-12-31",
        "symbol": "SR",
        "reportedCurrency": "USD",
        "cik": "0001126956",
        "fillingDate": "1994-12-31",
        "acceptedDate": "1994-12-30 19:00:00",
        "calendarYear": "1995",
        "period": "Q1",
        "revenue": 122200000,
        "costOfRevenue": 0,
        "grossProfit": 122200000,
        "grossProfitRatio": 1,
        "researchAndDevelopmentExpenses": 0,
        "generalAndAdministrativeExpenses": 0,
        "sellingAndMarketingExpenses": 0,
        "sellingGeneralAndAdministrativeExpenses": 0,
        "otherExpenses": 0,
        "operatingExpenses": 0,
        "costAndExpenses": 0,
        "interestIncome": 0,
        "interestExpense": 0,
        "depreciationAndAmortization": 0,
        "ebitda": 122200000,
        "ebitdaratio": 1,
        "operatingIncome": 122200000,
        "operatingIncomeRatio": 1,
        "totalOtherIncomeExpensesNet": -122200000,
        "incomeBeforeTax": 0,
        "incomeBeforeTaxRatio": 0,
        "incomeTaxExpense": -9200000,
        "netIncome": 9200000,
        "netIncomeRatio": 0.0752864157,
        "eps": 0.58,
        "epsdiluted": 0.58,
        "weightedAverageShsOut": 15862069,
        "weightedAverageShsOutDil": 15862069,
        "link": "",
        "finalLink": ""
    },
    {
        "date": "1994-09-30",
        "symbol": "SR",
        "reportedCurrency": "USD",
        "cik": "0001126956",
        "fillingDate": "1994-09-30",
        "acceptedDate": "1994-09-29 20:00:00",
        "calendarYear": "1994",
        "period": "Q4",
        "revenue": 49100000,
        "costOfRevenue": 17700000,
        "grossProfit": 31400000,
        "grossProfitRatio": 0.6395112016,
        "researchAndDevelopmentExpenses": 0,
        "generalAndAdministrativeExpenses": 0,
        "sellingAndMarketingExpenses": 0,
        "sellingGeneralAndAdministrativeExpenses": 0,
        "otherExpenses": 35900000,
        "operatingExpenses": 35900000,
        "costAndExpenses": 53600000,
        "interestIncome": 0,
        "interestExpense": 0,
        "depreciationAndAmortization": 4700000,
        "ebitda": 200000,
        "ebitdaratio": 0.0040733198,
        "operatingIncome": -4500000,
        "operatingIncomeRatio": -0.0916496945,
        "totalOtherIncomeExpensesNet": -4400000,
        "incomeBeforeTax": -8900000,
        "incomeBeforeTaxRatio": -0.1812627291,
        "incomeTaxExpense": -3300000,
        "netIncome": -5600000,
        "netIncomeRatio": -0.1140529532,
        "eps": -0.37,
        "epsdiluted": -0.37,
        "weightedAverageShsOut": 15000000,
        "weightedAverageShsOutDil": 15000000,
        "link": "",
        "finalLink": ""
    },
    {
        "date": "1994-06-30",
        "symbol": "SR",
        "reportedCurrency": "USD",
        "cik": "0001126956",
        "fillingDate": "1994-06-30",
        "acceptedDate": "1994-06-29 20:00:00",
        "calendarYear": "1994",
        "period": "Q3",
        "revenue": 74600000,
        "costOfRevenue": 37500000,
        "grossProfit": 37100000,
        "grossProfitRatio": 0.4973190349,
        "researchAndDevelopmentExpenses": 0,
        "generalAndAdministrativeExpenses": 0,
        "sellingAndMarketingExpenses": 0,
        "sellingGeneralAndAdministrativeExpenses": 0,
        "otherExpenses": 38000000,
        "operatingExpenses": 38000000,
        "costAndExpenses": 75500000,
        "interestIncome": 0,
        "interestExpense": 0,
        "depreciationAndAmortization": 4800000,
        "ebitda": 3900000,
        "ebitdaratio": 0.0522788204,
        "operatingIncome": -900000,
        "operatingIncomeRatio": -0.0120643432,
        "totalOtherIncomeExpensesNet": -4000000,
        "incomeBeforeTax": -4900000,
        "incomeBeforeTaxRatio": -0.0656836461,
        "incomeTaxExpense": -2200000,
        "netIncome": -2700000,
        "netIncomeRatio": -0.0361930295,
        "eps": -0.18,
        "epsdiluted": -0.18,
        "weightedAverageShsOut": 15000000,
        "weightedAverageShsOutDil": 15000000,
        "link": "",
        "finalLink": ""
    },
    {
        "date": "1994-03-31",
        "symbol": "SR",
        "reportedCurrency": "USD",
        "cik": "0001126956",
        "fillingDate": "1994-03-31",
        "acceptedDate": "1994-03-30 19:00:00",
        "calendarYear": "1994",
        "period": "Q2",
        "revenue": 233000000,
        "costOfRevenue": 0,
        "grossProfit": 233000000,
        "grossProfitRatio": 1,
        "researchAndDevelopmentExpenses": 0,
        "generalAndAdministrativeExpenses": 0,
        "sellingAndMarketingExpenses": 0,
        "sellingGeneralAndAdministrativeExpenses": 0,
        "otherExpenses": 0,
        "operatingExpenses": 0,
        "costAndExpenses": 0,
        "interestIncome": 0,
        "interestExpense": 0,
        "depreciationAndAmortization": 0,
        "ebitda": 233000000,
        "ebitdaratio": 1,
        "operatingIncome": 233000000,
        "operatingIncomeRatio": 1,
        "totalOtherIncomeExpensesNet": -233000000,
        "incomeBeforeTax": 0,
        "incomeBeforeTaxRatio": 0,
        "incomeTaxExpense": -18600000,
        "netIncome": 18600000,
        "netIncomeRatio": 0.0798283262,
        "eps": 1.19,
        "epsdiluted": 1.19,
        "weightedAverageShsOut": 15630252,
        "weightedAverageShsOutDil": 15630252,
        "link": "",
        "finalLink": ""
    },
    {
        "date": "1993-12-31",
        "symbol": "SR",
        "reportedCurrency": "USD",
        "cik": "0001126956",
        "fillingDate": "1993-12-31",
        "acceptedDate": "1993-12-30 19:00:00",
        "calendarYear": "1994",
        "period": "Q1",
        "revenue": 167200000,
        "costOfRevenue": 0,
        "grossProfit": 167200000,
        "grossProfitRatio": 1,
        "researchAndDevelopmentExpenses": 0,
        "generalAndAdministrativeExpenses": 0,
        "sellingAndMarketingExpenses": 0,
        "sellingGeneralAndAdministrativeExpenses": 0,
        "otherExpenses": 0,
        "operatingExpenses": 0,
        "costAndExpenses": 0,
        "interestIncome": 0,
        "interestExpense": 0,
        "depreciationAndAmortization": 0,
        "ebitda": 167200000,
        "ebitdaratio": 1,
        "operatingIncome": 167200000,
        "operatingIncomeRatio": 1,
        "totalOtherIncomeExpensesNet": -167200000,
        "incomeBeforeTax": 0,
        "incomeBeforeTaxRatio": 0,
        "incomeTaxExpense": -11900000,
        "netIncome": 11900000,
        "netIncomeRatio": 0.0711722488,
        "eps": 0.77,
        "epsdiluted": 0.77,
        "weightedAverageShsOut": 15454545,
        "weightedAverageShsOutDil": 15454545,
        "link": "",
        "finalLink": ""
    },
    {
        "date": "1993-09-30",
        "symbol": "SR",
        "reportedCurrency": "USD",
        "cik": "0001126956",
        "fillingDate": "1993-09-30",
        "acceptedDate": "1993-09-29 20:00:00",
        "calendarYear": "1993",
        "period": "Q4",
        "revenue": 53800000,
        "costOfRevenue": 0,
        "grossProfit": 53800000,
        "grossProfitRatio": 1,
        "researchAndDevelopmentExpenses": 0,
        "generalAndAdministrativeExpenses": 0,
        "sellingAndMarketingExpenses": 0,
        "sellingGeneralAndAdministrativeExpenses": 0,
        "otherExpenses": 0,
        "operatingExpenses": 0,
        "costAndExpenses": 0,
        "interestIncome": 0,
        "interestExpense": 0,
        "depreciationAndAmortization": 0,
        "ebitda": 53800000,
        "ebitdaratio": 1,
        "operatingIncome": 53800000,
        "operatingIncomeRatio": 1,
        "totalOtherIncomeExpensesNet": -53800000,
        "incomeBeforeTax": 0,
        "incomeBeforeTaxRatio": 0,
        "incomeTaxExpense": 6500000,
        "netIncome": -6500000,
        "netIncomeRatio": -0.1208178439,
        "eps": -0.43,
        "epsdiluted": -0.43,
        "weightedAverageShsOut": 15000000,
        "weightedAverageShsOutDil": 15000000,
        "link": "",
        "finalLink": ""
    },
    {
        "date": "1993-06-30",
        "symbol": "SR",
        "reportedCurrency": "USD",
        "cik": "0001126956",
        "fillingDate": "1993-06-30",
        "acceptedDate": "1993-06-29 20:00:00",
        "calendarYear": "1993",
        "period": "Q3",
        "revenue": 76000000,
        "costOfRevenue": 0,
        "grossProfit": 76000000,
        "grossProfitRatio": 1,
        "researchAndDevelopmentExpenses": 0,
        "generalAndAdministrativeExpenses": 0,
        "sellingAndMarketingExpenses": 0,
        "sellingGeneralAndAdministrativeExpenses": 0,
        "otherExpenses": 0,
        "operatingExpenses": 0,
        "costAndExpenses": 0,
        "interestIncome": 0,
        "interestExpense": 0,
        "depreciationAndAmortization": 0,
        "ebitda": 76000000,
        "ebitdaratio": 1,
        "operatingIncome": 76000000,
        "operatingIncomeRatio": 1,
        "totalOtherIncomeExpensesNet": -76000000,
        "incomeBeforeTax": 0,
        "incomeBeforeTaxRatio": 0,
        "incomeTaxExpense": 2100000,
        "netIncome": -2100000,
        "netIncomeRatio": -0.0276315789,
        "eps": -0.14,
        "epsdiluted": -0.14,
        "weightedAverageShsOut": 15000000,
        "weightedAverageShsOutDil": 15000000,
        "link": "",
        "finalLink": ""
    },
    {
        "date": "1993-03-31",
        "symbol": "SR",
        "reportedCurrency": "USD",
        "cik": "0001126956",
        "fillingDate": "1993-03-31",
        "acceptedDate": "1993-03-30 19:00:00",
        "calendarYear": "1993",
        "period": "Q2",
        "revenue": 214100000,
        "costOfRevenue": 0,
        "grossProfit": 214100000,
        "grossProfitRatio": 1,
        "researchAndDevelopmentExpenses": 0,
        "generalAndAdministrativeExpenses": 0,
        "sellingAndMarketingExpenses": 0,
        "sellingGeneralAndAdministrativeExpenses": 0,
        "otherExpenses": 0,
        "operatingExpenses": 0,
        "costAndExpenses": 0,
        "interestIncome": 0,
        "interestExpense": 0,
        "depreciationAndAmortization": 0,
        "ebitda": 214100000,
        "ebitdaratio": 1,
        "operatingIncome": 214100000,
        "operatingIncomeRatio": 1,
        "totalOtherIncomeExpensesNet": -214100000,
        "incomeBeforeTax": 0,
        "incomeBeforeTaxRatio": 0,
        "incomeTaxExpense": -20300000,
        "netIncome": 20300000,
        "netIncomeRatio": 0.0948155068,
        "eps": 1.3,
        "epsdiluted": 1.3,
        "weightedAverageShsOut": 15615385,
        "weightedAverageShsOutDil": 15615385,
        "link": "",
        "finalLink": ""
    },
    {
        "date": "1992-12-31",
        "symbol": "SR",
        "reportedCurrency": "USD",
        "cik": "0001126956",
        "fillingDate": "1992-12-31",
        "acceptedDate": "1992-12-30 19:00:00",
        "calendarYear": "1993",
        "period": "Q1",
        "revenue": 160000000,
        "costOfRevenue": 0,
        "grossProfit": 160000000,
        "grossProfitRatio": 1,
        "researchAndDevelopmentExpenses": 0,
        "generalAndAdministrativeExpenses": 0,
        "sellingAndMarketingExpenses": 0,
        "sellingGeneralAndAdministrativeExpenses": 0,
        "otherExpenses": 0,
        "operatingExpenses": 0,
        "costAndExpenses": 0,
        "interestIncome": 0,
        "interestExpense": 0,
        "depreciationAndAmortization": 0,
        "ebitda": 160000000,
        "ebitdaratio": 1,
        "operatingIncome": 160000000,
        "operatingIncomeRatio": 1,
        "totalOtherIncomeExpensesNet": -160000000,
        "incomeBeforeTax": 0,
        "incomeBeforeTaxRatio": 0,
        "incomeTaxExpense": -13500000,
        "netIncome": 13500000,
        "netIncomeRatio": 0.084375,
        "eps": 0.87,
        "epsdiluted": 0.87,
        "weightedAverageShsOut": 15517241,
        "weightedAverageShsOutDil": 15517241,
        "link": "",
        "finalLink": ""
    },
    {
        "date": "1992-09-30",
        "symbol": "SR",
        "reportedCurrency": "USD",
        "cik": "0001126956",
        "fillingDate": "1992-09-30",
        "acceptedDate": "1992-09-29 20:00:00",
        "calendarYear": "1992",
        "period": "Q4",
        "revenue": 48100000,
        "costOfRevenue": 0,
        "grossProfit": 48100000,
        "grossProfitRatio": 1,
        "researchAndDevelopmentExpenses": 0,
        "generalAndAdministrativeExpenses": 0,
        "sellingAndMarketingExpenses": 0,
        "sellingGeneralAndAdministrativeExpenses": 0,
        "otherExpenses": 0,
        "operatingExpenses": 0,
        "costAndExpenses": 0,
        "interestIncome": 0,
        "interestExpense": 0,
        "depreciationAndAmortization": 0,
        "ebitda": 48100000,
        "ebitdaratio": 1,
        "operatingIncome": 48100000,
        "operatingIncomeRatio": 1,
        "totalOtherIncomeExpensesNet": -48100000,
        "incomeBeforeTax": 0,
        "incomeBeforeTaxRatio": 0,
        "incomeTaxExpense": 4700000,
        "netIncome": -4700000,
        "netIncomeRatio": -0.0977130977,
        "eps": -0.31,
        "epsdiluted": -0.31,
        "weightedAverageShsOut": 15000000,
        "weightedAverageShsOutDil": 15000000,
        "link": "",
        "finalLink": ""
    },
    {
        "date": "1992-06-30",
        "symbol": "SR",
        "reportedCurrency": "USD",
        "cik": "0001126956",
        "fillingDate": "1992-06-30",
        "acceptedDate": "1992-06-29 20:00:00",
        "calendarYear": "1992",
        "period": "Q3",
        "revenue": 61300000,
        "costOfRevenue": 0,
        "grossProfit": 61300000,
        "grossProfitRatio": 1,
        "researchAndDevelopmentExpenses": 0,
        "generalAndAdministrativeExpenses": 0,
        "sellingAndMarketingExpenses": 0,
        "sellingGeneralAndAdministrativeExpenses": 0,
        "otherExpenses": 0,
        "operatingExpenses": 0,
        "costAndExpenses": 0,
        "interestIncome": 0,
        "interestExpense": 0,
        "depreciationAndAmortization": 0,
        "ebitda": 61300000,
        "ebitdaratio": 1,
        "operatingIncome": 61300000,
        "operatingIncomeRatio": 1,
        "totalOtherIncomeExpensesNet": -61300000,
        "incomeBeforeTax": 0,
        "incomeBeforeTaxRatio": 0,
        "incomeTaxExpense": 2400000,
        "netIncome": -2400000,
        "netIncomeRatio": -0.0391517129,
        "eps": -0.16,
        "epsdiluted": -0.16,
        "weightedAverageShsOut": 15000000,
        "weightedAverageShsOutDil": 15000000,
        "link": "",
        "finalLink": ""
    },
    {
        "date": "1992-03-31",
        "symbol": "SR",
        "reportedCurrency": "USD",
        "cik": "0001126956",
        "fillingDate": "1992-03-31",
        "acceptedDate": "1992-03-30 19:00:00",
        "calendarYear": "1992",
        "period": "Q2",
        "revenue": 162500000,
        "costOfRevenue": 0,
        "grossProfit": 162500000,
        "grossProfitRatio": 1,
        "researchAndDevelopmentExpenses": 0,
        "generalAndAdministrativeExpenses": 0,
        "sellingAndMarketingExpenses": 0,
        "sellingGeneralAndAdministrativeExpenses": 0,
        "otherExpenses": 0,
        "operatingExpenses": 0,
        "costAndExpenses": 0,
        "interestIncome": 0,
        "interestExpense": 0,
        "depreciationAndAmortization": 0,
        "ebitda": 162500000,
        "ebitdaratio": 1,
        "operatingIncome": 162500000,
        "operatingIncomeRatio": 1,
        "totalOtherIncomeExpensesNet": -162500000,
        "incomeBeforeTax": 0,
        "incomeBeforeTaxRatio": 0,
        "incomeTaxExpense": -13300000,
        "netIncome": 13300000,
        "netIncomeRatio": 0.0818461538,
        "eps": 0.85,
        "epsdiluted": 0.85,
        "weightedAverageShsOut": 15647059,
        "weightedAverageShsOutDil": 15647059,
        "link": "",
        "finalLink": ""
    },
    {
        "date": "1991-12-31",
        "symbol": "SR",
        "reportedCurrency": "USD",
        "cik": "0001126956",
        "fillingDate": "1991-12-31",
        "acceptedDate": "1991-12-30 19:00:00",
        "calendarYear": "1992",
        "period": "Q1",
        "revenue": 146300000,
        "costOfRevenue": 0,
        "grossProfit": 146300000,
        "grossProfitRatio": 1,
        "researchAndDevelopmentExpenses": 0,
        "generalAndAdministrativeExpenses": 0,
        "sellingAndMarketingExpenses": 0,
        "sellingGeneralAndAdministrativeExpenses": 0,
        "otherExpenses": 0,
        "operatingExpenses": 0,
        "costAndExpenses": 0,
        "interestIncome": 0,
        "interestExpense": 0,
        "depreciationAndAmortization": 0,
        "ebitda": 146300000,
        "ebitdaratio": 1,
        "operatingIncome": 146300000,
        "operatingIncomeRatio": 1,
        "totalOtherIncomeExpensesNet": -146300000,
        "incomeBeforeTax": 0,
        "incomeBeforeTaxRatio": 0,
        "incomeTaxExpense": -12100000,
        "netIncome": 12100000,
        "netIncomeRatio": 0.0827067669,
        "eps": 0.77,
        "epsdiluted": 0.77,
        "weightedAverageShsOut": 15714286,
        "weightedAverageShsOutDil": 15714286,
        "link": "",
        "finalLink": ""
    },
    {
        "date": "1991-09-30",
        "symbol": "SR",
        "reportedCurrency": "USD",
        "cik": "0001126956",
        "fillingDate": "1991-09-30",
        "acceptedDate": "1991-09-29 20:00:00",
        "calendarYear": "1991",
        "period": "Q4",
        "revenue": 31700000,
        "costOfRevenue": 0,
        "grossProfit": 31700000,
        "grossProfitRatio": 1,
        "researchAndDevelopmentExpenses": 0,
        "generalAndAdministrativeExpenses": 0,
        "sellingAndMarketingExpenses": 0,
        "sellingGeneralAndAdministrativeExpenses": 0,
        "otherExpenses": 0,
        "operatingExpenses": 0,
        "costAndExpenses": 0,
        "interestIncome": 0,
        "interestExpense": 0,
        "depreciationAndAmortization": 0,
        "ebitda": 31700000,
        "ebitdaratio": 1,
        "operatingIncome": 31700000,
        "operatingIncomeRatio": 1,
        "totalOtherIncomeExpensesNet": -31700000,
        "incomeBeforeTax": 0,
        "incomeBeforeTaxRatio": 0,
        "incomeTaxExpense": 3600000,
        "netIncome": -3600000,
        "netIncomeRatio": -0.1135646688,
        "eps": -0.24,
        "epsdiluted": -0.24,
        "weightedAverageShsOut": 15000000,
        "weightedAverageShsOutDil": 15000000,
        "link": "",
        "finalLink": ""
    },
    {
        "date": "1991-06-30",
        "symbol": "SR",
        "reportedCurrency": "USD",
        "cik": "0001126956",
        "fillingDate": "1991-06-30",
        "acceptedDate": "1991-06-29 20:00:00",
        "calendarYear": "1991",
        "period": "Q3",
        "revenue": 62900000,
        "costOfRevenue": 0,
        "grossProfit": 62900000,
        "grossProfitRatio": 1,
        "researchAndDevelopmentExpenses": 0,
        "generalAndAdministrativeExpenses": 0,
        "sellingAndMarketingExpenses": 0,
        "sellingGeneralAndAdministrativeExpenses": 0,
        "otherExpenses": 0,
        "operatingExpenses": 0,
        "costAndExpenses": 0,
        "interestIncome": 0,
        "interestExpense": 0,
        "depreciationAndAmortization": 0,
        "ebitda": 62900000,
        "ebitdaratio": 1,
        "operatingIncome": 62900000,
        "operatingIncomeRatio": 1,
        "totalOtherIncomeExpensesNet": -62900000,
        "incomeBeforeTax": 0,
        "incomeBeforeTaxRatio": 0,
        "incomeTaxExpense": 3000000,
        "netIncome": -3000000,
        "netIncomeRatio": -0.0476947536,
        "eps": -0.2,
        "epsdiluted": -0.2,
        "weightedAverageShsOut": 15000000,
        "weightedAverageShsOutDil": 15000000,
        "link": "",
        "finalLink": ""
    },
    {
        "date": "1991-03-31",
        "symbol": "SR",
        "reportedCurrency": "USD",
        "cik": "0001126956",
        "fillingDate": "1991-03-31",
        "acceptedDate": "1991-03-30 19:00:00",
        "calendarYear": "1991",
        "period": "Q2",
        "revenue": 196500000,
        "costOfRevenue": 0,
        "grossProfit": 196500000,
        "grossProfitRatio": 1,
        "researchAndDevelopmentExpenses": 0,
        "generalAndAdministrativeExpenses": 0,
        "sellingAndMarketingExpenses": 0,
        "sellingGeneralAndAdministrativeExpenses": 0,
        "otherExpenses": 0,
        "operatingExpenses": 0,
        "costAndExpenses": 0,
        "interestIncome": 0,
        "interestExpense": 0,
        "depreciationAndAmortization": 0,
        "ebitda": 196500000,
        "ebitdaratio": 1,
        "operatingIncome": 196500000,
        "operatingIncomeRatio": 1,
        "totalOtherIncomeExpensesNet": -196500000,
        "incomeBeforeTax": 0,
        "incomeBeforeTaxRatio": 0,
        "incomeTaxExpense": -15700000,
        "netIncome": 15700000,
        "netIncomeRatio": 0.0798982188,
        "eps": 1.01,
        "epsdiluted": 1.01,
        "weightedAverageShsOut": 15544554,
        "weightedAverageShsOutDil": 15544554,
        "link": "",
        "finalLink": ""
    },
    {
        "date": "1990-12-31",
        "symbol": "SR",
        "reportedCurrency": "USD",
        "cik": "0001126956",
        "fillingDate": "1990-12-31",
        "acceptedDate": "1990-12-30 19:00:00",
        "calendarYear": "1991",
        "period": "Q1",
        "revenue": 146900000,
        "costOfRevenue": 0,
        "grossProfit": 146900000,
        "grossProfitRatio": 1,
        "researchAndDevelopmentExpenses": 0,
        "generalAndAdministrativeExpenses": 0,
        "sellingAndMarketingExpenses": 0,
        "sellingGeneralAndAdministrativeExpenses": 0,
        "otherExpenses": 0,
        "operatingExpenses": 0,
        "costAndExpenses": 0,
        "interestIncome": 0,
        "interestExpense": 0,
        "depreciationAndAmortization": 0,
        "ebitda": 146900000,
        "ebitdaratio": 1,
        "operatingIncome": 146900000,
        "operatingIncomeRatio": 1,
        "totalOtherIncomeExpensesNet": -146900000,
        "incomeBeforeTax": 0,
        "incomeBeforeTaxRatio": 0,
        "incomeTaxExpense": -10900000,
        "netIncome": 10900000,
        "netIncomeRatio": 0.0742001361,
        "eps": 0.7,
        "epsdiluted": 0.7,
        "weightedAverageShsOut": 15571429,
        "weightedAverageShsOutDil": 15571429,
        "link": "",
        "finalLink": ""
    },
    {
        "date": "1990-09-30",
        "symbol": "SR",
        "reportedCurrency": "USD",
        "cik": "0001126956",
        "fillingDate": "1990-09-30",
        "acceptedDate": "1990-09-29 20:00:00",
        "calendarYear": "1990",
        "period": "Q4",
        "revenue": 44500000,
        "costOfRevenue": 0,
        "grossProfit": 44500000,
        "grossProfitRatio": 1,
        "researchAndDevelopmentExpenses": 0,
        "generalAndAdministrativeExpenses": 0,
        "sellingAndMarketingExpenses": 0,
        "sellingGeneralAndAdministrativeExpenses": 0,
        "otherExpenses": 0,
        "operatingExpenses": 0,
        "costAndExpenses": 0,
        "interestIncome": 0,
        "interestExpense": 0,
        "depreciationAndAmortization": 0,
        "ebitda": 44500000,
        "ebitdaratio": 1,
        "operatingIncome": 44500000,
        "operatingIncomeRatio": 1,
        "totalOtherIncomeExpensesNet": -44500000,
        "incomeBeforeTax": 0,
        "incomeBeforeTaxRatio": 0,
        "incomeTaxExpense": 2300000,
        "netIncome": -2300000,
        "netIncomeRatio": -0.0516853933,
        "eps": -0.15,
        "epsdiluted": -0.15,
        "weightedAverageShsOut": 15416667,
        "weightedAverageShsOutDil": 15416667,
        "link": "",
        "finalLink": ""
    },
    {
        "date": "1990-06-30",
        "symbol": "SR",
        "reportedCurrency": "USD",
        "cik": "0001126956",
        "fillingDate": "1990-06-30",
        "acceptedDate": "1990-06-29 20:00:00",
        "calendarYear": "1990",
        "period": "Q3",
        "revenue": 85500000,
        "costOfRevenue": 0,
        "grossProfit": 85500000,
        "grossProfitRatio": 1,
        "researchAndDevelopmentExpenses": 0,
        "generalAndAdministrativeExpenses": 0,
        "sellingAndMarketingExpenses": 0,
        "sellingGeneralAndAdministrativeExpenses": 0,
        "otherExpenses": 0,
        "operatingExpenses": 0,
        "costAndExpenses": 0,
        "interestIncome": 0,
        "interestExpense": 0,
        "depreciationAndAmortization": 0,
        "ebitda": 85500000,
        "ebitdaratio": 1,
        "operatingIncome": 85500000,
        "operatingIncomeRatio": 1,
        "totalOtherIncomeExpensesNet": -85500000,
        "incomeBeforeTax": 0,
        "incomeBeforeTaxRatio": 0,
        "incomeTaxExpense": 3700000,
        "netIncome": -3700000,
        "netIncomeRatio": -0.0432748538,
        "eps": -0.24,
        "epsdiluted": -0.24,
        "weightedAverageShsOut": 15416667,
        "weightedAverageShsOutDil": 15416667,
        "link": "",
        "finalLink": ""
    },
    {
        "date": "1990-03-31",
        "symbol": "SR",
        "reportedCurrency": "USD",
        "cik": "0001126956",
        "fillingDate": "1990-03-31",
        "acceptedDate": "1990-03-30 19:00:00",
        "calendarYear": "1990",
        "period": "Q2",
        "revenue": 198100000,
        "costOfRevenue": 0,
        "grossProfit": 198100000,
        "grossProfitRatio": 1,
        "researchAndDevelopmentExpenses": 0,
        "generalAndAdministrativeExpenses": 0,
        "sellingAndMarketingExpenses": 0,
        "sellingGeneralAndAdministrativeExpenses": 0,
        "otherExpenses": 0,
        "operatingExpenses": 0,
        "costAndExpenses": 0,
        "interestIncome": 0,
        "interestExpense": 0,
        "depreciationAndAmortization": 0,
        "ebitda": 198100000,
        "ebitdaratio": 1,
        "operatingIncome": 198100000,
        "operatingIncomeRatio": 1,
        "totalOtherIncomeExpensesNet": -198100000,
        "incomeBeforeTax": 0,
        "incomeBeforeTaxRatio": 0,
        "incomeTaxExpense": -15200000,
        "netIncome": 15200000,
        "netIncomeRatio": 0.0767289248,
        "eps": 0.98,
        "epsdiluted": 0.98,
        "weightedAverageShsOut": 15510204,
        "weightedAverageShsOutDil": 15510204,
        "link": "",
        "finalLink": ""
    },
    {
        "date": "1989-12-31",
        "symbol": "SR",
        "reportedCurrency": "USD",
        "cik": "0001126956",
        "fillingDate": "1989-12-31",
        "acceptedDate": "1989-12-30 19:00:00",
        "calendarYear": "1990",
        "period": "Q1",
        "revenue": 142700000,
        "costOfRevenue": 0,
        "grossProfit": 142700000,
        "grossProfitRatio": 1,
        "researchAndDevelopmentExpenses": 0,
        "generalAndAdministrativeExpenses": 0,
        "sellingAndMarketingExpenses": 0,
        "sellingGeneralAndAdministrativeExpenses": 0,
        "otherExpenses": 0,
        "operatingExpenses": 0,
        "costAndExpenses": 0,
        "interestIncome": 0,
        "interestExpense": 0,
        "depreciationAndAmortization": 0,
        "ebitda": 142700000,
        "ebitdaratio": 1,
        "operatingIncome": 142700000,
        "operatingIncomeRatio": 1,
        "totalOtherIncomeExpensesNet": -142700000,
        "incomeBeforeTax": 0,
        "incomeBeforeTaxRatio": 0,
        "incomeTaxExpense": -7700000,
        "netIncome": 7700000,
        "netIncomeRatio": 0.0539593553,
        "eps": 0.5,
        "epsdiluted": 0.5,
        "weightedAverageShsOut": 15400000,
        "weightedAverageShsOutDil": 15400000,
        "link": "",
        "finalLink": ""
    },
    {
        "date": "1989-09-30",
        "symbol": "SR",
        "reportedCurrency": "USD",
        "cik": "0001126956",
        "fillingDate": "1989-09-30",
        "acceptedDate": "1989-09-29 20:00:00",
        "calendarYear": "1989",
        "period": "Q4",
        "revenue": 55000000,
        "costOfRevenue": 0,
        "grossProfit": 55000000,
        "grossProfitRatio": 1,
        "researchAndDevelopmentExpenses": 0,
        "generalAndAdministrativeExpenses": 0,
        "sellingAndMarketingExpenses": 0,
        "sellingGeneralAndAdministrativeExpenses": 0,
        "otherExpenses": 0,
        "operatingExpenses": 0,
        "costAndExpenses": 0,
        "interestIncome": 0,
        "interestExpense": 0,
        "depreciationAndAmortization": 0,
        "ebitda": 55000000,
        "ebitdaratio": 1,
        "operatingIncome": 55000000,
        "operatingIncomeRatio": 1,
        "totalOtherIncomeExpensesNet": -55000000,
        "incomeBeforeTax": 0,
        "incomeBeforeTaxRatio": 0,
        "incomeTaxExpense": 5000000,
        "netIncome": -5000000,
        "netIncomeRatio": -0.0909090909,
        "eps": -0.33,
        "epsdiluted": -0.33,
        "weightedAverageShsOut": 15000000,
        "weightedAverageShsOutDil": 15000000,
        "link": "",
        "finalLink": ""
    },
    {
        "date": "1989-06-30",
        "symbol": "SR",
        "reportedCurrency": "USD",
        "cik": "0001126956",
        "fillingDate": "1989-06-30",
        "acceptedDate": "1989-06-29 20:00:00",
        "calendarYear": "1989",
        "period": "Q3",
        "revenue": 88600000,
        "costOfRevenue": 0,
        "grossProfit": 88600000,
        "grossProfitRatio": 1,
        "researchAndDevelopmentExpenses": 0,
        "generalAndAdministrativeExpenses": 0,
        "sellingAndMarketingExpenses": 0,
        "sellingGeneralAndAdministrativeExpenses": 0,
        "otherExpenses": 0,
        "operatingExpenses": 0,
        "costAndExpenses": 0,
        "interestIncome": 0,
        "interestExpense": 0,
        "depreciationAndAmortization": 0,
        "ebitda": 88600000,
        "ebitdaratio": 1,
        "operatingIncome": 88600000,
        "operatingIncomeRatio": 1,
        "totalOtherIncomeExpensesNet": -88600000,
        "incomeBeforeTax": 0,
        "incomeBeforeTaxRatio": 0,
        "incomeTaxExpense": -600000,
        "netIncome": 600000,
        "netIncomeRatio": 0.006772009,
        "eps": 0.04,
        "epsdiluted": 0.04,
        "weightedAverageShsOut": 15000000,
        "weightedAverageShsOutDil": 15000000,
        "link": "",
        "finalLink": ""
    },
    {
        "date": "1989-03-31",
        "symbol": "SR",
        "reportedCurrency": "USD",
        "cik": "0001126956",
        "fillingDate": "1989-03-31",
        "acceptedDate": "1989-03-30 19:00:00",
        "calendarYear": "1989",
        "period": "Q2",
        "revenue": 220900000,
        "costOfRevenue": 0,
        "grossProfit": 220900000,
        "grossProfitRatio": 1,
        "researchAndDevelopmentExpenses": 0,
        "generalAndAdministrativeExpenses": 0,
        "sellingAndMarketingExpenses": 0,
        "sellingGeneralAndAdministrativeExpenses": 0,
        "otherExpenses": 0,
        "operatingExpenses": 0,
        "costAndExpenses": 0,
        "interestIncome": 0,
        "interestExpense": 0,
        "depreciationAndAmortization": 0,
        "ebitda": 220900000,
        "ebitdaratio": 1,
        "operatingIncome": 220900000,
        "operatingIncomeRatio": 1,
        "totalOtherIncomeExpensesNet": -220900000,
        "incomeBeforeTax": 0,
        "incomeBeforeTaxRatio": 0,
        "incomeTaxExpense": 0,
        "netIncome": 19800000,
        "netIncomeRatio": 0.0896333182,
        "eps": 1.27,
        "epsdiluted": 1.27,
        "weightedAverageShsOut": 15650000,
        "weightedAverageShsOutDil": 15650000,
        "link": "",
        "finalLink": ""
    },
    {
        "date": "1988-12-31",
        "symbol": "SR",
        "reportedCurrency": "USD",
        "cik": "0001126956",
        "fillingDate": "1988-12-31",
        "acceptedDate": "1988-12-30 19:00:00",
        "calendarYear": "1989",
        "period": "Q1",
        "revenue": 127800000,
        "costOfRevenue": 0,
        "grossProfit": 127800000,
        "grossProfitRatio": 1,
        "researchAndDevelopmentExpenses": 0,
        "generalAndAdministrativeExpenses": 0,
        "sellingAndMarketingExpenses": 0,
        "sellingGeneralAndAdministrativeExpenses": 0,
        "otherExpenses": 0,
        "operatingExpenses": 0,
        "costAndExpenses": 0,
        "interestIncome": 0,
        "interestExpense": 0,
        "depreciationAndAmortization": 0,
        "ebitda": 127800000,
        "ebitdaratio": 1,
        "operatingIncome": 127800000,
        "operatingIncomeRatio": 1,
        "totalOtherIncomeExpensesNet": -127800000,
        "incomeBeforeTax": 0,
        "incomeBeforeTaxRatio": 0,
        "incomeTaxExpense": 0,
        "netIncome": 7300000,
        "netIncomeRatio": 0.0571205008,
        "eps": 0.47,
        "epsdiluted": 0.47,
        "weightedAverageShsOut": 15676000,
        "weightedAverageShsOutDil": 15676000,
        "link": "",
        "finalLink": ""
    },
    {
        "date": "1988-09-30",
        "symbol": "SR",
        "reportedCurrency": "USD",
        "cik": "0001126956",
        "fillingDate": "1988-09-30",
        "acceptedDate": "1988-09-29 20:00:00",
        "calendarYear": "1988",
        "period": "Q4",
        "revenue": 50000000,
        "costOfRevenue": 0,
        "grossProfit": 50000000,
        "grossProfitRatio": 1,
        "researchAndDevelopmentExpenses": 0,
        "generalAndAdministrativeExpenses": 0,
        "sellingAndMarketingExpenses": 0,
        "sellingGeneralAndAdministrativeExpenses": 0,
        "otherExpenses": 0,
        "operatingExpenses": 0,
        "costAndExpenses": 0,
        "interestIncome": 0,
        "interestExpense": 0,
        "depreciationAndAmortization": 0,
        "ebitda": 50000000,
        "ebitdaratio": 1,
        "operatingIncome": 50000000,
        "operatingIncomeRatio": 1,
        "totalOtherIncomeExpensesNet": -50000000,
        "incomeBeforeTax": 0,
        "incomeBeforeTaxRatio": 0,
        "incomeTaxExpense": 0,
        "netIncome": -3600000,
        "netIncomeRatio": -0.072,
        "eps": -0.24,
        "epsdiluted": -0.24,
        "weightedAverageShsOut": 15676000,
        "weightedAverageShsOutDil": 15680000,
        "link": "",
        "finalLink": ""
    },
    {
        "date": "1988-06-30",
        "symbol": "SR",
        "reportedCurrency": "USD",
        "cik": "0001126956",
        "fillingDate": "1988-06-30",
        "acceptedDate": "1988-06-29 20:00:00",
        "calendarYear": "1988",
        "period": "Q3",
        "revenue": 77700000,
        "costOfRevenue": 0,
        "grossProfit": 77700000,
        "grossProfitRatio": 1,
        "researchAndDevelopmentExpenses": 0,
        "generalAndAdministrativeExpenses": 0,
        "sellingAndMarketingExpenses": 0,
        "sellingGeneralAndAdministrativeExpenses": 0,
        "otherExpenses": 0,
        "operatingExpenses": 0,
        "costAndExpenses": 0,
        "interestIncome": 0,
        "interestExpense": 0,
        "depreciationAndAmortization": 0,
        "ebitda": 77700000,
        "ebitdaratio": 1,
        "operatingIncome": 77700000,
        "operatingIncomeRatio": 1,
        "totalOtherIncomeExpensesNet": -77700000,
        "incomeBeforeTax": 0,
        "incomeBeforeTaxRatio": 0,
        "incomeTaxExpense": 0,
        "netIncome": 300000,
        "netIncomeRatio": 0.0038610039,
        "eps": 0.02,
        "epsdiluted": 0.02,
        "weightedAverageShsOut": 15680000,
        "weightedAverageShsOutDil": 15680000,
        "link": "",
        "finalLink": ""
    },
    {
        "date": "1988-03-31",
        "symbol": "SR",
        "reportedCurrency": "USD",
        "cik": "0001126956",
        "fillingDate": "1988-03-31",
        "acceptedDate": "1988-03-30 19:00:00",
        "calendarYear": "1988",
        "period": "Q2",
        "revenue": 230200000,
        "costOfRevenue": 0,
        "grossProfit": 230200000,
        "grossProfitRatio": 1,
        "researchAndDevelopmentExpenses": 0,
        "generalAndAdministrativeExpenses": 0,
        "sellingAndMarketingExpenses": 0,
        "sellingGeneralAndAdministrativeExpenses": 0,
        "otherExpenses": 0,
        "operatingExpenses": 0,
        "costAndExpenses": 0,
        "interestIncome": 0,
        "interestExpense": 0,
        "depreciationAndAmortization": 0,
        "ebitda": 230200000,
        "ebitdaratio": 1,
        "operatingIncome": 230200000,
        "operatingIncomeRatio": 1,
        "totalOtherIncomeExpensesNet": -230200000,
        "incomeBeforeTax": 0,
        "incomeBeforeTaxRatio": 0,
        "incomeTaxExpense": 0,
        "netIncome": 20600000,
        "netIncomeRatio": 0.0894874023,
        "eps": 1.31,
        "epsdiluted": 1.31,
        "weightedAverageShsOut": 15680000,
        "weightedAverageShsOutDil": 15680000,
        "link": "",
        "finalLink": ""
    },
    {
        "date": "1987-12-31",
        "symbol": "SR",
        "reportedCurrency": "USD",
        "cik": "0001126956",
        "fillingDate": "1987-12-31",
        "acceptedDate": "1987-12-30 19:00:00",
        "calendarYear": "1988",
        "period": "Q1",
        "revenue": 125200000,
        "costOfRevenue": 0,
        "grossProfit": 125200000,
        "grossProfitRatio": 1,
        "researchAndDevelopmentExpenses": 0,
        "generalAndAdministrativeExpenses": 0,
        "sellingAndMarketingExpenses": 0,
        "sellingGeneralAndAdministrativeExpenses": 0,
        "otherExpenses": 0,
        "operatingExpenses": 0,
        "costAndExpenses": 0,
        "interestIncome": 0,
        "interestExpense": 0,
        "depreciationAndAmortization": 0,
        "ebitda": 125200000,
        "ebitdaratio": 1,
        "operatingIncome": 125200000,
        "operatingIncomeRatio": 1,
        "totalOtherIncomeExpensesNet": -125200000,
        "incomeBeforeTax": 0,
        "incomeBeforeTaxRatio": 0,
        "incomeTaxExpense": 0,
        "netIncome": 2300000,
        "netIncomeRatio": 0.018370607,
        "eps": 0.48,
        "epsdiluted": 0.48,
        "weightedAverageShsOut": 15736000,
        "weightedAverageShsOutDil": 15736000,
        "link": "",
        "finalLink": ""
    },
    {
        "date": "1987-09-30",
        "symbol": "SR",
        "reportedCurrency": "USD",
        "cik": "0001126956",
        "fillingDate": "1987-09-30",
        "acceptedDate": "1987-09-29 20:00:00",
        "calendarYear": "1987",
        "period": "Q4",
        "revenue": 50200000,
        "costOfRevenue": 0,
        "grossProfit": 50200000,
        "grossProfitRatio": 1,
        "researchAndDevelopmentExpenses": 0,
        "generalAndAdministrativeExpenses": 0,
        "sellingAndMarketingExpenses": 0,
        "sellingGeneralAndAdministrativeExpenses": 0,
        "otherExpenses": 0,
        "operatingExpenses": 0,
        "costAndExpenses": 0,
        "interestIncome": 0,
        "interestExpense": 0,
        "depreciationAndAmortization": 0,
        "ebitda": 50200000,
        "ebitdaratio": 1,
        "operatingIncome": 50200000,
        "operatingIncomeRatio": 1,
        "totalOtherIncomeExpensesNet": -50200000,
        "incomeBeforeTax": 0,
        "incomeBeforeTaxRatio": 0,
        "incomeTaxExpense": 0,
        "netIncome": -2900000,
        "netIncomeRatio": -0.0577689243,
        "eps": -0.19,
        "epsdiluted": -0.19,
        "weightedAverageShsOut": 15736000,
        "weightedAverageShsOutDil": 15736000,
        "link": "",
        "finalLink": ""
    },
    {
        "date": "1987-06-30",
        "symbol": "SR",
        "reportedCurrency": "USD",
        "cik": "0001126956",
        "fillingDate": "1987-06-30",
        "acceptedDate": "1987-06-29 20:00:00",
        "calendarYear": "1987",
        "period": "Q3",
        "revenue": 76900000,
        "costOfRevenue": 0,
        "grossProfit": 76900000,
        "grossProfitRatio": 1,
        "researchAndDevelopmentExpenses": 0,
        "generalAndAdministrativeExpenses": 0,
        "sellingAndMarketingExpenses": 0,
        "sellingGeneralAndAdministrativeExpenses": 0,
        "otherExpenses": 0,
        "operatingExpenses": 0,
        "costAndExpenses": 0,
        "interestIncome": 0,
        "interestExpense": 0,
        "depreciationAndAmortization": 0,
        "ebitda": 76900000,
        "ebitdaratio": 1,
        "operatingIncome": 76900000,
        "operatingIncomeRatio": 1,
        "totalOtherIncomeExpensesNet": -76900000,
        "incomeBeforeTax": 0,
        "incomeBeforeTaxRatio": 0,
        "incomeTaxExpense": 0,
        "netIncome": 1400000,
        "netIncomeRatio": 0.0182054616,
        "eps": 0.09,
        "epsdiluted": 0.09,
        "weightedAverageShsOut": 15736000,
        "weightedAverageShsOutDil": 15736000,
        "link": "",
        "finalLink": ""
    },
    {
        "date": "1987-03-31",
        "symbol": "SR",
        "reportedCurrency": "USD",
        "cik": "0001126956",
        "fillingDate": "1987-03-31",
        "acceptedDate": "1987-03-30 19:00:00",
        "calendarYear": "1987",
        "period": "Q2",
        "revenue": 192400000,
        "costOfRevenue": 0,
        "grossProfit": 192400000,
        "grossProfitRatio": 1,
        "researchAndDevelopmentExpenses": 0,
        "generalAndAdministrativeExpenses": 0,
        "sellingAndMarketingExpenses": 0,
        "sellingGeneralAndAdministrativeExpenses": 0,
        "otherExpenses": 0,
        "operatingExpenses": 0,
        "costAndExpenses": 0,
        "interestIncome": 0,
        "interestExpense": 0,
        "depreciationAndAmortization": 0,
        "ebitda": 192400000,
        "ebitdaratio": 1,
        "operatingIncome": 192400000,
        "operatingIncomeRatio": 1,
        "totalOtherIncomeExpensesNet": -192400000,
        "incomeBeforeTax": 0,
        "incomeBeforeTaxRatio": 0,
        "incomeTaxExpense": 0,
        "netIncome": 16700000,
        "netIncomeRatio": 0.0867983368,
        "eps": 1.06,
        "epsdiluted": 1.06,
        "weightedAverageShsOut": 15726000,
        "weightedAverageShsOutDil": 15726000,
        "link": "",
        "finalLink": ""
    },
    {
        "date": "1986-12-31",
        "symbol": "SR",
        "reportedCurrency": "USD",
        "cik": "0001126956",
        "fillingDate": "1986-12-31",
        "acceptedDate": "1986-12-30 19:00:00",
        "calendarYear": "1987",
        "period": "Q1",
        "revenue": 127000000,
        "costOfRevenue": 0,
        "grossProfit": 127000000,
        "grossProfitRatio": 1,
        "researchAndDevelopmentExpenses": 0,
        "generalAndAdministrativeExpenses": 0,
        "sellingAndMarketingExpenses": 0,
        "sellingGeneralAndAdministrativeExpenses": 0,
        "otherExpenses": 0,
        "operatingExpenses": 0,
        "costAndExpenses": 0,
        "interestIncome": 0,
        "interestExpense": 0,
        "depreciationAndAmortization": 0,
        "ebitda": 127000000,
        "ebitdaratio": 1,
        "operatingIncome": 127000000,
        "operatingIncomeRatio": 1,
        "totalOtherIncomeExpensesNet": -127000000,
        "incomeBeforeTax": 0,
        "incomeBeforeTaxRatio": 0,
        "incomeTaxExpense": 0,
        "netIncome": 7700000,
        "netIncomeRatio": 0.0606299213,
        "eps": 0.49,
        "epsdiluted": 0.49,
        "weightedAverageShsOut": 15736000,
        "weightedAverageShsOutDil": 15736000,
        "link": "",
        "finalLink": ""
    },
    {
        "date": "1986-09-30",
        "symbol": "SR",
        "reportedCurrency": "USD",
        "cik": "0001126956",
        "fillingDate": "1986-09-30",
        "acceptedDate": "1986-09-29 20:00:00",
        "calendarYear": "1986",
        "period": "Q4",
        "revenue": 59100000,
        "costOfRevenue": 0,
        "grossProfit": 59100000,
        "grossProfitRatio": 1,
        "researchAndDevelopmentExpenses": 0,
        "generalAndAdministrativeExpenses": 0,
        "sellingAndMarketingExpenses": 0,
        "sellingGeneralAndAdministrativeExpenses": 0,
        "otherExpenses": 0,
        "operatingExpenses": 0,
        "costAndExpenses": 0,
        "interestIncome": 0,
        "interestExpense": 0,
        "depreciationAndAmortization": 0,
        "ebitda": 59100000,
        "ebitdaratio": 1,
        "operatingIncome": 59100000,
        "operatingIncomeRatio": 1,
        "totalOtherIncomeExpensesNet": -59100000,
        "incomeBeforeTax": 0,
        "incomeBeforeTaxRatio": 0,
        "incomeTaxExpense": 0,
        "netIncome": -2500000,
        "netIncomeRatio": -0.0423011844,
        "eps": -0.16,
        "epsdiluted": -0.16,
        "weightedAverageShsOut": 15736000,
        "weightedAverageShsOutDil": 15736000,
        "link": "",
        "finalLink": ""
    },
    {
        "date": "1986-06-30",
        "symbol": "SR",
        "reportedCurrency": "USD",
        "cik": "0001126956",
        "fillingDate": "1986-06-30",
        "acceptedDate": "1986-06-29 20:00:00",
        "calendarYear": "1986",
        "period": "Q3",
        "revenue": 85400000,
        "costOfRevenue": 0,
        "grossProfit": 85400000,
        "grossProfitRatio": 1,
        "researchAndDevelopmentExpenses": 0,
        "generalAndAdministrativeExpenses": 0,
        "sellingAndMarketingExpenses": 0,
        "sellingGeneralAndAdministrativeExpenses": 0,
        "otherExpenses": 0,
        "operatingExpenses": 0,
        "costAndExpenses": 0,
        "interestIncome": 0,
        "interestExpense": 0,
        "depreciationAndAmortization": 0,
        "ebitda": 85400000,
        "ebitdaratio": 1,
        "operatingIncome": 85400000,
        "operatingIncomeRatio": 1,
        "totalOtherIncomeExpensesNet": -85400000,
        "incomeBeforeTax": 0,
        "incomeBeforeTaxRatio": 0,
        "incomeTaxExpense": 0,
        "netIncome": 400000,
        "netIncomeRatio": 0.0046838407,
        "eps": 0.02,
        "epsdiluted": 0.02,
        "weightedAverageShsOut": 15736000,
        "weightedAverageShsOutDil": 15736000,
        "link": "",
        "finalLink": ""
    },
    {
        "date": "1986-03-31",
        "symbol": "SR",
        "reportedCurrency": "USD",
        "cik": "0001126956",
        "fillingDate": "1986-03-31",
        "acceptedDate": "1986-03-30 19:00:00",
        "calendarYear": "1986",
        "period": "Q2",
        "revenue": 249700000,
        "costOfRevenue": 0,
        "grossProfit": 249700000,
        "grossProfitRatio": 1,
        "researchAndDevelopmentExpenses": 0,
        "generalAndAdministrativeExpenses": 0,
        "sellingAndMarketingExpenses": 0,
        "sellingGeneralAndAdministrativeExpenses": 0,
        "otherExpenses": 0,
        "operatingExpenses": 0,
        "costAndExpenses": 0,
        "interestIncome": 0,
        "interestExpense": 0,
        "depreciationAndAmortization": 0,
        "ebitda": 249700000,
        "ebitdaratio": 1,
        "operatingIncome": 249700000,
        "operatingIncomeRatio": 1,
        "totalOtherIncomeExpensesNet": -249700000,
        "incomeBeforeTax": 0,
        "incomeBeforeTaxRatio": 0,
        "incomeTaxExpense": 0,
        "netIncome": 17800000,
        "netIncomeRatio": 0.0712855427,
        "eps": 1.13,
        "epsdiluted": 1.13,
        "weightedAverageShsOut": 15736000,
        "weightedAverageShsOutDil": 15736000,
        "link": "",
        "finalLink": ""
    },
    {
        "date": "1985-12-31",
        "symbol": "SR",
        "reportedCurrency": "USD",
        "cik": "0001126956",
        "fillingDate": "1985-12-31",
        "acceptedDate": "1985-12-30 19:00:00",
        "calendarYear": "1986",
        "period": "Q1",
        "revenue": 154800000,
        "costOfRevenue": 0,
        "grossProfit": 154800000,
        "grossProfitRatio": 1,
        "researchAndDevelopmentExpenses": 0,
        "generalAndAdministrativeExpenses": 0,
        "sellingAndMarketingExpenses": 0,
        "sellingGeneralAndAdministrativeExpenses": 0,
        "otherExpenses": 0,
        "operatingExpenses": 0,
        "costAndExpenses": 0,
        "interestIncome": 0,
        "interestExpense": 0,
        "depreciationAndAmortization": 0,
        "ebitda": 154800000,
        "ebitdaratio": 1,
        "operatingIncome": 154800000,
        "operatingIncomeRatio": 1,
        "totalOtherIncomeExpensesNet": -154800000,
        "incomeBeforeTax": 0,
        "incomeBeforeTaxRatio": 0,
        "incomeTaxExpense": 0,
        "netIncome": 14100000,
        "netIncomeRatio": 0.0910852713,
        "eps": 0.88,
        "epsdiluted": 0.88,
        "weightedAverageShsOut": 15736000,
        "weightedAverageShsOutDil": 15736000,
        "link": "",
        "finalLink": ""
    },
    {
        "date": "1985-09-30",
        "symbol": "SR",
        "reportedCurrency": "USD",
        "cik": "0001126956",
        "fillingDate": "1985-09-30",
        "acceptedDate": "1985-09-29 20:00:00",
        "calendarYear": "1985",
        "period": "Q4",
        "revenue": 66700000,
        "costOfRevenue": 0,
        "grossProfit": 66700000,
        "grossProfitRatio": 1,
        "researchAndDevelopmentExpenses": 0,
        "generalAndAdministrativeExpenses": 0,
        "sellingAndMarketingExpenses": 0,
        "sellingGeneralAndAdministrativeExpenses": 0,
        "otherExpenses": 0,
        "operatingExpenses": 0,
        "costAndExpenses": 0,
        "interestIncome": 0,
        "interestExpense": 0,
        "depreciationAndAmortization": 0,
        "ebitda": 66700000,
        "ebitdaratio": 1,
        "operatingIncome": 66700000,
        "operatingIncomeRatio": 1,
        "totalOtherIncomeExpensesNet": -66700000,
        "incomeBeforeTax": 0,
        "incomeBeforeTaxRatio": 0,
        "incomeTaxExpense": 0,
        "netIncome": -700000,
        "netIncomeRatio": -0.0104947526,
        "eps": -0.05,
        "epsdiluted": -0.05,
        "weightedAverageShsOut": 15736000,
        "weightedAverageShsOutDil": 15736000,
        "link": "",
        "finalLink": ""
    }
]