[
    {
        "date": "2024-09-30",
        "symbol": "SRCL",
        "reportedCurrency": "USD",
        "cik": "0000861878",
        "fillingDate": "2024-11-01",
        "acceptedDate": "2024-11-01 07:02:02",
        "calendarYear": "2024",
        "period": "Q3",
        "revenue": 648400000,
        "costOfRevenue": 404300000,
        "grossProfit": 244100000,
        "grossProfitRatio": 0.376465145,
        "researchAndDevelopmentExpenses": 0,
        "generalAndAdministrativeExpenses": 0,
        "sellingAndMarketingExpenses": 0,
        "sellingGeneralAndAdministrativeExpenses": 224600000,
        "otherExpenses": 10500000,
        "operatingExpenses": 235100000,
        "costAndExpenses": 639400000,
        "interestIncome": 0,
        "interestExpense": 20400000,
        "depreciationAndAmortization": 53100000,
        "ebitda": 62100000,
        "ebitdaratio": 0.0957742134,
        "operatingIncome": 9000000,
        "operatingIncomeRatio": 0.0138803208,
        "totalOtherIncomeExpensesNet": -20400000,
        "incomeBeforeTax": -11400000,
        "incomeBeforeTaxRatio": -0.0175817397,
        "incomeTaxExpense": 2300000,
        "netIncome": -13800000,
        "netIncomeRatio": -0.0212831585,
        "eps": -0.15,
        "epsdiluted": -0.15,
        "weightedAverageShsOut": 92700000,
        "weightedAverageShsOutDil": 92700000,
        "link": "https://www.sec.gov/Archives/edgar/data/861878/000162828024044648/0001628280-24-044648-index.htm",
        "finalLink": "https://www.sec.gov/Archives/edgar/data/861878/000162828024044648/scl-20240930.htm"
    },
    {
        "date": "2024-06-30",
        "symbol": "SRCL",
        "reportedCurrency": "USD",
        "cik": "0000861878",
        "fillingDate": "2024-07-25",
        "acceptedDate": "2024-07-25 07:15:43",
        "calendarYear": "2024",
        "period": "Q2",
        "revenue": 661600000,
        "costOfRevenue": 431300000,
        "grossProfit": 230300000,
        "grossProfitRatio": 0.348095526,
        "researchAndDevelopmentExpenses": 0,
        "generalAndAdministrativeExpenses": 0,
        "sellingAndMarketingExpenses": 0,
        "sellingGeneralAndAdministrativeExpenses": 184500000,
        "otherExpenses": -100000,
        "operatingExpenses": 184500000,
        "costAndExpenses": 615800000,
        "interestIncome": 0,
        "interestExpense": 20500000,
        "depreciationAndAmortization": 53100000,
        "ebitda": 102700000,
        "ebitdaratio": 0.1552297461,
        "operatingIncome": 45800000,
        "operatingIncomeRatio": 0.0692261185,
        "totalOtherIncomeExpensesNet": -20600000,
        "incomeBeforeTax": 9900000,
        "incomeBeforeTaxRatio": 0.0149637243,
        "incomeTaxExpense": 3900000,
        "netIncome": 6000000,
        "netIncomeRatio": 0.0090689238,
        "eps": 0.0647,
        "epsdiluted": 0.0645,
        "weightedAverageShsOut": 92700000,
        "weightedAverageShsOutDil": 93000000,
        "link": "https://www.sec.gov/Archives/edgar/data/861878/000162828024032899/0001628280-24-032899-index.htm",
        "finalLink": "https://www.sec.gov/Archives/edgar/data/861878/000162828024032899/scl-20240630.htm"
    },
    {
        "date": "2024-03-31",
        "symbol": "SRCL",
        "reportedCurrency": "USD",
        "cik": "0000861878",
        "fillingDate": "2024-04-25",
        "acceptedDate": "2024-04-25 07:03:20",
        "calendarYear": "2024",
        "period": "Q1",
        "revenue": 664900000,
        "costOfRevenue": 437800000,
        "grossProfit": 227100000,
        "grossProfitRatio": 0.3415551211,
        "researchAndDevelopmentExpenses": 0,
        "generalAndAdministrativeExpenses": 0,
        "sellingAndMarketingExpenses": 0,
        "sellingGeneralAndAdministrativeExpenses": 170000000,
        "otherExpenses": 0,
        "operatingExpenses": 170000000,
        "costAndExpenses": 607800000,
        "interestIncome": 0,
        "interestExpense": 18400000,
        "depreciationAndAmortization": 53500000,
        "ebitda": 110600000,
        "ebitdaratio": 0.1663408031,
        "operatingIncome": 57100000,
        "operatingIncomeRatio": 0.0858775756,
        "totalOtherIncomeExpensesNet": -18400000,
        "incomeBeforeTax": 20500000,
        "incomeBeforeTaxRatio": 0.030831704,
        "incomeTaxExpense": 7400000,
        "netIncome": 13100000,
        "netIncomeRatio": 0.0197022109,
        "eps": 0.14,
        "epsdiluted": 0.14,
        "weightedAverageShsOut": 92600000,
        "weightedAverageShsOutDil": 93000000,
        "link": "https://www.sec.gov/Archives/edgar/data/861878/000162828024017822/0001628280-24-017822-index.htm",
        "finalLink": "https://www.sec.gov/Archives/edgar/data/861878/000162828024017822/scl-20240331.htm"
    },
    {
        "date": "2023-12-31",
        "symbol": "SRCL",
        "reportedCurrency": "USD",
        "cik": "0000861878",
        "fillingDate": "2024-02-28",
        "acceptedDate": "2024-02-28 07:02:39",
        "calendarYear": "2023",
        "period": "Q4",
        "revenue": 652000000,
        "costOfRevenue": 423000000,
        "grossProfit": 229000000,
        "grossProfitRatio": 0.3512269939,
        "researchAndDevelopmentExpenses": 0,
        "generalAndAdministrativeExpenses": 0,
        "sellingAndMarketingExpenses": 0,
        "sellingGeneralAndAdministrativeExpenses": 176900000,
        "otherExpenses": 200000,
        "operatingExpenses": 176900000,
        "costAndExpenses": 599900000,
        "interestIncome": 0,
        "interestExpense": 17000000,
        "depreciationAndAmortization": 53600000,
        "ebitda": 91100000,
        "ebitdaratio": 0.1397239264,
        "operatingIncome": 52100000,
        "operatingIncomeRatio": 0.0799079755,
        "totalOtherIncomeExpensesNet": -16800000,
        "incomeBeforeTax": 20300000,
        "incomeBeforeTaxRatio": 0.0311349693,
        "incomeTaxExpense": 5500000,
        "netIncome": 14900000,
        "netIncomeRatio": 0.0228527607,
        "eps": 0.16,
        "epsdiluted": 0.16,
        "weightedAverageShsOut": 92500000,
        "weightedAverageShsOutDil": 92800000,
        "link": "https://www.sec.gov/Archives/edgar/data/861878/000162828024007388/0001628280-24-007388-index.htm",
        "finalLink": "https://www.sec.gov/Archives/edgar/data/861878/000162828024007388/scl-20231231.htm"
    },
    {
        "date": "2023-09-30",
        "symbol": "SRCL",
        "reportedCurrency": "USD",
        "cik": "0000861878",
        "fillingDate": "2023-11-02",
        "acceptedDate": "2023-11-02 07:06:56",
        "calendarYear": "2023",
        "period": "Q3",
        "revenue": 653500000,
        "costOfRevenue": 407800000,
        "grossProfit": 245700000,
        "grossProfitRatio": 0.3759755164,
        "researchAndDevelopmentExpenses": 0,
        "generalAndAdministrativeExpenses": 0,
        "sellingAndMarketingExpenses": 0,
        "sellingGeneralAndAdministrativeExpenses": 217300000,
        "otherExpenses": 100000,
        "operatingExpenses": 217300000,
        "costAndExpenses": 625100000,
        "interestIncome": 0,
        "interestExpense": 17400000,
        "depreciationAndAmortization": 54000000,
        "ebitda": 96400000,
        "ebitdaratio": 0.1475133894,
        "operatingIncome": 24200000,
        "operatingIncomeRatio": 0.0370313695,
        "totalOtherIncomeExpensesNet": -17300000,
        "incomeBeforeTax": 6900000,
        "incomeBeforeTaxRatio": 0.010558531,
        "incomeTaxExpense": 4800000,
        "netIncome": 2000000,
        "netIncomeRatio": 0.0030604438,
        "eps": 0.0216,
        "epsdiluted": 0.0215,
        "weightedAverageShsOut": 92500000,
        "weightedAverageShsOutDil": 92900000,
        "link": "https://www.sec.gov/Archives/edgar/data/861878/000162828023036184/0001628280-23-036184-index.htm",
        "finalLink": "https://www.sec.gov/Archives/edgar/data/861878/000162828023036184/scl-20230930.htm"
    },
    {
        "date": "2023-06-30",
        "symbol": "SRCL",
        "reportedCurrency": "USD",
        "cik": "0000861878",
        "fillingDate": "2023-07-27",
        "acceptedDate": "2023-07-27 07:07:01",
        "calendarYear": "2023",
        "period": "Q2",
        "revenue": 669500000,
        "costOfRevenue": 418400000,
        "grossProfit": 251100000,
        "grossProfitRatio": 0.3750560119,
        "researchAndDevelopmentExpenses": 0,
        "generalAndAdministrativeExpenses": 0,
        "sellingAndMarketingExpenses": 0,
        "sellingGeneralAndAdministrativeExpenses": 220900000,
        "otherExpenses": -600000,
        "operatingExpenses": 220900000,
        "costAndExpenses": 639300000,
        "interestIncome": 0,
        "interestExpense": 19100000,
        "depreciationAndAmortization": 54100000,
        "ebitda": 29500000,
        "ebitdaratio": 0.0440627334,
        "operatingIncome": -24000000,
        "operatingIncomeRatio": -0.0358476475,
        "totalOtherIncomeExpensesNet": -19700000,
        "incomeBeforeTax": -43700000,
        "incomeBeforeTaxRatio": -0.0652725915,
        "incomeTaxExpense": 5800000,
        "netIncome": -49500000,
        "netIncomeRatio": -0.073935773,
        "eps": -0.54,
        "epsdiluted": -0.54,
        "weightedAverageShsOut": 92500000,
        "weightedAverageShsOutDil": 92500000,
        "link": "https://www.sec.gov/Archives/edgar/data/861878/000162828023025817/0001628280-23-025817-index.htm",
        "finalLink": "https://www.sec.gov/Archives/edgar/data/861878/000162828023025817/scl-20230630.htm"
    },
    {
        "date": "2023-03-31",
        "symbol": "SRCL",
        "reportedCurrency": "USD",
        "cik": "0000861878",
        "fillingDate": "2023-04-27",
        "acceptedDate": "2023-04-27 06:55:15",
        "calendarYear": "2023",
        "period": "Q1",
        "revenue": 684300000,
        "costOfRevenue": 423300000,
        "grossProfit": 261000000,
        "grossProfitRatio": 0.3814116616,
        "researchAndDevelopmentExpenses": 0,
        "generalAndAdministrativeExpenses": 0,
        "sellingAndMarketingExpenses": 0,
        "sellingGeneralAndAdministrativeExpenses": 216000000,
        "otherExpenses": 200000,
        "operatingExpenses": 216000000,
        "costAndExpenses": 639300000,
        "interestIncome": 0,
        "interestExpense": 20400000,
        "depreciationAndAmortization": 54800000,
        "ebitda": 110900000,
        "ebitdaratio": 0.1620634225,
        "operatingIncome": 40000000,
        "operatingIncomeRatio": 0.0584538945,
        "totalOtherIncomeExpensesNet": -20200000,
        "incomeBeforeTax": 19800000,
        "incomeBeforeTaxRatio": 0.0289346778,
        "incomeTaxExpense": 8500000,
        "netIncome": 11200000,
        "netIncomeRatio": 0.0163670905,
        "eps": 0.12,
        "epsdiluted": 0.12,
        "weightedAverageShsOut": 92300000,
        "weightedAverageShsOutDil": 92700000,
        "link": "https://www.sec.gov/Archives/edgar/data/861878/000162828023013354/0001628280-23-013354-index.htm",
        "finalLink": "https://www.sec.gov/Archives/edgar/data/861878/000162828023013354/scl-20230331.htm"
    },
    {
        "date": "2022-12-31",
        "symbol": "SRCL",
        "reportedCurrency": "USD",
        "cik": "0000861878",
        "fillingDate": "2023-02-23",
        "acceptedDate": "2023-02-23 07:02:57",
        "calendarYear": "2022",
        "period": "Q4",
        "revenue": 670400000,
        "costOfRevenue": 416000000,
        "grossProfit": 254400000,
        "grossProfitRatio": 0.3794749403,
        "researchAndDevelopmentExpenses": 0,
        "generalAndAdministrativeExpenses": 0,
        "sellingAndMarketingExpenses": 0,
        "sellingGeneralAndAdministrativeExpenses": 210900000,
        "otherExpenses": -100000,
        "operatingExpenses": 210900000,
        "costAndExpenses": 626900000,
        "interestIncome": 0,
        "interestExpense": 20900000,
        "depreciationAndAmortization": 56300000,
        "ebitda": 98500000,
        "ebitdaratio": 0.1469272076,
        "operatingIncome": -12900000,
        "operatingIncomeRatio": -0.0192422434,
        "totalOtherIncomeExpensesNet": -21000000,
        "incomeBeforeTax": 38100000,
        "incomeBeforeTaxRatio": 0.0568317422,
        "incomeTaxExpense": 6000000,
        "netIncome": 31800000,
        "netIncomeRatio": 0.0474343675,
        "eps": 0.34,
        "epsdiluted": 0.34,
        "weightedAverageShsOut": 92200000,
        "weightedAverageShsOutDil": 92500000,
        "link": "https://www.sec.gov/Archives/edgar/data/861878/000162828023004676/0001628280-23-004676-index.htm",
        "finalLink": "https://www.sec.gov/Archives/edgar/data/861878/000162828023004676/scl-20221231.htm"
    },
    {
        "date": "2022-09-30",
        "symbol": "SRCL",
        "reportedCurrency": "USD",
        "cik": "0000861878",
        "fillingDate": "2022-11-03",
        "acceptedDate": "2022-11-03 06:53:05",
        "calendarYear": "2022",
        "period": "Q3",
        "revenue": 690300000,
        "costOfRevenue": 424100000,
        "grossProfit": 266200000,
        "grossProfitRatio": 0.3856294365,
        "researchAndDevelopmentExpenses": 0,
        "generalAndAdministrativeExpenses": 0,
        "sellingAndMarketingExpenses": 0,
        "sellingGeneralAndAdministrativeExpenses": 215600000,
        "otherExpenses": 0,
        "operatingExpenses": 215600000,
        "costAndExpenses": 639700000,
        "interestIncome": 0,
        "interestExpense": 19800000,
        "depreciationAndAmortization": 58700000,
        "ebitda": 111600000,
        "ebitdaratio": 0.1616688396,
        "operatingIncome": 50600000,
        "operatingIncomeRatio": 0.0733014631,
        "totalOtherIncomeExpensesNet": -17500000,
        "incomeBeforeTax": 33100000,
        "incomeBeforeTaxRatio": 0.0479501666,
        "incomeTaxExpense": 5100000,
        "netIncome": 28000000,
        "netIncomeRatio": 0.0405620745,
        "eps": 0.3,
        "epsdiluted": 0.3,
        "weightedAverageShsOut": 92200000,
        "weightedAverageShsOutDil": 92400000,
        "link": "https://www.sec.gov/Archives/edgar/data/861878/000162828022027940/0001628280-22-027940-index.htm",
        "finalLink": "https://www.sec.gov/Archives/edgar/data/861878/000162828022027940/scl-20220930.htm"
    },
    {
        "date": "2022-06-30",
        "symbol": "SRCL",
        "reportedCurrency": "USD",
        "cik": "0000861878",
        "fillingDate": "2022-08-05",
        "acceptedDate": "2022-08-05 07:00:05",
        "calendarYear": "2022",
        "period": "Q2",
        "revenue": 679800000,
        "costOfRevenue": 419300000,
        "grossProfit": 260500000,
        "grossProfitRatio": 0.3832009415,
        "researchAndDevelopmentExpenses": 0,
        "generalAndAdministrativeExpenses": 0,
        "sellingAndMarketingExpenses": 0,
        "sellingGeneralAndAdministrativeExpenses": 222400000,
        "otherExpenses": -700000,
        "operatingExpenses": 222400000,
        "costAndExpenses": 641700000,
        "interestIncome": 0,
        "interestExpense": 18500000,
        "depreciationAndAmortization": 57800000,
        "ebitda": 95200000,
        "ebitdaratio": 0.1400411886,
        "operatingIncome": 38100000,
        "operatingIncomeRatio": 0.0560458959,
        "totalOtherIncomeExpensesNet": -19200000,
        "incomeBeforeTax": 18900000,
        "incomeBeforeTaxRatio": 0.0278022948,
        "incomeTaxExpense": 8400000,
        "netIncome": 10500000,
        "netIncomeRatio": 0.0154457193,
        "eps": 0.11,
        "epsdiluted": 0.11,
        "weightedAverageShsOut": 92100000,
        "weightedAverageShsOutDil": 92200000,
        "link": "https://www.sec.gov/Archives/edgar/data/861878/000162828022021221/0001628280-22-021221-index.htm",
        "finalLink": "https://www.sec.gov/Archives/edgar/data/861878/000162828022021221/scl-20220630.htm"
    },
    {
        "date": "2022-03-31",
        "symbol": "SRCL",
        "reportedCurrency": "USD",
        "cik": "0000861878",
        "fillingDate": "2022-04-28",
        "acceptedDate": "2022-04-28 07:14:42",
        "calendarYear": "2022",
        "period": "Q1",
        "revenue": 664200000,
        "costOfRevenue": 419700000,
        "grossProfit": 244500000,
        "grossProfitRatio": 0.3681120145,
        "researchAndDevelopmentExpenses": 0,
        "generalAndAdministrativeExpenses": 0,
        "sellingAndMarketingExpenses": 0,
        "sellingGeneralAndAdministrativeExpenses": 238600000,
        "otherExpenses": -800000,
        "operatingExpenses": 238600000,
        "costAndExpenses": 658300000,
        "interestIncome": 0,
        "interestExpense": 16300000,
        "depreciationAndAmortization": 59700000,
        "ebitda": 64800000,
        "ebitdaratio": 0.0975609756,
        "operatingIncome": 5900000,
        "operatingIncomeRatio": 0.0088828666,
        "totalOtherIncomeExpensesNet": -17100000,
        "incomeBeforeTax": -11200000,
        "incomeBeforeTaxRatio": -0.0168623908,
        "incomeTaxExpense": 2900000,
        "netIncome": -14100000,
        "netIncomeRatio": -0.0212285456,
        "eps": -0.15,
        "epsdiluted": -0.15,
        "weightedAverageShsOut": 92000000,
        "weightedAverageShsOutDil": 92000000,
        "link": "https://www.sec.gov/Archives/edgar/data/861878/000162828022010920/0001628280-22-010920-index.htm",
        "finalLink": "https://www.sec.gov/Archives/edgar/data/861878/000162828022010920/scl-20220331.htm"
    },
    {
        "date": "2021-12-31",
        "symbol": "SRCL",
        "reportedCurrency": "USD",
        "cik": "0000861878",
        "fillingDate": "2022-02-24",
        "acceptedDate": "2022-02-24 07:10:30",
        "calendarYear": "2021",
        "period": "Q4",
        "revenue": 657300000,
        "costOfRevenue": 410300000,
        "grossProfit": 247000000,
        "grossProfitRatio": 0.3757797049,
        "researchAndDevelopmentExpenses": 0,
        "generalAndAdministrativeExpenses": 0,
        "sellingAndMarketingExpenses": 0,
        "sellingGeneralAndAdministrativeExpenses": 251400000,
        "otherExpenses": -200000,
        "operatingExpenses": 251400000,
        "costAndExpenses": 661700000,
        "interestIncome": 0,
        "interestExpense": 16800000,
        "depreciationAndAmortization": 56900000,
        "ebitda": 92300000,
        "ebitdaratio": 0.1404229423,
        "operatingIncome": 8200000,
        "operatingIncomeRatio": 0.0124752777,
        "totalOtherIncomeExpensesNet": -17000000,
        "incomeBeforeTax": -8800000,
        "incomeBeforeTaxRatio": -0.0133881028,
        "incomeTaxExpense": 7600000,
        "netIncome": -17200000,
        "netIncomeRatio": -0.0261676556,
        "eps": -0.19,
        "epsdiluted": -0.19,
        "weightedAverageShsOut": 90625049,
        "weightedAverageShsOutDil": 91900000,
        "link": "https://www.sec.gov/Archives/edgar/data/861878/000162828022003634/0001628280-22-003634-index.htm",
        "finalLink": "https://www.sec.gov/Archives/edgar/data/861878/000162828022003634/scl-20211231.htm"
    },
    {
        "date": "2021-09-30",
        "symbol": "SRCL",
        "reportedCurrency": "USD",
        "cik": "0000861878",
        "fillingDate": "2021-11-02",
        "acceptedDate": "2021-11-02 07:15:47",
        "calendarYear": "2021",
        "period": "Q3",
        "revenue": 648900000,
        "costOfRevenue": 409200000,
        "grossProfit": 239700000,
        "grossProfitRatio": 0.3693943597,
        "researchAndDevelopmentExpenses": 0,
        "generalAndAdministrativeExpenses": 0,
        "sellingAndMarketingExpenses": 0,
        "sellingGeneralAndAdministrativeExpenses": 279400000,
        "otherExpenses": 500000,
        "operatingExpenses": 279400000,
        "costAndExpenses": 688600000,
        "interestIncome": 0,
        "interestExpense": 18800000,
        "depreciationAndAmortization": 56700000,
        "ebitda": 6600000,
        "ebitdaratio": 0.0101710587,
        "operatingIncome": -50600000,
        "operatingIncomeRatio": -0.0779781168,
        "totalOtherIncomeExpensesNet": -18300000,
        "incomeBeforeTax": -68900000,
        "incomeBeforeTaxRatio": -0.1061796887,
        "incomeTaxExpense": -3000000,
        "netIncome": -66000000,
        "netIncomeRatio": -0.1017105871,
        "eps": -0.72,
        "epsdiluted": -0.72,
        "weightedAverageShsOut": 91666666,
        "weightedAverageShsOutDil": 91900000,
        "link": "https://www.sec.gov/Archives/edgar/data/861878/000162828021021085/0001628280-21-021085-index.htm",
        "finalLink": "https://www.sec.gov/Archives/edgar/data/861878/000162828021021085/scl-20210930.htm"
    },
    {
        "date": "2021-06-30",
        "symbol": "SRCL",
        "reportedCurrency": "USD",
        "cik": "0000861878",
        "fillingDate": "2021-08-06",
        "acceptedDate": "2021-08-06 07:15:05",
        "calendarYear": "2021",
        "period": "Q2",
        "revenue": 672700000,
        "costOfRevenue": 403600000,
        "grossProfit": 269100000,
        "grossProfitRatio": 0.4000297309,
        "researchAndDevelopmentExpenses": 0,
        "generalAndAdministrativeExpenses": 0,
        "sellingAndMarketingExpenses": 0,
        "sellingGeneralAndAdministrativeExpenses": 213500000,
        "otherExpenses": 700000,
        "operatingExpenses": 213500000,
        "costAndExpenses": 617100000,
        "interestIncome": 0,
        "interestExpense": 17900000,
        "depreciationAndAmortization": 55000000,
        "ebitda": 111300000,
        "ebitdaratio": 0.1654526535,
        "operatingIncome": 55600000,
        "operatingIncomeRatio": 0.0826519994,
        "totalOtherIncomeExpensesNet": -17200000,
        "incomeBeforeTax": 38400000,
        "incomeBeforeTaxRatio": 0.0570833953,
        "incomeTaxExpense": 9100000,
        "netIncome": 29300000,
        "netIncomeRatio": 0.0435558198,
        "eps": 0.32,
        "epsdiluted": 0.32,
        "weightedAverageShsOut": 91800000,
        "weightedAverageShsOutDil": 92100000,
        "link": "https://www.sec.gov/Archives/edgar/data/861878/000162828021015979/0001628280-21-015979-index.htm",
        "finalLink": "https://www.sec.gov/Archives/edgar/data/861878/000162828021015979/scl-20210630.htm"
    },
    {
        "date": "2021-03-31",
        "symbol": "SRCL",
        "reportedCurrency": "USD",
        "cik": "0000861878",
        "fillingDate": "2021-04-29",
        "acceptedDate": "2021-04-29 07:15:47",
        "calendarYear": "2021",
        "period": "Q1",
        "revenue": 668000000,
        "costOfRevenue": 406600000,
        "grossProfit": 261400000,
        "grossProfitRatio": 0.3913173653,
        "researchAndDevelopmentExpenses": 0,
        "generalAndAdministrativeExpenses": 0,
        "sellingAndMarketingExpenses": 0,
        "sellingGeneralAndAdministrativeExpenses": 202300000,
        "otherExpenses": -700000,
        "operatingExpenses": 202300000,
        "costAndExpenses": 608900000,
        "interestIncome": 0,
        "interestExpense": 18400000,
        "depreciationAndAmortization": 55300000,
        "ebitda": 113700000,
        "ebitdaratio": 0.1702095808,
        "operatingIncome": 59100000,
        "operatingIncomeRatio": 0.0884730539,
        "totalOtherIncomeExpensesNet": -19100000,
        "incomeBeforeTax": 40000000,
        "incomeBeforeTaxRatio": 0.0598802395,
        "incomeTaxExpense": 13800000,
        "netIncome": 26100000,
        "netIncomeRatio": 0.0390718563,
        "eps": 0.29,
        "epsdiluted": 0.28,
        "weightedAverageShsOut": 91600000,
        "weightedAverageShsOutDil": 92000000,
        "link": "https://www.sec.gov/Archives/edgar/data/861878/000162828021008031/0001628280-21-008031-index.htm",
        "finalLink": "https://www.sec.gov/Archives/edgar/data/861878/000162828021008031/scl-20210331.htm"
    },
    {
        "date": "2020-12-31",
        "symbol": "SRCL",
        "reportedCurrency": "USD",
        "cik": "0000861878",
        "fillingDate": "2021-02-25",
        "acceptedDate": "2021-02-25 07:16:23",
        "calendarYear": "2020",
        "period": "Q4",
        "revenue": 655900000,
        "costOfRevenue": 386400000,
        "grossProfit": 269500000,
        "grossProfitRatio": 0.4108858058,
        "researchAndDevelopmentExpenses": 0,
        "generalAndAdministrativeExpenses": 218900000,
        "sellingAndMarketingExpenses": 0,
        "sellingGeneralAndAdministrativeExpenses": 218900000,
        "otherExpenses": -1200000,
        "operatingExpenses": 218900000,
        "costAndExpenses": 605300000,
        "interestIncome": 0,
        "interestExpense": 19900000,
        "depreciationAndAmortization": 55700000,
        "ebitda": 130600000,
        "ebitdaratio": 0.1991157189,
        "operatingIncome": 93200000,
        "operatingIncomeRatio": 0.1420948315,
        "totalOtherIncomeExpensesNet": -21100000,
        "incomeBeforeTax": 72100000,
        "incomeBeforeTaxRatio": 0.1099252935,
        "incomeTaxExpense": 23100000,
        "netIncome": 48500000,
        "netIncomeRatio": 0.0739441988,
        "eps": 0.53,
        "epsdiluted": 0.53,
        "weightedAverageShsOut": 91500000,
        "weightedAverageShsOutDil": 91800000,
        "link": "https://www.sec.gov/Archives/edgar/data/861878/000162828021003165/0001628280-21-003165-index.htm",
        "finalLink": "https://www.sec.gov/Archives/edgar/data/861878/000162828021003165/scl-20201231.htm"
    },
    {
        "date": "2020-09-30",
        "symbol": "SRCL",
        "reportedCurrency": "USD",
        "cik": "0000861878",
        "fillingDate": "2020-11-05",
        "acceptedDate": "2020-11-05 07:15:52",
        "calendarYear": "2020",
        "period": "Q3",
        "revenue": 636400000,
        "costOfRevenue": 369100000,
        "grossProfit": 267300000,
        "grossProfitRatio": 0.4200188561,
        "researchAndDevelopmentExpenses": 0,
        "generalAndAdministrativeExpenses": 0,
        "sellingAndMarketingExpenses": 0,
        "sellingGeneralAndAdministrativeExpenses": 219000000,
        "otherExpenses": -900000,
        "operatingExpenses": 219000000,
        "costAndExpenses": 588100000,
        "interestIncome": 0,
        "interestExpense": 17700000,
        "depreciationAndAmortization": 57700000,
        "ebitda": 1000000,
        "ebitdaratio": 0.0015713388,
        "operatingIncome": -55800000,
        "operatingIncomeRatio": -0.087680704,
        "totalOtherIncomeExpensesNet": -18600000,
        "incomeBeforeTax": -74400000,
        "incomeBeforeTaxRatio": -0.1169076053,
        "incomeTaxExpense": 6500000,
        "netIncome": -81200000,
        "netIncomeRatio": -0.127592709,
        "eps": -0.89,
        "epsdiluted": -0.89,
        "weightedAverageShsOut": 91235955,
        "weightedAverageShsOutDil": 91500000,
        "link": "https://www.sec.gov/Archives/edgar/data/861878/000162828020015591/0001628280-20-015591-index.htm",
        "finalLink": "https://www.sec.gov/Archives/edgar/data/861878/000162828020015591/scl-20200930.htm"
    },
    {
        "date": "2020-06-30",
        "symbol": "SRCL",
        "reportedCurrency": "USD",
        "cik": "0000861878",
        "fillingDate": "2020-08-06",
        "acceptedDate": "2020-08-06 07:15:56",
        "calendarYear": "2020",
        "period": "Q2",
        "revenue": 598200000,
        "costOfRevenue": 368500000,
        "grossProfit": 229700000,
        "grossProfitRatio": 0.3839852892,
        "researchAndDevelopmentExpenses": 0,
        "generalAndAdministrativeExpenses": 201000000,
        "sellingAndMarketingExpenses": 0,
        "sellingGeneralAndAdministrativeExpenses": 201000000,
        "otherExpenses": -1000000,
        "operatingExpenses": 201000000,
        "costAndExpenses": 569500000,
        "interestIncome": 0,
        "interestExpense": 19300000,
        "depreciationAndAmortization": 60200000,
        "ebitda": 113000000,
        "ebitdaratio": 0.1889000334,
        "operatingIncome": 24900000,
        "operatingIncomeRatio": 0.0416248746,
        "totalOtherIncomeExpensesNet": -20300000,
        "incomeBeforeTax": 4600000,
        "incomeBeforeTaxRatio": 0.0076897359,
        "incomeTaxExpense": 8700000,
        "netIncome": -4500000,
        "netIncomeRatio": -0.0075225677,
        "eps": -0.05,
        "epsdiluted": -0.0492,
        "weightedAverageShsOut": 90000000,
        "weightedAverageShsOutDil": 91400000,
        "link": "https://www.sec.gov/Archives/edgar/data/861878/000156459020037241/0001564590-20-037241-index.htm",
        "finalLink": "https://www.sec.gov/Archives/edgar/data/861878/000156459020037241/srcl-10q_20200630.htm"
    },
    {
        "date": "2020-03-31",
        "symbol": "SRCL",
        "reportedCurrency": "USD",
        "cik": "0000861878",
        "fillingDate": "2020-05-07",
        "acceptedDate": "2020-05-07 07:16:41",
        "calendarYear": "2020",
        "period": "Q1",
        "revenue": 785000000,
        "costOfRevenue": 498400000,
        "grossProfit": 286600000,
        "grossProfitRatio": 0.3650955414,
        "researchAndDevelopmentExpenses": 0,
        "generalAndAdministrativeExpenses": 258700000,
        "sellingAndMarketingExpenses": 0,
        "sellingGeneralAndAdministrativeExpenses": 258700000,
        "otherExpenses": 0,
        "operatingExpenses": 258700000,
        "costAndExpenses": 757100000,
        "interestIncome": 0,
        "interestExpense": 25000000,
        "depreciationAndAmortization": 59900000,
        "ebitda": 26600000,
        "ebitdaratio": 0.0338853503,
        "operatingIncome": -30400000,
        "operatingIncomeRatio": -0.0387261146,
        "totalOtherIncomeExpensesNet": -27900000,
        "incomeBeforeTax": -58300000,
        "incomeBeforeTaxRatio": -0.0742675159,
        "incomeTaxExpense": -38400000,
        "netIncome": -20100000,
        "netIncomeRatio": -0.0256050955,
        "eps": -0.22,
        "epsdiluted": -0.22,
        "weightedAverageShsOut": 91300000,
        "weightedAverageShsOutDil": 91300000,
        "link": "https://www.sec.gov/Archives/edgar/data/861878/000156459020022359/0001564590-20-022359-index.htm",
        "finalLink": "https://www.sec.gov/Archives/edgar/data/861878/000156459020022359/srcl-10q_20200331.htm"
    },
    {
        "date": "2019-12-31",
        "symbol": "SRCL",
        "reportedCurrency": "USD",
        "cik": "0000861878",
        "fillingDate": "2020-02-28",
        "acceptedDate": "2020-02-28 13:10:13",
        "calendarYear": "2019",
        "period": "Q4",
        "revenue": 799900000,
        "costOfRevenue": 520400000,
        "grossProfit": 279500000,
        "grossProfitRatio": 0.3494186773,
        "researchAndDevelopmentExpenses": 0,
        "generalAndAdministrativeExpenses": 250000000,
        "sellingAndMarketingExpenses": -4300000,
        "sellingGeneralAndAdministrativeExpenses": 245700000,
        "otherExpenses": -2300000,
        "operatingExpenses": 245700000,
        "costAndExpenses": 766100000,
        "interestIncome": 0,
        "interestExpense": 27200000,
        "depreciationAndAmortization": 65700000,
        "ebitda": -114500000,
        "ebitdaratio": -0.1431428929,
        "operatingIncome": -198500000,
        "operatingIncomeRatio": -0.2481560195,
        "totalOtherIncomeExpensesNet": -29500000,
        "incomeBeforeTax": -228000000,
        "incomeBeforeTaxRatio": -0.2850356295,
        "incomeTaxExpense": -8800000,
        "netIncome": -219300000,
        "netIncomeRatio": -0.2741592699,
        "eps": -2.41,
        "epsdiluted": -2.4,
        "weightedAverageShsOut": 91000000,
        "weightedAverageShsOutDil": 91200000,
        "link": "https://www.sec.gov/Archives/edgar/data/861878/000156459020007716/0001564590-20-007716-index.htm",
        "finalLink": "https://www.sec.gov/Archives/edgar/data/861878/000156459020007716/srcl-10k_20191231.htm"
    },
    {
        "date": "2019-09-30",
        "symbol": "SRCL",
        "reportedCurrency": "USD",
        "cik": "0000861878",
        "fillingDate": "2019-10-31",
        "acceptedDate": "2019-10-31 07:37:25",
        "calendarYear": "2019",
        "period": "Q3",
        "revenue": 833100000,
        "costOfRevenue": 537800000,
        "grossProfit": 295300000,
        "grossProfitRatio": 0.3544592486,
        "researchAndDevelopmentExpenses": 0,
        "generalAndAdministrativeExpenses": 247400000,
        "sellingAndMarketingExpenses": 0,
        "sellingGeneralAndAdministrativeExpenses": 247400000,
        "otherExpenses": 0,
        "operatingExpenses": 247400000,
        "costAndExpenses": 785200000,
        "interestIncome": 0,
        "interestExpense": 29900000,
        "depreciationAndAmortization": 67700000,
        "ebitda": 30000000,
        "ebitdaratio": 0.0360100828,
        "operatingIncome": -34500000,
        "operatingIncomeRatio": -0.0414115952,
        "totalOtherIncomeExpensesNet": -33100000,
        "incomeBeforeTax": -67600000,
        "incomeBeforeTaxRatio": -0.08114272,
        "incomeTaxExpense": -8600000,
        "netIncome": -59200000,
        "netIncomeRatio": -0.0710598968,
        "eps": -0.65,
        "epsdiluted": -0.65,
        "weightedAverageShsOut": 91076923,
        "weightedAverageShsOutDil": 91100000,
        "link": "https://www.sec.gov/Archives/edgar/data/861878/000156459019038957/0001564590-19-038957-index.htm",
        "finalLink": "https://www.sec.gov/Archives/edgar/data/861878/000156459019038957/srcl-10q_20190930.htm"
    },
    {
        "date": "2019-06-30",
        "symbol": "SRCL",
        "reportedCurrency": "USD",
        "cik": "0000861878",
        "fillingDate": "2019-08-01",
        "acceptedDate": "2019-08-01 07:17:19",
        "calendarYear": "2019",
        "period": "Q2",
        "revenue": 845800000,
        "costOfRevenue": 543200000,
        "grossProfit": 302600000,
        "grossProfitRatio": 0.3577677938,
        "researchAndDevelopmentExpenses": 0,
        "generalAndAdministrativeExpenses": 277300000,
        "sellingAndMarketingExpenses": 0,
        "sellingGeneralAndAdministrativeExpenses": 277300000,
        "otherExpenses": -1800000,
        "operatingExpenses": 277300000,
        "costAndExpenses": 820500000,
        "interestIncome": 0,
        "interestExpense": 33600000,
        "depreciationAndAmortization": 69800000,
        "ebitda": 128800000,
        "ebitdaratio": 0.1522818633,
        "operatingIncome": 25300000,
        "operatingIncomeRatio": 0.0299125089,
        "totalOtherIncomeExpensesNet": -58500000,
        "incomeBeforeTax": -33200000,
        "incomeBeforeTaxRatio": -0.0392527784,
        "incomeTaxExpense": -3000000,
        "netIncome": -30500000,
        "netIncomeRatio": -0.0360605344,
        "eps": -0.34,
        "epsdiluted": -0.34,
        "weightedAverageShsOut": 91000000,
        "weightedAverageShsOutDil": 91000000,
        "link": "https://www.sec.gov/Archives/edgar/data/861878/000156459019027695/0001564590-19-027695-index.htm",
        "finalLink": "https://www.sec.gov/Archives/edgar/data/861878/000156459019027695/srcl-10q_20190630.htm"
    },
    {
        "date": "2019-03-31",
        "symbol": "SRCL",
        "reportedCurrency": "USD",
        "cik": "0000861878",
        "fillingDate": "2019-05-02",
        "acceptedDate": "2019-05-02 16:21:45",
        "calendarYear": "2019",
        "period": "Q1",
        "revenue": 830100000,
        "costOfRevenue": 533000000,
        "grossProfit": 297100000,
        "grossProfitRatio": 0.3579086857,
        "researchAndDevelopmentExpenses": 0,
        "generalAndAdministrativeExpenses": 280400000,
        "sellingAndMarketingExpenses": 0,
        "sellingGeneralAndAdministrativeExpenses": 280400000,
        "otherExpenses": -2200000,
        "operatingExpenses": 280400000,
        "costAndExpenses": 813400000,
        "interestIncome": 0,
        "interestExpense": 27600000,
        "depreciationAndAmortization": 69600000,
        "ebitda": 63200000,
        "ebitdaratio": 0.0761354054,
        "operatingIncome": -4200000,
        "operatingIncomeRatio": -0.0050596314,
        "totalOtherIncomeExpensesNet": -29800000,
        "incomeBeforeTax": -34000000,
        "incomeBeforeTaxRatio": -0.0409589206,
        "incomeTaxExpense": 3600000,
        "netIncome": -37800000,
        "netIncomeRatio": -0.0455366823,
        "eps": -0.42,
        "epsdiluted": -0.42,
        "weightedAverageShsOut": 90000000,
        "weightedAverageShsOutDil": 90700000,
        "link": "https://www.sec.gov/Archives/edgar/data/861878/000156459019015353/0001564590-19-015353-index.htm",
        "finalLink": "https://www.sec.gov/Archives/edgar/data/861878/000156459019015353/srcl-10q_20190331.htm"
    },
    {
        "date": "2018-12-31",
        "symbol": "SRCL",
        "reportedCurrency": "USD",
        "cik": "0000861878",
        "fillingDate": "2019-02-28",
        "acceptedDate": "2019-02-28 16:41:21",
        "calendarYear": "2018",
        "period": "Q4",
        "revenue": 852700000,
        "costOfRevenue": 524000000,
        "grossProfit": 328700000,
        "grossProfitRatio": 0.385481412,
        "researchAndDevelopmentExpenses": 0,
        "generalAndAdministrativeExpenses": 315900000,
        "sellingAndMarketingExpenses": 0,
        "sellingGeneralAndAdministrativeExpenses": 315900000,
        "otherExpenses": -1500000,
        "operatingExpenses": 315900000,
        "costAndExpenses": 839900000,
        "interestIncome": 0,
        "interestExpense": 28700000,
        "depreciationAndAmortization": 63700000,
        "ebitda": -283700000,
        "ebitdaratio": -0.3327078691,
        "operatingIncome": -345900000,
        "operatingIncomeRatio": -0.4056526328,
        "totalOtherIncomeExpensesNet": -30200000,
        "incomeBeforeTax": -376100000,
        "incomeBeforeTaxRatio": -0.4410695438,
        "incomeTaxExpense": -56900000,
        "netIncome": -318400000,
        "netIncomeRatio": -0.3734021344,
        "eps": -3.52,
        "epsdiluted": -3.51,
        "weightedAverageShsOut": 90558662,
        "weightedAverageShsOutDil": 90700000,
        "link": "https://www.sec.gov/Archives/edgar/data/861878/000156459019005500/0001564590-19-005500-index.htm",
        "finalLink": "https://www.sec.gov/Archives/edgar/data/861878/000156459019005500/srcl-10k_20181231.htm"
    },
    {
        "date": "2018-09-30",
        "symbol": "SRCL",
        "reportedCurrency": "USD",
        "cik": "0000861878",
        "fillingDate": "2018-11-01",
        "acceptedDate": "2018-11-01 16:32:30",
        "calendarYear": "2018",
        "period": "Q3",
        "revenue": 854900000,
        "costOfRevenue": 519400000,
        "grossProfit": 335500000,
        "grossProfitRatio": 0.3924435607,
        "researchAndDevelopmentExpenses": 0,
        "generalAndAdministrativeExpenses": 267200000,
        "sellingAndMarketingExpenses": 0,
        "sellingGeneralAndAdministrativeExpenses": 267200000,
        "otherExpenses": 0,
        "operatingExpenses": 267200000,
        "costAndExpenses": 786600000,
        "interestIncome": 0,
        "interestExpense": 27700000,
        "depreciationAndAmortization": 63900000,
        "ebitda": 126000000,
        "ebitdaratio": 0.1473856591,
        "operatingIncome": 68300000,
        "operatingIncomeRatio": 0.0798923851,
        "totalOtherIncomeExpensesNet": -33900000,
        "incomeBeforeTax": 34400000,
        "incomeBeforeTaxRatio": 0.0402386244,
        "incomeTaxExpense": 10900000,
        "netIncome": 23500000,
        "netIncomeRatio": 0.0274885952,
        "eps": 0.2,
        "epsdiluted": 0.2,
        "weightedAverageShsOut": 86700000,
        "weightedAverageShsOutDil": 86800000,
        "link": "https://www.sec.gov/Archives/edgar/data/861878/000156459018026268/0001564590-18-026268-index.htm",
        "finalLink": "https://www.sec.gov/Archives/edgar/data/861878/000156459018026268/srcl-10q_20180930.htm"
    },
    {
        "date": "2018-06-30",
        "symbol": "SRCL",
        "reportedCurrency": "USD",
        "cik": "0000861878",
        "fillingDate": "2018-08-02",
        "acceptedDate": "2018-08-02 16:32:03",
        "calendarYear": "2018",
        "period": "Q2",
        "revenue": 883300000,
        "costOfRevenue": 530000000,
        "grossProfit": 353300000,
        "grossProfitRatio": 0.3999773576,
        "researchAndDevelopmentExpenses": 0,
        "generalAndAdministrativeExpenses": 290900000,
        "sellingAndMarketingExpenses": 0,
        "sellingGeneralAndAdministrativeExpenses": 290900000,
        "otherExpenses": -600000,
        "operatingExpenses": 290900000,
        "costAndExpenses": 820900000,
        "interestIncome": 0,
        "interestExpense": 24600000,
        "depreciationAndAmortization": 65600000,
        "ebitda": 127400000,
        "ebitdaratio": 0.1442318578,
        "operatingIncome": 62400000,
        "operatingIncomeRatio": 0.0706441753,
        "totalOtherIncomeExpensesNet": -25200000,
        "incomeBeforeTax": 37200000,
        "incomeBeforeTaxRatio": 0.0421147968,
        "incomeTaxExpense": 9600000,
        "netIncome": 27700000,
        "netIncomeRatio": 0.0313596739,
        "eps": 0.31,
        "epsdiluted": 0.31,
        "weightedAverageShsOut": 85600000,
        "weightedAverageShsOutDil": 85800000,
        "link": "https://www.sec.gov/Archives/edgar/data/861878/000156459018018934/0001564590-18-018934-index.htm",
        "finalLink": "https://www.sec.gov/Archives/edgar/data/861878/000156459018018934/srcl-10q_20180630.htm"
    },
    {
        "date": "2018-03-31",
        "symbol": "SRCL",
        "reportedCurrency": "USD",
        "cik": "0000861878",
        "fillingDate": "2018-05-03",
        "acceptedDate": "2018-05-03 17:11:57",
        "calendarYear": "2018",
        "period": "Q1",
        "revenue": 895000000,
        "costOfRevenue": 536500000,
        "grossProfit": 358500000,
        "grossProfitRatio": 0.4005586592,
        "researchAndDevelopmentExpenses": 0,
        "generalAndAdministrativeExpenses": 304400000,
        "sellingAndMarketingExpenses": 0,
        "sellingGeneralAndAdministrativeExpenses": 304400000,
        "otherExpenses": 0,
        "operatingExpenses": 304400000,
        "costAndExpenses": 840900000,
        "interestIncome": 0,
        "interestExpense": 25000000,
        "depreciationAndAmortization": 62700000,
        "ebitda": 116800000,
        "ebitdaratio": 0.1305027933,
        "operatingIncome": 54100000,
        "operatingIncomeRatio": 0.0604469274,
        "totalOtherIncomeExpensesNet": -25000000,
        "incomeBeforeTax": 29100000,
        "incomeBeforeTaxRatio": 0.0325139665,
        "incomeTaxExpense": 6600000,
        "netIncome": 22500000,
        "netIncomeRatio": 0.0251396648,
        "eps": 0.25,
        "epsdiluted": 0.25,
        "weightedAverageShsOut": 85500000,
        "weightedAverageShsOutDil": 85800000,
        "link": "https://www.sec.gov/Archives/edgar/data/861878/000156459018010745/0001564590-18-010745-index.htm",
        "finalLink": "https://www.sec.gov/Archives/edgar/data/861878/000156459018010745/srcl-10q_20180331.htm"
    },
    {
        "date": "2017-12-31",
        "symbol": "SRCL",
        "reportedCurrency": "USD",
        "cik": "0000861878",
        "fillingDate": "2018-02-26",
        "acceptedDate": "2018-02-23 19:26:22",
        "calendarYear": "2017",
        "period": "Q4",
        "revenue": 887800000,
        "costOfRevenue": 543800000,
        "grossProfit": 344000000,
        "grossProfitRatio": 0.3874746565,
        "researchAndDevelopmentExpenses": 0,
        "generalAndAdministrativeExpenses": 475294000,
        "sellingAndMarketingExpenses": -107894000,
        "sellingGeneralAndAdministrativeExpenses": 367400000,
        "otherExpenses": -1100000,
        "operatingExpenses": 367400000,
        "costAndExpenses": 911200000,
        "interestIncome": 49000,
        "interestExpense": 22200000,
        "depreciationAndAmortization": 72367000,
        "ebitda": 47849000,
        "ebitdaratio": 0.0538961478,
        "operatingIncome": -23400000,
        "operatingIncomeRatio": -0.0263572877,
        "totalOtherIncomeExpensesNet": -23302000,
        "incomeBeforeTax": -46700000,
        "incomeBeforeTaxRatio": -0.0526019374,
        "incomeTaxExpense": -136300000,
        "netIncome": 89200000,
        "netIncomeRatio": 0.1004730795,
        "eps": 0.98,
        "epsdiluted": 0.97,
        "weightedAverageShsOut": 85400000,
        "weightedAverageShsOutDil": 85600000,
        "link": "https://www.sec.gov/Archives/edgar/data/861878/000156459018003082/0001564590-18-003082-index.htm",
        "finalLink": "https://www.sec.gov/Archives/edgar/data/861878/000156459018003082/srcl-10k_20171231.htm"
    },
    {
        "date": "2017-09-30",
        "symbol": "SRCL",
        "reportedCurrency": "USD",
        "cik": "0000861878",
        "fillingDate": "2017-11-08",
        "acceptedDate": "2017-11-08 16:59:58",
        "calendarYear": "2017",
        "period": "Q3",
        "revenue": 882774000,
        "costOfRevenue": 514735000,
        "grossProfit": 368039000,
        "grossProfitRatio": 0.4169119163,
        "researchAndDevelopmentExpenses": 0,
        "generalAndAdministrativeExpenses": 237815000,
        "sellingAndMarketingExpenses": 0,
        "sellingGeneralAndAdministrativeExpenses": 237815000,
        "otherExpenses": -2272000,
        "operatingExpenses": 274436000,
        "costAndExpenses": 789171000,
        "interestIncome": 149000,
        "interestExpense": 24631000,
        "depreciationAndAmortization": 60294000,
        "ebitda": 151774000,
        "ebitdaratio": 0.1719284891,
        "operatingIncome": 93603000,
        "operatingIncomeRatio": 0.1060328011,
        "totalOtherIncomeExpensesNet": -26754000,
        "incomeBeforeTax": 66849000,
        "incomeBeforeTaxRatio": 0.0757260635,
        "incomeTaxExpense": 27780000,
        "netIncome": 39038000,
        "netIncomeRatio": 0.0442219639,
        "eps": 0.42,
        "epsdiluted": 0.41,
        "weightedAverageShsOut": 85300000,
        "weightedAverageShsOutDil": 85600000,
        "link": "https://www.sec.gov/Archives/edgar/data/861878/000156459017022821/0001564590-17-022821-index.htm",
        "finalLink": "https://www.sec.gov/Archives/edgar/data/861878/000156459017022821/srcl-10q_20170930.htm"
    },
    {
        "date": "2017-06-30",
        "symbol": "SRCL",
        "reportedCurrency": "USD",
        "cik": "0000861878",
        "fillingDate": "2017-08-09",
        "acceptedDate": "2017-08-09 17:11:36",
        "calendarYear": "2017",
        "period": "Q2",
        "revenue": 917733000,
        "costOfRevenue": 535981000,
        "grossProfit": 381752000,
        "grossProfitRatio": 0.4159728374,
        "researchAndDevelopmentExpenses": 0,
        "generalAndAdministrativeExpenses": 538150000,
        "sellingAndMarketingExpenses": 29481000,
        "sellingGeneralAndAdministrativeExpenses": 567631000,
        "otherExpenses": -1607000,
        "operatingExpenses": 574106000,
        "costAndExpenses": 1110087000,
        "interestIncome": 28000,
        "interestExpense": 23744000,
        "depreciationAndAmortization": 58660000,
        "ebitda": -135273000,
        "ebitdaratio": -0.1473990801,
        "operatingIncome": -192354000,
        "operatingIncomeRatio": -0.2095969089,
        "totalOtherIncomeExpensesNet": -25405000,
        "incomeBeforeTax": -217705000,
        "incomeBeforeTaxRatio": -0.2372204116,
        "incomeTaxExpense": -73513000,
        "netIncome": -144042000,
        "netIncomeRatio": -0.1569541468,
        "eps": -1.69,
        "epsdiluted": -1.69,
        "weightedAverageShsOut": 85300000,
        "weightedAverageShsOutDil": 85300000,
        "link": "https://www.sec.gov/Archives/edgar/data/861878/000156459017017033/0001564590-17-017033-index.htm",
        "finalLink": "https://www.sec.gov/Archives/edgar/data/861878/000156459017017033/srcl-10q_20170630.htm"
    },
    {
        "date": "2017-03-31",
        "symbol": "SRCL",
        "reportedCurrency": "USD",
        "cik": "0000861878",
        "fillingDate": "2017-05-10",
        "acceptedDate": "2017-05-10 16:23:22",
        "calendarYear": "2017",
        "period": "Q1",
        "revenue": 892399000,
        "costOfRevenue": 523737000,
        "grossProfit": 368662000,
        "grossProfitRatio": 0.4131134168,
        "researchAndDevelopmentExpenses": 0,
        "generalAndAdministrativeExpenses": 218841000,
        "sellingAndMarketingExpenses": 29089000,
        "sellingGeneralAndAdministrativeExpenses": 247930000,
        "otherExpenses": -1544000,
        "operatingExpenses": 254113000,
        "costAndExpenses": 777850000,
        "interestIncome": 74000,
        "interestExpense": 23300000,
        "depreciationAndAmortization": 58179000,
        "ebitda": 171258000,
        "ebitdaratio": 0.1919074315,
        "operatingIncome": 114549000,
        "operatingIncomeRatio": 0.1283607445,
        "totalOtherIncomeExpensesNet": -24844000,
        "incomeBeforeTax": 89705000,
        "incomeBeforeTaxRatio": 0.1005211794,
        "incomeTaxExpense": 31148000,
        "netIncome": 58189000,
        "netIncomeRatio": 0.0652051381,
        "eps": 0.63,
        "epsdiluted": 0.62,
        "weightedAverageShsOut": 85200000,
        "weightedAverageShsOutDil": 85600000,
        "link": "https://www.sec.gov/Archives/edgar/data/861878/000156459017010259/0001564590-17-010259-index.htm",
        "finalLink": "https://www.sec.gov/Archives/edgar/data/861878/000156459017010259/srcl-10q_20170331.htm"
    },
    {
        "date": "2016-12-31",
        "symbol": "SRCL",
        "reportedCurrency": "USD",
        "cik": "0000861878",
        "fillingDate": "2017-03-15",
        "acceptedDate": "2017-03-14 18:40:44",
        "calendarYear": "2016",
        "period": "Q4",
        "revenue": 906396000,
        "costOfRevenue": 532723000,
        "grossProfit": 373673000,
        "grossProfitRatio": 0.4122624107,
        "researchAndDevelopmentExpenses": 0,
        "generalAndAdministrativeExpenses": 267196000,
        "sellingAndMarketingExpenses": 22907000,
        "sellingGeneralAndAdministrativeExpenses": 290103000,
        "otherExpenses": -7149000,
        "operatingExpenses": 299758000,
        "costAndExpenses": 832481000,
        "interestIncome": 27000,
        "interestExpense": 24620000,
        "depreciationAndAmortization": 56208000,
        "ebitda": 123001000,
        "ebitdaratio": 0.1357033791,
        "operatingIncome": 73915000,
        "operatingIncomeRatio": 0.0815482416,
        "totalOtherIncomeExpensesNet": -32104000,
        "incomeBeforeTax": 42146000,
        "incomeBeforeTaxRatio": 0.04649844,
        "incomeTaxExpense": 23635000,
        "netIncome": 18354000,
        "netIncomeRatio": 0.0202494274,
        "eps": 0.14,
        "epsdiluted": 0.14,
        "weightedAverageShsOut": 85152700,
        "weightedAverageShsOutDil": 85433490,
        "link": "https://www.sec.gov/Archives/edgar/data/861878/000156459017004325/0001564590-17-004325-index.htm",
        "finalLink": "https://www.sec.gov/Archives/edgar/data/861878/000156459017004325/srcl-10k_20161231.htm"
    },
    {
        "date": "2016-09-30",
        "symbol": "SRCL",
        "reportedCurrency": "USD",
        "cik": "0000861878",
        "fillingDate": "2016-11-09",
        "acceptedDate": "2016-11-09 14:44:10",
        "calendarYear": "2016",
        "period": "Q3",
        "revenue": 890144000,
        "costOfRevenue": 510884000,
        "grossProfit": 379260000,
        "grossProfitRatio": 0.426065895,
        "researchAndDevelopmentExpenses": 0,
        "generalAndAdministrativeExpenses": 212117000,
        "sellingAndMarketingExpenses": 33128000,
        "sellingGeneralAndAdministrativeExpenses": 245245000,
        "otherExpenses": 2932000,
        "operatingExpenses": 254743000,
        "costAndExpenses": 765627000,
        "interestIncome": 21000,
        "interestExpense": 24690000,
        "depreciationAndAmortization": 65356000,
        "ebitda": 222219000,
        "ebitdaratio": 0.2496438778,
        "operatingIncome": 124517000,
        "operatingIncomeRatio": 0.1398841086,
        "totalOtherIncomeExpensesNet": -21758000,
        "incomeBeforeTax": 102759000,
        "incomeBeforeTaxRatio": 0.1154408725,
        "incomeTaxExpense": 37586000,
        "netIncome": 64795000,
        "netIncomeRatio": 0.0727915933,
        "eps": 0.72,
        "epsdiluted": 0.72,
        "weightedAverageShsOut": 85060835,
        "weightedAverageShsOutDil": 85570529,
        "link": "https://www.sec.gov/Archives/edgar/data/861878/000156459016028562/0001564590-16-028562-index.htm",
        "finalLink": "https://www.sec.gov/Archives/edgar/data/861878/000156459016028562/srcl-10q_20160930.htm"
    },
    {
        "date": "2016-06-30",
        "symbol": "SRCL",
        "reportedCurrency": "USD",
        "cik": "0000861878",
        "fillingDate": "2016-08-09",
        "acceptedDate": "2016-08-09 17:28:14",
        "calendarYear": "2016",
        "period": "Q2",
        "revenue": 891621000,
        "costOfRevenue": 510526000,
        "grossProfit": 381095000,
        "grossProfitRatio": 0.4274181519,
        "researchAndDevelopmentExpenses": 0,
        "generalAndAdministrativeExpenses": 222378000,
        "sellingAndMarketingExpenses": 50909000,
        "sellingGeneralAndAdministrativeExpenses": 273287000,
        "otherExpenses": -2118000,
        "operatingExpenses": 281387000,
        "costAndExpenses": 791913000,
        "interestIncome": 9000,
        "interestExpense": 24358000,
        "depreciationAndAmortization": 8100000,
        "ebitda": 223814000,
        "ebitdaratio": 0.2510192111,
        "operatingIncome": 99708000,
        "operatingIncomeRatio": 0.1118277833,
        "totalOtherIncomeExpensesNet": -26476000,
        "incomeBeforeTax": 73232000,
        "incomeBeforeTaxRatio": 0.0821335523,
        "incomeTaxExpense": 27002000,
        "netIncome": 46034000,
        "netIncomeRatio": 0.0516295601,
        "eps": 0.44,
        "epsdiluted": 0.43,
        "weightedAverageShsOut": 84965277,
        "weightedAverageShsOutDil": 85760686,
        "link": "https://www.sec.gov/Archives/edgar/data/861878/000156459016023767/0001564590-16-023767-index.htm",
        "finalLink": "https://www.sec.gov/Archives/edgar/data/861878/000156459016023767/srcl-10q_20160630.htm"
    },
    {
        "date": "2016-03-31",
        "symbol": "SRCL",
        "reportedCurrency": "USD",
        "cik": "0000861878",
        "fillingDate": "2016-05-09",
        "acceptedDate": "2016-05-09 17:11:19",
        "calendarYear": "2016",
        "period": "Q1",
        "revenue": 874181000,
        "costOfRevenue": 504997000,
        "grossProfit": 369184000,
        "grossProfitRatio": 0.4223198628,
        "researchAndDevelopmentExpenses": 0,
        "generalAndAdministrativeExpenses": 202488000,
        "sellingAndMarketingExpenses": 0,
        "sellingGeneralAndAdministrativeExpenses": 202488000,
        "otherExpenses": -1251000,
        "operatingExpenses": 228261000,
        "costAndExpenses": 733258000,
        "interestIncome": 21000,
        "interestExpense": 24062000,
        "depreciationAndAmortization": 48414000,
        "ebitda": 210256000,
        "ebitdaratio": 0.240517696,
        "operatingIncome": 140923000,
        "operatingIncomeRatio": 0.1612057457,
        "totalOtherIncomeExpensesNet": -25292000,
        "incomeBeforeTax": 115631000,
        "incomeBeforeTaxRatio": 0.1322735223,
        "incomeTaxExpense": 38036000,
        "netIncome": 76786000,
        "netIncomeRatio": 0.0878376446,
        "eps": 0.79,
        "epsdiluted": 0.78,
        "weightedAverageShsOut": 84705000,
        "weightedAverageShsOutDil": 85845501,
        "link": "https://www.sec.gov/Archives/edgar/data/861878/000156459016018637/0001564590-16-018637-index.htm",
        "finalLink": "https://www.sec.gov/Archives/edgar/data/861878/000156459016018637/srcl-10q_20160331.htm"
    },
    {
        "date": "2015-12-31",
        "symbol": "SRCL",
        "reportedCurrency": "USD",
        "cik": "0000861878",
        "fillingDate": "2016-08-12",
        "acceptedDate": "2016-08-11 19:25:59",
        "calendarYear": "2015",
        "period": "Q4",
        "revenue": 888304000,
        "costOfRevenue": 508594000,
        "grossProfit": 379710000,
        "grossProfitRatio": 0.4274550154,
        "researchAndDevelopmentExpenses": 0,
        "generalAndAdministrativeExpenses": 203756000,
        "sellingAndMarketingExpenses": -26200000,
        "sellingGeneralAndAdministrativeExpenses": 177556000,
        "otherExpenses": 4525000,
        "operatingExpenses": 203616000,
        "costAndExpenses": 712210000,
        "interestIncome": 142000,
        "interestExpense": 24908000,
        "depreciationAndAmortization": 44979000,
        "ebitda": 221718000,
        "ebitdaratio": 0.2495969848,
        "operatingIncome": 150539000,
        "operatingIncomeRatio": 0.1694678849,
        "totalOtherIncomeExpensesNet": -20383000,
        "incomeBeforeTax": 130156000,
        "incomeBeforeTaxRatio": 0.1465219114,
        "incomeTaxExpense": 51537000,
        "netIncome": 78908000,
        "netIncomeRatio": 0.0888299501,
        "eps": 0.81,
        "epsdiluted": 0.8,
        "weightedAverageShsOut": 84852584,
        "weightedAverageShsOutDil": 85949461,
        "link": "https://www.sec.gov/Archives/edgar/data/861878/000156459016024124/0001564590-16-024124-index.htm",
        "finalLink": "https://www.sec.gov/Archives/edgar/data/861878/000156459016024124/srcl-10ka_20151231.htm"
    },
    {
        "date": "2015-09-30",
        "symbol": "SRCL",
        "reportedCurrency": "USD",
        "cik": "0000861878",
        "fillingDate": "2015-11-09",
        "acceptedDate": "2015-11-09 17:03:02",
        "calendarYear": "2015",
        "period": "Q3",
        "revenue": 718596000,
        "costOfRevenue": 447983000,
        "grossProfit": 270613000,
        "grossProfitRatio": 0.3765857311,
        "researchAndDevelopmentExpenses": 0,
        "generalAndAdministrativeExpenses": 185932000,
        "sellingAndMarketingExpenses": -61411000,
        "sellingGeneralAndAdministrativeExpenses": 124521000,
        "otherExpenses": -1754000,
        "operatingExpenses": 138008000,
        "costAndExpenses": 585991000,
        "interestIncome": 8000,
        "interestExpense": 17378000,
        "depreciationAndAmortization": 27490000,
        "ebitda": 189157000,
        "ebitdaratio": 0.2632313567,
        "operatingIncome": 83250000,
        "operatingIncomeRatio": 0.1158509093,
        "totalOtherIncomeExpensesNet": -19132000,
        "incomeBeforeTax": 64118000,
        "incomeBeforeTaxRatio": 0.08922677,
        "incomeTaxExpense": 21892000,
        "netIncome": 41769000,
        "netIncomeRatio": 0.0581258454,
        "eps": 0.49,
        "epsdiluted": 0.47,
        "weightedAverageShsOut": 84942134,
        "weightedAverageShsOutDil": 86120810,
        "link": "https://www.sec.gov/Archives/edgar/data/861878/000086187815000049/0000861878-15-000049-index.htm",
        "finalLink": "https://www.sec.gov/Archives/edgar/data/861878/000086187815000049/srcl-20150930x10q.htm"
    },
    {
        "date": "2015-06-30",
        "symbol": "SRCL",
        "reportedCurrency": "USD",
        "cik": "0000861878",
        "fillingDate": "2015-08-05",
        "acceptedDate": "2015-08-05 16:52:57",
        "calendarYear": "2015",
        "period": "Q2",
        "revenue": 715689000,
        "costOfRevenue": 455692000,
        "grossProfit": 259997000,
        "grossProfitRatio": 0.363282096,
        "researchAndDevelopmentExpenses": 0,
        "generalAndAdministrativeExpenses": 181752000,
        "sellingAndMarketingExpenses": -59316000,
        "sellingGeneralAndAdministrativeExpenses": 122436000,
        "otherExpenses": -1604000,
        "operatingExpenses": 135744000,
        "costAndExpenses": 591436000,
        "interestIncome": 39000,
        "interestExpense": 16390000,
        "depreciationAndAmortization": 27380000,
        "ebitda": 196460000,
        "ebitdaratio": 0.2745047081,
        "operatingIncome": 109764000,
        "operatingIncomeRatio": 0.1533682927,
        "totalOtherIncomeExpensesNet": -17994000,
        "incomeBeforeTax": 91770000,
        "incomeBeforeTaxRatio": 0.128226087,
        "incomeTaxExpense": 30874000,
        "netIncome": 60449000,
        "netIncomeRatio": 0.0844626646,
        "eps": 0.71,
        "epsdiluted": 0.7,
        "weightedAverageShsOut": 84823229,
        "weightedAverageShsOutDil": 86221034,
        "link": "https://www.sec.gov/Archives/edgar/data/861878/000086187815000033/0000861878-15-000033-index.htm",
        "finalLink": "https://www.sec.gov/Archives/edgar/data/861878/000086187815000033/srcl-20150630x10q.htm"
    },
    {
        "date": "2015-03-31",
        "symbol": "SRCL",
        "reportedCurrency": "USD",
        "cik": "0000861878",
        "fillingDate": "2015-05-07",
        "acceptedDate": "2015-05-07 15:31:12",
        "calendarYear": "2015",
        "period": "Q1",
        "revenue": 663319000,
        "costOfRevenue": 384111000,
        "grossProfit": 279208000,
        "grossProfitRatio": 0.4209256783,
        "researchAndDevelopmentExpenses": 0,
        "generalAndAdministrativeExpenses": 141363000,
        "sellingAndMarketingExpenses": -25932000,
        "sellingGeneralAndAdministrativeExpenses": 115431000,
        "otherExpenses": -598000,
        "operatingExpenses": 128346000,
        "costAndExpenses": 512457000,
        "interestIncome": 35000,
        "interestExpense": 18598000,
        "depreciationAndAmortization": 27563000,
        "ebitda": 180548000,
        "ebitdaratio": 0.272188796,
        "operatingIncome": 127053000,
        "operatingIncomeRatio": 0.1915413248,
        "totalOtherIncomeExpensesNet": -19196000,
        "incomeBeforeTax": 107857000,
        "incomeBeforeTaxRatio": 0.162602006,
        "incomeTaxExpense": 32047000,
        "netIncome": 75458000,
        "netIncomeRatio": 0.113758237,
        "eps": 0.89,
        "epsdiluted": 0.87,
        "weightedAverageShsOut": 85208191,
        "weightedAverageShsOutDil": 86357006,
        "link": "https://www.sec.gov/Archives/edgar/data/861878/000086187815000017/0000861878-15-000017-index.htm",
        "finalLink": "https://www.sec.gov/Archives/edgar/data/861878/000086187815000017/srcl-20150331x10q.htm"
    },
    {
        "date": "2014-12-31",
        "symbol": "SRCL",
        "reportedCurrency": "USD",
        "cik": "0000861878",
        "fillingDate": "2015-03-02",
        "acceptedDate": "2015-03-02 17:09:50",
        "calendarYear": "2014",
        "period": "Q4",
        "revenue": 676947000,
        "costOfRevenue": 391978000,
        "grossProfit": 284969000,
        "grossProfitRatio": 0.4209620546,
        "researchAndDevelopmentExpenses": 0,
        "generalAndAdministrativeExpenses": 134607000,
        "sellingAndMarketingExpenses": -22044000,
        "sellingGeneralAndAdministrativeExpenses": 112563000,
        "otherExpenses": -1177000,
        "operatingExpenses": 124162000,
        "costAndExpenses": 516140000,
        "interestIncome": 23000,
        "interestExpense": 18139000,
        "depreciationAndAmortization": 25014000,
        "ebitda": 154480000,
        "ebitdaratio": 0.2282010261,
        "operatingIncome": 138763000,
        "operatingIncomeRatio": 0.2049835511,
        "totalOtherIncomeExpensesNet": -19316000,
        "incomeBeforeTax": 119447000,
        "incomeBeforeTaxRatio": 0.1764495596,
        "incomeTaxExpense": 36789000,
        "netIncome": 82526000,
        "netIncomeRatio": 0.1219091007,
        "eps": 0.97,
        "epsdiluted": 0.96,
        "weightedAverageShsOut": 84883517,
        "weightedAverageShsOutDil": 86194513,
        "link": "https://www.sec.gov/Archives/edgar/data/861878/000086187815000005/0000861878-15-000005-index.htm",
        "finalLink": "https://www.sec.gov/Archives/edgar/data/861878/000086187815000005/srcl-20141231x10k.htm"
    },
    {
        "date": "2014-09-30",
        "symbol": "SRCL",
        "reportedCurrency": "USD",
        "cik": "0000861878",
        "fillingDate": "2014-11-07",
        "acceptedDate": "2014-11-07 11:22:59",
        "calendarYear": "2014",
        "period": "Q3",
        "revenue": 667877000,
        "costOfRevenue": 389208000,
        "grossProfit": 278669000,
        "grossProfitRatio": 0.4172459899,
        "researchAndDevelopmentExpenses": 0,
        "generalAndAdministrativeExpenses": 125603000,
        "sellingAndMarketingExpenses": -13810000,
        "sellingGeneralAndAdministrativeExpenses": 111793000,
        "otherExpenses": -477000,
        "operatingExpenses": 125323000,
        "costAndExpenses": 514531000,
        "interestIncome": 27000,
        "interestExpense": 16617000,
        "depreciationAndAmortization": 28765000,
        "ebitda": 180576000,
        "ebitdaratio": 0.2703731376,
        "operatingIncome": 139536000,
        "operatingIncomeRatio": 0.2089246972,
        "totalOtherIncomeExpensesNet": -17094000,
        "incomeBeforeTax": 122442000,
        "incomeBeforeTaxRatio": 0.1833301641,
        "incomeTaxExpense": 39401000,
        "netIncome": 82845000,
        "netIncomeRatio": 0.1240423012,
        "eps": 0.98,
        "epsdiluted": 0.96,
        "weightedAverageShsOut": 84774015,
        "weightedAverageShsOutDil": 86116455,
        "link": "https://www.sec.gov/Archives/edgar/data/861878/000086187814000033/0000861878-14-000033-index.htm",
        "finalLink": "https://www.sec.gov/Archives/edgar/data/861878/000086187814000033/srcl-20140930x10q.htm"
    },
    {
        "date": "2014-06-30",
        "symbol": "SRCL",
        "reportedCurrency": "USD",
        "cik": "0000861878",
        "fillingDate": "2014-08-07",
        "acceptedDate": "2014-08-07 15:59:59",
        "calendarYear": "2014",
        "period": "Q2",
        "revenue": 640822000,
        "costOfRevenue": 365518000,
        "grossProfit": 275304000,
        "grossProfitRatio": 0.4296107187,
        "researchAndDevelopmentExpenses": 0,
        "generalAndAdministrativeExpenses": 117547000,
        "sellingAndMarketingExpenses": -8218000,
        "sellingGeneralAndAdministrativeExpenses": 109329000,
        "otherExpenses": -392000,
        "operatingExpenses": 121708000,
        "costAndExpenses": 487226000,
        "interestIncome": 50000,
        "interestExpense": 16368000,
        "depreciationAndAmortization": 27481000,
        "ebitda": 181077000,
        "ebitdaratio": 0.2825698868,
        "operatingIncome": 145378000,
        "operatingIncomeRatio": 0.2268617494,
        "totalOtherIncomeExpensesNet": -16760000,
        "incomeBeforeTax": 128618000,
        "incomeBeforeTaxRatio": 0.2007078409,
        "incomeTaxExpense": 45941000,
        "netIncome": 81936000,
        "netIncomeRatio": 0.1278607788,
        "eps": 0.97,
        "epsdiluted": 0.95,
        "weightedAverageShsOut": 84753696,
        "weightedAverageShsOutDil": 85982588,
        "link": "https://www.sec.gov/Archives/edgar/data/861878/000086187814000026/0000861878-14-000026-index.htm",
        "finalLink": "https://www.sec.gov/Archives/edgar/data/861878/000086187814000026/srcl-20140630x10q.htm"
    },
    {
        "date": "2014-03-31",
        "symbol": "SRCL",
        "reportedCurrency": "USD",
        "cik": "0000861878",
        "fillingDate": "2014-05-08",
        "acceptedDate": "2014-05-08 15:24:19",
        "calendarYear": "2014",
        "period": "Q1",
        "revenue": 569955000,
        "costOfRevenue": 314486000,
        "grossProfit": 255469000,
        "grossProfitRatio": 0.4482266144,
        "researchAndDevelopmentExpenses": 0,
        "generalAndAdministrativeExpenses": 112180000,
        "sellingAndMarketingExpenses": -12000000,
        "sellingGeneralAndAdministrativeExpenses": 100180000,
        "otherExpenses": -700000,
        "operatingExpenses": 110810000,
        "costAndExpenses": 425296000,
        "interestIncome": 20000,
        "interestExpense": 14898000,
        "depreciationAndAmortization": 23356000,
        "ebitda": 168015000,
        "ebitdaratio": 0.2947864305,
        "operatingIncome": 132659000,
        "operatingIncomeRatio": 0.232753463,
        "totalOtherIncomeExpensesNet": -15598000,
        "incomeBeforeTax": 117061000,
        "incomeBeforeTaxRatio": 0.2053863902,
        "incomeTaxExpense": 37291000,
        "netIncome": 79149000,
        "netIncomeRatio": 0.1388688581,
        "eps": 0.93,
        "epsdiluted": 0.91,
        "weightedAverageShsOut": 85008833,
        "weightedAverageShsOutDil": 86613843,
        "link": "https://www.sec.gov/Archives/edgar/data/861878/000086187814000012/0000861878-14-000012-index.htm",
        "finalLink": "https://www.sec.gov/Archives/edgar/data/861878/000086187814000012/srcl-20140331x10q.htm"
    },
    {
        "date": "2013-12-31",
        "symbol": "SRCL",
        "reportedCurrency": "USD",
        "cik": "0000861878",
        "fillingDate": "2014-02-28",
        "acceptedDate": "2014-02-28 16:41:38",
        "calendarYear": "2013",
        "period": "Q4",
        "revenue": 567899000,
        "costOfRevenue": 314614000,
        "grossProfit": 253285000,
        "grossProfitRatio": 0.4460036028,
        "researchAndDevelopmentExpenses": 0,
        "generalAndAdministrativeExpenses": 108030000,
        "sellingAndMarketingExpenses": -8302000,
        "sellingGeneralAndAdministrativeExpenses": 99728000,
        "otherExpenses": -25000,
        "operatingExpenses": 109876000,
        "costAndExpenses": 424490000,
        "interestIncome": 0,
        "interestExpense": 15341000,
        "depreciationAndAmortization": 23295000,
        "ebitda": 161363000,
        "ebitdaratio": 0.2841403137,
        "operatingIncome": 135107000,
        "operatingIncomeRatio": 0.2379067405,
        "totalOtherIncomeExpensesNet": -15366000,
        "incomeBeforeTax": 119741000,
        "incomeBeforeTaxRatio": 0.2108491123,
        "incomeTaxExpense": 41154000,
        "netIncome": 78164000,
        "netIncomeRatio": 0.1376371503,
        "eps": 0.91,
        "epsdiluted": 0.9,
        "weightedAverageShsOut": 85500037,
        "weightedAverageShsOutDil": 87107437,
        "link": "https://www.sec.gov/Archives/edgar/data/861878/000086187814000005/0000861878-14-000005-index.htm",
        "finalLink": "https://www.sec.gov/Archives/edgar/data/861878/000086187814000005/srcl-20131231x10k.htm"
    },
    {
        "date": "2013-09-30",
        "symbol": "SRCL",
        "reportedCurrency": "USD",
        "cik": "0000861878",
        "fillingDate": "2013-11-07",
        "acceptedDate": "2013-11-07 12:41:32",
        "calendarYear": "2013",
        "period": "Q3",
        "revenue": 534579000,
        "costOfRevenue": 293176000,
        "grossProfit": 241403000,
        "grossProfitRatio": 0.451575913,
        "researchAndDevelopmentExpenses": 0,
        "generalAndAdministrativeExpenses": 96689000,
        "sellingAndMarketingExpenses": -3725000,
        "sellingGeneralAndAdministrativeExpenses": 92964000,
        "otherExpenses": -1341000,
        "operatingExpenses": 102283000,
        "costAndExpenses": 395459000,
        "interestIncome": 151000,
        "interestExpense": 13467000,
        "depreciationAndAmortization": 21850000,
        "ebitda": 160970000,
        "ebitdaratio": 0.3011154572,
        "operatingIncome": 135395000,
        "operatingIncomeRatio": 0.2532740717,
        "totalOtherIncomeExpensesNet": -14657000,
        "incomeBeforeTax": 120738000,
        "incomeBeforeTaxRatio": 0.2258562345,
        "incomeTaxExpense": 39906000,
        "netIncome": 80547000,
        "netIncomeRatio": 0.1506737077,
        "eps": 0.94,
        "epsdiluted": 0.92,
        "weightedAverageShsOut": 85692918,
        "weightedAverageShsOutDil": 87401565,
        "link": "https://www.sec.gov/Archives/edgar/data/861878/000086187813000023/0000861878-13-000023-index.htm",
        "finalLink": "https://www.sec.gov/Archives/edgar/data/861878/000086187813000023/srcl-20130930x10q.htm"
    },
    {
        "date": "2013-06-30",
        "symbol": "SRCL",
        "reportedCurrency": "USD",
        "cik": "0000861878",
        "fillingDate": "2013-08-08",
        "acceptedDate": "2013-08-08 14:00:03",
        "calendarYear": "2013",
        "period": "Q2",
        "revenue": 526525000,
        "costOfRevenue": 288673000,
        "grossProfit": 237852000,
        "grossProfitRatio": 0.4517392337,
        "researchAndDevelopmentExpenses": 0,
        "generalAndAdministrativeExpenses": 94845000,
        "sellingAndMarketingExpenses": -3687000,
        "sellingGeneralAndAdministrativeExpenses": 91158000,
        "otherExpenses": -545000,
        "operatingExpenses": 100645000,
        "costAndExpenses": 389318000,
        "interestIncome": 102000,
        "interestExpense": 13015000,
        "depreciationAndAmortization": 21775000,
        "ebitda": 154852000,
        "ebitdaratio": 0.2941018945,
        "operatingIncome": 133520000,
        "operatingIncomeRatio": 0.2535871991,
        "totalOtherIncomeExpensesNet": -13458000,
        "incomeBeforeTax": 120062000,
        "incomeBeforeTaxRatio": 0.2280271592,
        "incomeTaxExpense": 41619000,
        "netIncome": 78044000,
        "netIncomeRatio": 0.1482246807,
        "eps": 0.91,
        "epsdiluted": 0.89,
        "weightedAverageShsOut": 85920543,
        "weightedAverageShsOutDil": 87614953,
        "link": "https://www.sec.gov/Archives/edgar/data/861878/000086187813000018/0000861878-13-000018-index.htm",
        "finalLink": "https://www.sec.gov/Archives/edgar/data/861878/000086187813000018/srcl-20130630x10q.htm"
    },
    {
        "date": "2013-03-31",
        "symbol": "SRCL",
        "reportedCurrency": "USD",
        "cik": "0000861878",
        "fillingDate": "2013-05-09",
        "acceptedDate": "2013-05-09 13:27:46",
        "calendarYear": "2013",
        "period": "Q1",
        "revenue": 513804000,
        "costOfRevenue": 281710000,
        "grossProfit": 232094000,
        "grossProfitRatio": 0.4517169971,
        "researchAndDevelopmentExpenses": 0,
        "generalAndAdministrativeExpenses": 91046000,
        "sellingAndMarketingExpenses": -2805000,
        "sellingGeneralAndAdministrativeExpenses": 88241000,
        "otherExpenses": -1013000,
        "operatingExpenses": 97692000,
        "costAndExpenses": 379402000,
        "interestIncome": 167000,
        "interestExpense": 13546000,
        "depreciationAndAmortization": 21488000,
        "ebitda": 152239000,
        "ebitdaratio": 0.2962978101,
        "operatingIncome": 131597000,
        "operatingIncomeRatio": 0.2561229574,
        "totalOtherIncomeExpensesNet": -14392000,
        "incomeBeforeTax": 117205000,
        "incomeBeforeTaxRatio": 0.2281122763,
        "incomeTaxExpense": 41983000,
        "netIncome": 74617000,
        "netIncomeRatio": 0.1452246382,
        "eps": 0.87,
        "epsdiluted": 0.85,
        "weightedAverageShsOut": 86218005,
        "weightedAverageShsOutDil": 87459497,
        "link": "https://www.sec.gov/Archives/edgar/data/861878/000086187813000011/0000861878-13-000011-index.htm",
        "finalLink": "https://www.sec.gov/Archives/edgar/data/861878/000086187813000011/srcl-20130331x10q.htm"
    },
    {
        "date": "2012-12-31",
        "symbol": "SRCL",
        "reportedCurrency": "USD",
        "cik": "0000861878",
        "fillingDate": "2013-02-28",
        "acceptedDate": "2013-02-28 15:26:17",
        "calendarYear": "2012",
        "period": "Q4",
        "revenue": 503638000,
        "costOfRevenue": 276682000,
        "grossProfit": 226956000,
        "grossProfitRatio": 0.4506331929,
        "researchAndDevelopmentExpenses": 0,
        "generalAndAdministrativeExpenses": 97571000,
        "sellingAndMarketingExpenses": -11075000,
        "sellingGeneralAndAdministrativeExpenses": 86496000,
        "otherExpenses": 187000,
        "operatingExpenses": 95581000,
        "costAndExpenses": 372263000,
        "interestIncome": 71000,
        "interestExpense": 13077000,
        "depreciationAndAmortization": 21094000,
        "ebitda": 141652000,
        "ebitdaratio": 0.2812575699,
        "operatingIncome": 120300000,
        "operatingIncomeRatio": 0.2388620398,
        "totalOtherIncomeExpensesNet": -12819000,
        "incomeBeforeTax": 107481000,
        "incomeBeforeTaxRatio": 0.2134092344,
        "incomeTaxExpense": 36973000,
        "netIncome": 70069000,
        "netIncomeRatio": 0.1391257213,
        "eps": 0.81,
        "epsdiluted": 0.8,
        "weightedAverageShsOut": 85987883,
        "weightedAverageShsOutDil": 87281680,
        "link": "https://www.sec.gov/Archives/edgar/data/861878/000119312513083838/0001193125-13-083838-index.htm",
        "finalLink": "https://www.sec.gov/Archives/edgar/data/861878/000119312513083838/d475931d10k.htm"
    },
    {
        "date": "2012-09-30",
        "symbol": "SRCL",
        "reportedCurrency": "USD",
        "cik": "0000861878",
        "fillingDate": "2012-11-08",
        "acceptedDate": "2012-11-08 13:18:47",
        "calendarYear": "2012",
        "period": "Q3",
        "revenue": 480484000,
        "costOfRevenue": 264930000,
        "grossProfit": 215554000,
        "grossProfitRatio": 0.4486184764,
        "researchAndDevelopmentExpenses": 0,
        "generalAndAdministrativeExpenses": 92966000,
        "sellingAndMarketingExpenses": -10790000,
        "sellingGeneralAndAdministrativeExpenses": 82176000,
        "otherExpenses": 8041000,
        "operatingExpenses": 91423000,
        "costAndExpenses": 356353000,
        "interestIncome": 117000,
        "interestExpense": 13048000,
        "depreciationAndAmortization": 19445000,
        "ebitda": 133621000,
        "ebitdaratio": 0.2780966692,
        "operatingIncome": 114547000,
        "operatingIncomeRatio": 0.2383991975,
        "totalOtherIncomeExpensesNet": -13419000,
        "incomeBeforeTax": 101128000,
        "incomeBeforeTaxRatio": 0.2104711083,
        "incomeTaxExpense": 35382000,
        "netIncome": 65477000,
        "netIncomeRatio": 0.1362730081,
        "eps": 0.76,
        "epsdiluted": 0.75,
        "weightedAverageShsOut": 85924721,
        "weightedAverageShsOutDil": 87305779,
        "link": "https://www.sec.gov/Archives/edgar/data/861878/000119312512459860/0001193125-12-459860-index.htm",
        "finalLink": "https://www.sec.gov/Archives/edgar/data/861878/000119312512459860/d426411d10q.htm"
    },
    {
        "date": "2012-06-30",
        "symbol": "SRCL",
        "reportedCurrency": "USD",
        "cik": "0000861878",
        "fillingDate": "2012-08-08",
        "acceptedDate": "2012-08-08 10:54:09",
        "calendarYear": "2012",
        "period": "Q2",
        "revenue": 468950000,
        "costOfRevenue": 259462000,
        "grossProfit": 209488000,
        "grossProfitRatio": 0.446717134,
        "researchAndDevelopmentExpenses": 0,
        "generalAndAdministrativeExpenses": 84365000,
        "sellingAndMarketingExpenses": -3713000,
        "sellingGeneralAndAdministrativeExpenses": 80652000,
        "otherExpenses": 7396000,
        "operatingExpenses": 88490000,
        "costAndExpenses": 347952000,
        "interestIncome": 124000,
        "interestExpense": 12783000,
        "depreciationAndAmortization": 18026000,
        "ebitda": 136367000,
        "ebitdaratio": 0.2907921953,
        "operatingIncome": 117727000,
        "operatingIncomeRatio": 0.2510438213,
        "totalOtherIncomeExpensesNet": -12169000,
        "incomeBeforeTax": 105558000,
        "incomeBeforeTaxRatio": 0.2250943597,
        "incomeTaxExpense": 37186000,
        "netIncome": 67593000,
        "netIncomeRatio": 0.1441369016,
        "eps": 0.79,
        "epsdiluted": 0.78,
        "weightedAverageShsOut": 85478988,
        "weightedAverageShsOutDil": 86835615,
        "link": "https://www.sec.gov/Archives/edgar/data/861878/000119312512342943/0001193125-12-342943-index.htm",
        "finalLink": "https://www.sec.gov/Archives/edgar/data/861878/000119312512342943/d381342d10q.htm"
    },
    {
        "date": "2012-03-31",
        "symbol": "SRCL",
        "reportedCurrency": "USD",
        "cik": "0000861878",
        "fillingDate": "2012-05-09",
        "acceptedDate": "2012-05-09 13:06:38",
        "calendarYear": "2012",
        "period": "Q1",
        "revenue": 460077000,
        "costOfRevenue": 254770000,
        "grossProfit": 205307000,
        "grossProfitRatio": 0.4462448677,
        "researchAndDevelopmentExpenses": 0,
        "generalAndAdministrativeExpenses": 81915000,
        "sellingAndMarketingExpenses": -4108000,
        "sellingGeneralAndAdministrativeExpenses": 77807000,
        "otherExpenses": 7130000,
        "operatingExpenses": 86141000,
        "costAndExpenses": 340911000,
        "interestIncome": 92000,
        "interestExpense": 12766000,
        "depreciationAndAmortization": 17718000,
        "ebitda": 133514000,
        "ebitdaratio": 0.2901992493,
        "operatingIncome": 116262000,
        "operatingIncomeRatio": 0.2527011783,
        "totalOtherIncomeExpensesNet": -13232000,
        "incomeBeforeTax": 103030000,
        "incomeBeforeTaxRatio": 0.2239407751,
        "incomeTaxExpense": 37715000,
        "netIncome": 64857000,
        "netIncomeRatio": 0.1409698811,
        "eps": 0.76,
        "epsdiluted": 0.75,
        "weightedAverageShsOut": 84994111,
        "weightedAverageShsOutDil": 86587944,
        "link": "https://www.sec.gov/Archives/edgar/data/861878/000119312512221273/0001193125-12-221273-index.htm",
        "finalLink": "https://www.sec.gov/Archives/edgar/data/861878/000119312512221273/d331146d10q.htm"
    },
    {
        "date": "2011-12-31",
        "symbol": "SRCL",
        "reportedCurrency": "USD",
        "cik": "0000861878",
        "fillingDate": "2012-02-28",
        "acceptedDate": "2012-02-28 16:15:18",
        "calendarYear": "2011",
        "period": "Q4",
        "revenue": 446557000,
        "costOfRevenue": 234396000,
        "grossProfit": 212161000,
        "grossProfitRatio": 0.4751039621,
        "researchAndDevelopmentExpenses": 0,
        "generalAndAdministrativeExpenses": 96707000,
        "sellingAndMarketingExpenses": 0,
        "sellingGeneralAndAdministrativeExpenses": 96707000,
        "otherExpenses": 17736000,
        "operatingExpenses": 114443000,
        "costAndExpenses": 348839000,
        "interestIncome": 315000,
        "interestExpense": 13018000,
        "depreciationAndAmortization": 18059000,
        "ebitda": 132062000,
        "ebitdaratio": 0.2957338033,
        "operatingIncome": 115384000,
        "operatingIncomeRatio": 0.2583858276,
        "totalOtherIncomeExpensesNet": -14399000,
        "incomeBeforeTax": 100985000,
        "incomeBeforeTaxRatio": 0.2261413437,
        "incomeTaxExpense": 35862000,
        "netIncome": 64288000,
        "netIncomeRatio": 0.1439637045,
        "eps": 0.76,
        "epsdiluted": 0.76,
        "weightedAverageShsOut": 84907393,
        "weightedAverageShsOutDil": 84994111,
        "link": "https://www.sec.gov/Archives/edgar/data/861878/000119312512085222/0001193125-12-085222-index.htm",
        "finalLink": "https://www.sec.gov/Archives/edgar/data/861878/000119312512085222/d275684d10k.htm"
    },
    {
        "date": "2011-09-30",
        "symbol": "SRCL",
        "reportedCurrency": "USD",
        "cik": "0000861878",
        "fillingDate": "2011-11-09",
        "acceptedDate": "2011-11-09 12:04:48",
        "calendarYear": "2011",
        "period": "Q3",
        "revenue": 420924000,
        "costOfRevenue": 230869000,
        "grossProfit": 190055000,
        "grossProfitRatio": 0.4515185639,
        "researchAndDevelopmentExpenses": 0,
        "generalAndAdministrativeExpenses": 72582000,
        "sellingAndMarketingExpenses": 2274000,
        "sellingGeneralAndAdministrativeExpenses": 74856000,
        "otherExpenses": 17256000,
        "operatingExpenses": 79065000,
        "costAndExpenses": 309934000,
        "interestIncome": 237000,
        "interestExpense": 12034000,
        "depreciationAndAmortization": 16933000,
        "ebitda": 121159000,
        "ebitdaratio": 0.2878405603,
        "operatingIncome": 104566000,
        "operatingIncomeRatio": 0.2484201424,
        "totalOtherIncomeExpensesNet": -12374000,
        "incomeBeforeTax": 92192000,
        "incomeBeforeTaxRatio": 0.2190229115,
        "incomeTaxExpense": 32448000,
        "netIncome": 59247000,
        "netIncomeRatio": 0.1407546255,
        "eps": 0.7,
        "epsdiluted": 0.68,
        "weightedAverageShsOut": 85196102,
        "weightedAverageShsOutDil": 87385121,
        "link": "https://www.sec.gov/Archives/edgar/data/861878/000119312511303882/0001193125-11-303882-index.htm",
        "finalLink": "https://www.sec.gov/Archives/edgar/data/861878/000119312511303882/d236938d10q.htm"
    },
    {
        "date": "2011-06-30",
        "symbol": "SRCL",
        "reportedCurrency": "USD",
        "cik": "0000861878",
        "fillingDate": "2011-08-09",
        "acceptedDate": "2011-08-09 10:38:52",
        "calendarYear": "2011",
        "period": "Q2",
        "revenue": 410441000,
        "costOfRevenue": 223700000,
        "grossProfit": 186741000,
        "grossProfitRatio": 0.4549764765,
        "researchAndDevelopmentExpenses": 0,
        "generalAndAdministrativeExpenses": 72261000,
        "sellingAndMarketingExpenses": 2235000,
        "sellingGeneralAndAdministrativeExpenses": 74496000,
        "otherExpenses": 15951000,
        "operatingExpenses": 78042000,
        "costAndExpenses": 301742000,
        "interestIncome": 63000,
        "interestExpense": 13007000,
        "depreciationAndAmortization": 15951000,
        "ebitda": 117143000,
        "ebitdaratio": 0.2854076469,
        "operatingIncome": 101948000,
        "operatingIncomeRatio": 0.2483864916,
        "totalOtherIncomeExpensesNet": -13763000,
        "incomeBeforeTax": 88185000,
        "incomeBeforeTaxRatio": 0.2148542665,
        "incomeTaxExpense": 32295000,
        "netIncome": 55542000,
        "netIncomeRatio": 0.1353227382,
        "eps": 0.65,
        "epsdiluted": 0.63,
        "weightedAverageShsOut": 86047759,
        "weightedAverageShsOutDil": 87935310,
        "link": "https://www.sec.gov/Archives/edgar/data/861878/000119312511215636/0001193125-11-215636-index.htm",
        "finalLink": "https://www.sec.gov/Archives/edgar/data/861878/000119312511215636/d10q.htm"
    },
    {
        "date": "2011-03-31",
        "symbol": "SRCL",
        "reportedCurrency": "USD",
        "cik": "0000861878",
        "fillingDate": "2011-05-10",
        "acceptedDate": "2011-05-10 14:28:44",
        "calendarYear": "2011",
        "period": "Q1",
        "revenue": 398126000,
        "costOfRevenue": 215696000,
        "grossProfit": 182430000,
        "grossProfitRatio": 0.458221769,
        "researchAndDevelopmentExpenses": 0,
        "generalAndAdministrativeExpenses": 69972000,
        "sellingAndMarketingExpenses": 1938000,
        "sellingGeneralAndAdministrativeExpenses": 71910000,
        "otherExpenses": 15103000,
        "operatingExpenses": 75257000,
        "costAndExpenses": 290953000,
        "interestIncome": 184000,
        "interestExpense": 11372000,
        "depreciationAndAmortization": 15103000,
        "ebitda": 117437000,
        "ebitdaratio": 0.2949744553,
        "operatingIncome": 102413000,
        "operatingIncomeRatio": 0.2572376584,
        "totalOtherIncomeExpensesNet": -11451000,
        "incomeBeforeTax": 90962000,
        "incomeBeforeTaxRatio": 0.2284754073,
        "incomeTaxExpense": 34376000,
        "netIncome": 55674000,
        "netIncomeRatio": 0.1398401511,
        "eps": 0.65,
        "epsdiluted": 0.64,
        "weightedAverageShsOut": 85702145,
        "weightedAverageShsOutDil": 87526683,
        "link": "https://www.sec.gov/Archives/edgar/data/861878/000119312511133997/0001193125-11-133997-index.htm",
        "finalLink": "https://www.sec.gov/Archives/edgar/data/861878/000119312511133997/d10q.htm"
    },
    {
        "date": "2010-12-31",
        "symbol": "SRCL",
        "reportedCurrency": "USD",
        "cik": "0000861878",
        "fillingDate": "2011-02-28",
        "acceptedDate": "2011-02-28 16:15:54",
        "calendarYear": "2010",
        "period": "Q4",
        "revenue": 393489000,
        "costOfRevenue": 239336000,
        "grossProfit": 154153000,
        "grossProfitRatio": 0.391759363,
        "researchAndDevelopmentExpenses": 0,
        "generalAndAdministrativeExpenses": 71290000,
        "sellingAndMarketingExpenses": 0,
        "sellingGeneralAndAdministrativeExpenses": 71290000,
        "otherExpenses": -21650000,
        "operatingExpenses": 49640000,
        "costAndExpenses": 288976000,
        "interestIncome": 72000,
        "interestExpense": 10739000,
        "depreciationAndAmortization": 15375000,
        "ebitda": 108908000,
        "ebitdaratio": 0.2767752085,
        "operatingIncome": 93914000,
        "operatingIncomeRatio": 0.2386699501,
        "totalOtherIncomeExpensesNet": -11120000,
        "incomeBeforeTax": 82794000,
        "incomeBeforeTaxRatio": 0.2104099479,
        "incomeTaxExpense": 32037000,
        "netIncome": 49980000,
        "netIncomeRatio": 0.1270175278,
        "eps": 0.58,
        "epsdiluted": 0.58,
        "weightedAverageShsOut": 85272539,
        "weightedAverageShsOutDil": 85702145,
        "link": "https://www.sec.gov/Archives/edgar/data/861878/000119312511049934/0001193125-11-049934-index.htm",
        "finalLink": "https://www.sec.gov/Archives/edgar/data/861878/000119312511049934/d10k.htm"
    },
    {
        "date": "2010-09-30",
        "symbol": "SRCL",
        "reportedCurrency": "USD",
        "cik": "0000861878",
        "fillingDate": "2010-11-05",
        "acceptedDate": "2010-11-05 15:56:36",
        "calendarYear": "2010",
        "period": "Q3",
        "revenue": 362988000,
        "costOfRevenue": 194890000,
        "grossProfit": 168098000,
        "grossProfitRatio": 0.4630951987,
        "researchAndDevelopmentExpenses": 0,
        "generalAndAdministrativeExpenses": 65033000,
        "sellingAndMarketingExpenses": 1836000,
        "sellingGeneralAndAdministrativeExpenses": 66869000,
        "otherExpenses": 13504000,
        "operatingExpenses": 170770000,
        "costAndExpenses": 365660000,
        "interestIncome": 82000,
        "interestExpense": 8509000,
        "depreciationAndAmortization": 13504000,
        "ebitda": 109958000,
        "ebitdaratio": 0.3029246146,
        "operatingIncome": 96039000,
        "operatingIncomeRatio": 0.2645789943,
        "totalOtherIncomeExpensesNet": -8094000,
        "incomeBeforeTax": 87945000,
        "incomeBeforeTaxRatio": 0.2422807366,
        "incomeTaxExpense": 30645000,
        "netIncome": 56686000,
        "netIncomeRatio": 0.1561649421,
        "eps": 0.65,
        "epsdiluted": 0.65,
        "weightedAverageShsOut": 87179057,
        "weightedAverageShsOutDil": 87179057,
        "link": "https://www.sec.gov/Archives/edgar/data/861878/000119312510250047/0001193125-10-250047-index.htm",
        "finalLink": "https://www.sec.gov/Archives/edgar/data/861878/000119312510250047/d10q.htm"
    },
    {
        "date": "2010-06-30",
        "symbol": "SRCL",
        "reportedCurrency": "USD",
        "cik": "0000861878",
        "fillingDate": "2010-08-09",
        "acceptedDate": "2010-08-09 11:40:47",
        "calendarYear": "2010",
        "period": "Q2",
        "revenue": 347734000,
        "costOfRevenue": 186197000,
        "grossProfit": 161537000,
        "grossProfitRatio": 0.4645418625,
        "researchAndDevelopmentExpenses": 0,
        "generalAndAdministrativeExpenses": 63564000,
        "sellingAndMarketingExpenses": 2464000,
        "sellingGeneralAndAdministrativeExpenses": 66028000,
        "otherExpenses": 9662000,
        "operatingExpenses": 65232000,
        "costAndExpenses": 251429000,
        "interestIncome": 32000,
        "interestExpense": 8870000,
        "depreciationAndAmortization": 12617000,
        "ebitda": 105355000,
        "ebitdaratio": 0.3029758379,
        "operatingIncome": 93598000,
        "operatingIncomeRatio": 0.2691655116,
        "totalOtherIncomeExpensesNet": -9730000,
        "incomeBeforeTax": 83868000,
        "incomeBeforeTaxRatio": 0.2411843536,
        "incomeTaxExpense": 30102000,
        "netIncome": 53094000,
        "netIncomeRatio": 0.1526856735,
        "eps": 0.61,
        "epsdiluted": 0.61,
        "weightedAverageShsOut": 86694239,
        "weightedAverageShsOutDil": 86694239,
        "link": "https://www.sec.gov/Archives/edgar/data/861878/000119312510182805/0001193125-10-182805-index.htm",
        "finalLink": "https://www.sec.gov/Archives/edgar/data/861878/000119312510182805/d10q.htm"
    },
    {
        "date": "2010-03-31",
        "symbol": "SRCL",
        "reportedCurrency": "USD",
        "cik": "0000861878",
        "fillingDate": "2010-05-07",
        "acceptedDate": "2010-05-07 16:06:32",
        "calendarYear": "2010",
        "period": "Q1",
        "revenue": 335177000,
        "costOfRevenue": 179860000,
        "grossProfit": 155317000,
        "grossProfitRatio": 0.463388001,
        "researchAndDevelopmentExpenses": 0,
        "generalAndAdministrativeExpenses": 62470000,
        "sellingAndMarketingExpenses": 1552000,
        "sellingGeneralAndAdministrativeExpenses": 64022000,
        "otherExpenses": 12389000,
        "operatingExpenses": 65997000,
        "costAndExpenses": 245857000,
        "interestIncome": 80000,
        "interestExpense": 8963000,
        "depreciationAndAmortization": 12389000,
        "ebitda": 98598000,
        "ebitdaratio": 0.2941669625,
        "operatingIncome": 87132000,
        "operatingIncomeRatio": 0.2599581714,
        "totalOtherIncomeExpensesNet": -9886000,
        "incomeBeforeTax": 77246000,
        "incomeBeforeTaxRatio": 0.2304633074,
        "incomeTaxExpense": 28612000,
        "netIncome": 48119000,
        "netIncomeRatio": 0.1435629533,
        "eps": 0.56,
        "epsdiluted": 0.56,
        "weightedAverageShsOut": 86573237,
        "weightedAverageShsOutDil": 86573237,
        "link": "https://www.sec.gov/Archives/edgar/data/861878/000086187810000006/0000861878-10-000006-index.htm",
        "finalLink": "https://www.sec.gov/Archives/edgar/data/861878/000086187810000006/form10q.htm"
    },
    {
        "date": "2009-12-31",
        "symbol": "SRCL",
        "reportedCurrency": "USD",
        "cik": "0000861878",
        "fillingDate": "2010-02-26",
        "acceptedDate": "2010-02-26 16:46:39",
        "calendarYear": "2009",
        "period": "Q4",
        "revenue": 313542000,
        "costOfRevenue": 186856000,
        "grossProfit": 126686000,
        "grossProfitRatio": 0.4040479425,
        "researchAndDevelopmentExpenses": 0,
        "generalAndAdministrativeExpenses": 69783000,
        "sellingAndMarketingExpenses": 0,
        "sellingGeneralAndAdministrativeExpenses": 69783000,
        "otherExpenses": -28463000,
        "operatingExpenses": 41320000,
        "costAndExpenses": 228176000,
        "interestIncome": -70000,
        "interestExpense": 8772000,
        "depreciationAndAmortization": 11527000,
        "ebitda": 92268000,
        "ebitdaratio": 0.2942763649,
        "operatingIncome": 81916000,
        "operatingIncomeRatio": 0.2612600545,
        "totalOtherIncomeExpensesNet": -9947000,
        "incomeBeforeTax": 71969000,
        "incomeBeforeTaxRatio": 0.229535437,
        "incomeTaxExpense": 26811000,
        "netIncome": 44608000,
        "netIncomeRatio": 0.1422712109,
        "eps": 0.52,
        "epsdiluted": 0.52,
        "weightedAverageShsOut": 84351700,
        "weightedAverageShsOutDil": 86573237,
        "link": "https://www.sec.gov/Archives/edgar/data/861878/000119312510043039/0001193125-10-043039-index.htm",
        "finalLink": "https://www.sec.gov/Archives/edgar/data/861878/000119312510043039/d10k.htm"
    },
    {
        "date": "2009-09-30",
        "symbol": "SRCL",
        "reportedCurrency": "USD",
        "cik": "0000861878",
        "fillingDate": "2009-11-06",
        "acceptedDate": "2009-11-06 16:02:27",
        "calendarYear": "2009",
        "period": "Q3",
        "revenue": 297836000,
        "costOfRevenue": 156919000,
        "grossProfit": 140917000,
        "grossProfitRatio": 0.4731362226,
        "researchAndDevelopmentExpenses": 0,
        "generalAndAdministrativeExpenses": 54312000,
        "sellingAndMarketingExpenses": 1878000,
        "sellingGeneralAndAdministrativeExpenses": 56190000,
        "otherExpenses": 9959000,
        "operatingExpenses": 61384000,
        "costAndExpenses": 218303000,
        "interestIncome": 48000,
        "interestExpense": 9262000,
        "depreciationAndAmortization": 9959000,
        "ebitda": 88894000,
        "ebitdaratio": 0.29846627,
        "operatingIncome": 79533000,
        "operatingIncomeRatio": 0.2670362213,
        "totalOtherIncomeExpensesNet": -9860000,
        "incomeBeforeTax": 69636000,
        "incomeBeforeTaxRatio": 0.2338065244,
        "incomeTaxExpense": 23110000,
        "netIncome": 46526000,
        "netIncomeRatio": 0.1562134866,
        "eps": 0.55,
        "epsdiluted": 0.54,
        "weightedAverageShsOut": 84914145,
        "weightedAverageShsOutDil": 86794118,
        "link": "https://www.sec.gov/Archives/edgar/data/861878/000086187809000029/0000861878-09-000029-index.htm",
        "finalLink": "https://www.sec.gov/Archives/edgar/data/861878/000086187809000029/form10q.htm"
    },
    {
        "date": "2009-06-30",
        "symbol": "SRCL",
        "reportedCurrency": "USD",
        "cik": "0000861878",
        "fillingDate": "2009-08-07",
        "acceptedDate": "2009-08-07 15:20:19",
        "calendarYear": "2009",
        "period": "Q2",
        "revenue": 289268000,
        "costOfRevenue": 152734000,
        "grossProfit": 136534000,
        "grossProfitRatio": 0.4719982853,
        "researchAndDevelopmentExpenses": 0,
        "generalAndAdministrativeExpenses": 53047000,
        "sellingAndMarketingExpenses": 1168000,
        "sellingGeneralAndAdministrativeExpenses": 54215000,
        "otherExpenses": 9660000,
        "operatingExpenses": 55591000,
        "costAndExpenses": 208325000,
        "interestIncome": 49000,
        "interestExpense": 8200000,
        "depreciationAndAmortization": 1376000,
        "ebitda": 88421000,
        "ebitdaratio": 0.3056715572,
        "operatingIncome": 79540000,
        "operatingIncomeRatio": 0.2749699241,
        "totalOtherIncomeExpensesNet": -8979000,
        "incomeBeforeTax": 70469000,
        "incomeBeforeTaxRatio": 0.2436114607,
        "incomeTaxExpense": 26567000,
        "netIncome": 43902000,
        "netIncomeRatio": 0.1517692935,
        "eps": 0.52,
        "epsdiluted": 0.51,
        "weightedAverageShsOut": 84908733,
        "weightedAverageShsOutDil": 86843260,
        "link": "https://www.sec.gov/Archives/edgar/data/861878/000086187809000021/0000861878-09-000021-index.htm",
        "finalLink": "https://www.sec.gov/Archives/edgar/data/861878/000086187809000021/form10q.htm"
    },
    {
        "date": "2009-03-31",
        "symbol": "SRCL",
        "reportedCurrency": "USD",
        "cik": "0000861878",
        "fillingDate": "2009-05-07",
        "acceptedDate": "2009-05-07 17:29:37",
        "calendarYear": "2009",
        "period": "Q1",
        "revenue": 277090000,
        "costOfRevenue": 142594000,
        "grossProfit": 134496000,
        "grossProfitRatio": 0.4853874193,
        "researchAndDevelopmentExpenses": 0,
        "generalAndAdministrativeExpenses": 50731000,
        "sellingAndMarketingExpenses": 0,
        "sellingGeneralAndAdministrativeExpenses": 50731000,
        "otherExpenses": 8844000,
        "operatingExpenses": 59575000,
        "costAndExpenses": 202169000,
        "interestIncome": 174000,
        "interestExpense": 8099000,
        "depreciationAndAmortization": 8844000,
        "ebitda": 83939000,
        "ebitdaratio": 0.3029304558,
        "operatingIncome": 74200000,
        "operatingIncomeRatio": 0.2677830308,
        "totalOtherIncomeExpensesNet": -8715000,
        "incomeBeforeTax": 65466000,
        "incomeBeforeTaxRatio": 0.2362625862,
        "incomeTaxExpense": 24811000,
        "netIncome": 40655000,
        "netIncomeRatio": 0.1467212819,
        "eps": 0.48,
        "epsdiluted": 0.47,
        "weightedAverageShsOut": 84908733,
        "weightedAverageShsOutDil": 86841903,
        "link": "https://www.sec.gov/Archives/edgar/data/861878/000086187809000007/0000861878-09-000007-index.htm",
        "finalLink": "https://www.sec.gov/Archives/edgar/data/861878/000086187809000007/form10q.htm"
    },
    {
        "date": "2008-12-31",
        "symbol": "SRCL",
        "reportedCurrency": "USD",
        "cik": "0000861878",
        "fillingDate": "2009-02-27",
        "acceptedDate": "2009-02-27 14:49:41",
        "calendarYear": "2008",
        "period": "Q4",
        "revenue": 274011000,
        "costOfRevenue": 167326000,
        "grossProfit": 106685000,
        "grossProfitRatio": 0.3893456832,
        "researchAndDevelopmentExpenses": 0,
        "generalAndAdministrativeExpenses": 64505000,
        "sellingAndMarketingExpenses": 0,
        "sellingGeneralAndAdministrativeExpenses": 64505000,
        "otherExpenses": -30883000,
        "operatingExpenses": 33622000,
        "costAndExpenses": 200948000,
        "interestIncome": 0,
        "interestExpense": 0,
        "depreciationAndAmortization": 8860000,
        "ebitda": 77807000,
        "ebitdaratio": 0.2839557536,
        "operatingIncome": 72317000,
        "operatingIncomeRatio": 0.2639200616,
        "totalOtherIncomeExpensesNet": -9522000,
        "incomeBeforeTax": 62795000,
        "incomeBeforeTaxRatio": 0.2291696319,
        "incomeTaxExpense": 23663000,
        "netIncome": 39132000,
        "netIncomeRatio": 0.1428117849,
        "eps": 0.46,
        "epsdiluted": 0.46,
        "weightedAverageShsOut": 84908733,
        "weightedAverageShsOutDil": 84908733,
        "link": "https://www.sec.gov/Archives/edgar/data/861878/000119312509040771/0001193125-09-040771-index.htm",
        "finalLink": "https://www.sec.gov/Archives/edgar/data/861878/000119312509040771/d10k.htm"
    },
    {
        "date": "2008-09-30",
        "symbol": "SRCL",
        "reportedCurrency": "USD",
        "cik": "0000861878",
        "fillingDate": "2008-11-07",
        "acceptedDate": "2008-11-07 16:33:39",
        "calendarYear": "2008",
        "period": "Q3",
        "revenue": 277098000,
        "costOfRevenue": 147809000,
        "grossProfit": 129289000,
        "grossProfitRatio": 0.46658222,
        "researchAndDevelopmentExpenses": 0,
        "generalAndAdministrativeExpenses": 48824000,
        "sellingAndMarketingExpenses": 0,
        "sellingGeneralAndAdministrativeExpenses": 48824000,
        "otherExpenses": 8747000,
        "operatingExpenses": 57571000,
        "costAndExpenses": 205380000,
        "interestIncome": 185000,
        "interestExpense": 8618000,
        "depreciationAndAmortization": 8651000,
        "ebitda": 79747000,
        "ebitdaratio": 0.2877934882,
        "operatingIncome": 71508000,
        "operatingIncomeRatio": 0.2580603252,
        "totalOtherIncomeExpensesNet": -9030000,
        "incomeBeforeTax": 62464000,
        "incomeBeforeTaxRatio": 0.2254220528,
        "incomeTaxExpense": 23237000,
        "netIncome": 39227000,
        "netIncomeRatio": 0.1415636345,
        "eps": 0.46,
        "epsdiluted": 0.45,
        "weightedAverageShsOut": 85449871,
        "weightedAverageShsOutDil": 87864210,
        "link": "https://www.sec.gov/Archives/edgar/data/861878/000086187808000019/0000861878-08-000019-index.htm",
        "finalLink": "https://www.sec.gov/Archives/edgar/data/861878/000086187808000019/form10q.htm"
    },
    {
        "date": "2008-06-30",
        "symbol": "SRCL",
        "reportedCurrency": "USD",
        "cik": "0000861878",
        "fillingDate": "2008-08-07",
        "acceptedDate": "2008-08-07 16:08:25",
        "calendarYear": "2008",
        "period": "Q2",
        "revenue": 277786000,
        "costOfRevenue": 148394000,
        "grossProfit": 129392000,
        "grossProfitRatio": 0.4657974124,
        "researchAndDevelopmentExpenses": 0,
        "generalAndAdministrativeExpenses": 49711000,
        "sellingAndMarketingExpenses": 0,
        "sellingGeneralAndAdministrativeExpenses": 49711000,
        "otherExpenses": 8439000,
        "operatingExpenses": 58150000,
        "costAndExpenses": 206544000,
        "interestIncome": 157000,
        "interestExpense": 8139000,
        "depreciationAndAmortization": 8292000,
        "ebitda": 78857000,
        "ebitdaratio": 0.2838767972,
        "operatingIncome": 70926000,
        "operatingIncomeRatio": 0.2553260423,
        "totalOtherIncomeExpensesNet": -8500000,
        "incomeBeforeTax": 62426000,
        "incomeBeforeTaxRatio": 0.2247269481,
        "incomeTaxExpense": 23741000,
        "netIncome": 38685000,
        "netIncomeRatio": 0.1392618778,
        "eps": 0.45,
        "epsdiluted": 0.44,
        "weightedAverageShsOut": 86093711,
        "weightedAverageShsOutDil": 88484943,
        "link": "https://www.sec.gov/Archives/edgar/data/861878/000086187808000012/0000861878-08-000012-index.htm",
        "finalLink": "https://www.sec.gov/Archives/edgar/data/861878/000086187808000012/form10q.htm"
    },
    {
        "date": "2008-03-31",
        "symbol": "SRCL",
        "reportedCurrency": "USD",
        "cik": "0000861878",
        "fillingDate": "2008-05-08",
        "acceptedDate": "2008-05-08 14:23:43",
        "calendarYear": "2008",
        "period": "Q1",
        "revenue": 254784000,
        "costOfRevenue": 135121000,
        "grossProfit": 119663000,
        "grossProfitRatio": 0.4696645001,
        "researchAndDevelopmentExpenses": 0,
        "generalAndAdministrativeExpenses": 45765000,
        "sellingAndMarketingExpenses": 0,
        "sellingGeneralAndAdministrativeExpenses": 45765000,
        "otherExpenses": 13697000,
        "operatingExpenses": 59462000,
        "costAndExpenses": 194583000,
        "interestIncome": 402000,
        "interestExpense": 8128000,
        "depreciationAndAmortization": 8345000,
        "ebitda": 67792000,
        "ebitdaratio": 0.2660763627,
        "operatingIncome": 59488000,
        "operatingIncomeRatio": 0.2334840492,
        "totalOtherIncomeExpensesNet": -8169000,
        "incomeBeforeTax": 51319000,
        "incomeBeforeTaxRatio": 0.2014215963,
        "incomeTaxExpense": 19655000,
        "netIncome": 31664000,
        "netIncomeRatio": 0.1242778196,
        "eps": 0.36,
        "epsdiluted": 0.35,
        "weightedAverageShsOut": 86845150,
        "weightedAverageShsOutDil": 89393242,
        "link": "https://www.sec.gov/Archives/edgar/data/861878/000086187808000007/0000861878-08-000007-index.htm",
        "finalLink": "https://www.sec.gov/Archives/edgar/data/861878/000086187808000007/form10q.htm"
    },
    {
        "date": "2007-12-31",
        "symbol": "SRCL",
        "reportedCurrency": "USD",
        "cik": "0000861878",
        "fillingDate": "2008-02-29",
        "acceptedDate": "2008-02-29 12:30:29",
        "calendarYear": "2007",
        "period": "Q4",
        "revenue": 251550000,
        "costOfRevenue": 155851000,
        "grossProfit": 95699000,
        "grossProfitRatio": 0.3804372888,
        "researchAndDevelopmentExpenses": 0,
        "generalAndAdministrativeExpenses": 55346000,
        "sellingAndMarketingExpenses": 0,
        "sellingGeneralAndAdministrativeExpenses": 55346000,
        "otherExpenses": -8808000,
        "operatingExpenses": 46538000,
        "costAndExpenses": 202389000,
        "interestIncome": 0,
        "interestExpense": 0,
        "depreciationAndAmortization": 8483000,
        "ebitda": 57644000,
        "ebitdaratio": 0.2291552375,
        "operatingIncome": 47237000,
        "operatingIncomeRatio": 0.1877837408,
        "totalOtherIncomeExpensesNet": -9179000,
        "incomeBeforeTax": 38058000,
        "incomeBeforeTaxRatio": 0.1512939773,
        "incomeTaxExpense": 13960000,
        "netIncome": 24098000,
        "netIncomeRatio": 0.0957980521,
        "eps": 0.28,
        "epsdiluted": 0.28,
        "weightedAverageShsOut": 86845150,
        "weightedAverageShsOutDil": 86845150,
        "link": "https://www.sec.gov/Archives/edgar/data/861878/000119312508043177/0001193125-08-043177-index.htm",
        "finalLink": "https://www.sec.gov/Archives/edgar/data/861878/000119312508043177/d10k.htm"
    },
    {
        "date": "2007-09-30",
        "symbol": "SRCL",
        "reportedCurrency": "USD",
        "cik": "0000861878",
        "fillingDate": "2007-11-06",
        "acceptedDate": "2007-11-06 10:17:43",
        "calendarYear": "2007",
        "period": "Q3",
        "revenue": 237323000,
        "costOfRevenue": 124799000,
        "grossProfit": 112524000,
        "grossProfitRatio": 0.4741386212,
        "researchAndDevelopmentExpenses": 0,
        "generalAndAdministrativeExpenses": 42496000,
        "sellingAndMarketingExpenses": 0,
        "sellingGeneralAndAdministrativeExpenses": 42496000,
        "otherExpenses": 7808000,
        "operatingExpenses": 50304000,
        "costAndExpenses": 175103000,
        "interestIncome": 0,
        "interestExpense": 0,
        "depreciationAndAmortization": 7808000,
        "ebitda": 70028000,
        "ebitdaratio": 0.2950746451,
        "operatingIncome": 61860000,
        "operatingIncomeRatio": 0.2606574163,
        "totalOtherIncomeExpensesNet": -8804000,
        "incomeBeforeTax": 53056000,
        "incomeBeforeTaxRatio": 0.2235602955,
        "incomeTaxExpense": 20161000,
        "netIncome": 32895000,
        "netIncomeRatio": 0.138608563,
        "eps": 0.38,
        "epsdiluted": 0.37,
        "weightedAverageShsOut": 87299448,
        "weightedAverageShsOutDil": 89794892,
        "link": "https://www.sec.gov/Archives/edgar/data/861878/000086187807000028/0000861878-07-000028-index.htm",
        "finalLink": "https://www.sec.gov/Archives/edgar/data/861878/000086187807000028/form10q.htm"
    },
    {
        "date": "2007-06-30",
        "symbol": "SRCL",
        "reportedCurrency": "USD",
        "cik": "0000861878",
        "fillingDate": "2007-08-08",
        "acceptedDate": "2007-08-08 10:30:30",
        "calendarYear": "2007",
        "period": "Q2",
        "revenue": 232845000,
        "costOfRevenue": 122577000,
        "grossProfit": 110268000,
        "grossProfitRatio": 0.4735682536,
        "researchAndDevelopmentExpenses": 0,
        "generalAndAdministrativeExpenses": 42192000,
        "sellingAndMarketingExpenses": 0,
        "sellingGeneralAndAdministrativeExpenses": 42192000,
        "otherExpenses": 8547000,
        "operatingExpenses": 50739000,
        "costAndExpenses": 173316000,
        "interestIncome": 537000,
        "interestExpense": 8276000,
        "depreciationAndAmortization": 7708000,
        "ebitda": 67837000,
        "ebitdaratio": 0.2913397324,
        "operatingIncome": 59998000,
        "operatingIncomeRatio": 0.2576735597,
        "totalOtherIncomeExpensesNet": -7969000,
        "incomeBeforeTax": 52029000,
        "incomeBeforeTaxRatio": 0.2234490756,
        "incomeTaxExpense": 20031000,
        "netIncome": 31998000,
        "netIncomeRatio": 0.1374218901,
        "eps": 0.37,
        "epsdiluted": 0.36,
        "weightedAverageShsOut": 87634365,
        "weightedAverageShsOutDil": 89956735,
        "link": "https://www.sec.gov/Archives/edgar/data/861878/000086187807000019/0000861878-07-000019-index.htm",
        "finalLink": "https://www.sec.gov/Archives/edgar/data/861878/000086187807000019/form10q.htm"
    },
    {
        "date": "2007-03-31",
        "symbol": "SRCL",
        "reportedCurrency": "USD",
        "cik": "0000861878",
        "fillingDate": "2007-05-10",
        "acceptedDate": "2007-05-09 21:18:21",
        "calendarYear": "2007",
        "period": "Q1",
        "revenue": 211049000,
        "costOfRevenue": 111619000,
        "grossProfit": 99430000,
        "grossProfitRatio": 0.4711228198,
        "researchAndDevelopmentExpenses": 0,
        "generalAndAdministrativeExpenses": 36703000,
        "sellingAndMarketingExpenses": 0,
        "sellingGeneralAndAdministrativeExpenses": 36703000,
        "otherExpenses": 6965000,
        "operatingExpenses": 43668000,
        "costAndExpenses": 155287000,
        "interestIncome": 0,
        "interestExpense": 0,
        "depreciationAndAmortization": 7138000,
        "ebitda": 62900000,
        "ebitdaratio": 0.2980350535,
        "operatingIncome": 55449000,
        "operatingIncomeRatio": 0.262730456,
        "totalOtherIncomeExpensesNet": -7352000,
        "incomeBeforeTax": 48097000,
        "incomeBeforeTaxRatio": 0.2278949438,
        "incomeTaxExpense": 18710000,
        "netIncome": 29387000,
        "netIncomeRatio": 0.1392425456,
        "eps": 0.34,
        "epsdiluted": 0.33,
        "weightedAverageShsOut": 88284526,
        "weightedAverageShsOutDil": 90436694,
        "link": "https://www.sec.gov/Archives/edgar/data/861878/000086187807000011/0000861878-07-000011-index.htm",
        "finalLink": "https://www.sec.gov/Archives/edgar/data/861878/000086187807000011/form10q.htm"
    },
    {
        "date": "2006-12-31",
        "symbol": "SRCL",
        "reportedCurrency": "USD",
        "cik": "0000861878",
        "fillingDate": "2007-03-01",
        "acceptedDate": "2007-03-01 16:17:05",
        "calendarYear": "2006",
        "period": "Q4",
        "revenue": 208697000,
        "costOfRevenue": 130344000,
        "grossProfit": 78353000,
        "grossProfitRatio": 0.3754390336,
        "researchAndDevelopmentExpenses": 0,
        "generalAndAdministrativeExpenses": 42817000,
        "sellingAndMarketingExpenses": 0,
        "sellingGeneralAndAdministrativeExpenses": 42817000,
        "otherExpenses": -20109000,
        "operatingExpenses": 22708000,
        "costAndExpenses": 153052000,
        "interestIncome": 361000,
        "interestExpense": 7450000,
        "depreciationAndAmortization": 6927000,
        "ebitda": 62572000,
        "ebitdaratio": 0.2998222303,
        "operatingIncome": 54020000,
        "operatingIncomeRatio": 0.2588441616,
        "totalOtherIncomeExpensesNet": -6406000,
        "incomeBeforeTax": 47614000,
        "incomeBeforeTaxRatio": 0.2281489432,
        "incomeTaxExpense": 18569000,
        "netIncome": 29045000,
        "netIncomeRatio": 0.1391730595,
        "eps": 0.33,
        "epsdiluted": 0.33,
        "weightedAverageShsOut": 88284526,
        "weightedAverageShsOutDil": 88284526,
        "link": "https://www.sec.gov/Archives/edgar/data/861878/000119312507044384/0001193125-07-044384-index.htm",
        "finalLink": "https://www.sec.gov/Archives/edgar/data/861878/000119312507044384/d10k.htm"
    },
    {
        "date": "2006-09-30",
        "symbol": "SRCL",
        "reportedCurrency": "USD",
        "cik": "0000861878",
        "fillingDate": "2006-11-08",
        "acceptedDate": "2006-11-08 15:36:31",
        "calendarYear": "2006",
        "period": "Q3",
        "revenue": 203267000,
        "costOfRevenue": 107700000,
        "grossProfit": 95567000,
        "grossProfitRatio": 0.4701550178,
        "researchAndDevelopmentExpenses": 0,
        "generalAndAdministrativeExpenses": 34912000,
        "sellingAndMarketingExpenses": 0,
        "sellingGeneralAndAdministrativeExpenses": 34912000,
        "otherExpenses": 7101000,
        "operatingExpenses": 42013000,
        "costAndExpenses": 149713000,
        "interestIncome": 0,
        "interestExpense": 0,
        "depreciationAndAmortization": 7101000,
        "ebitda": 60655000,
        "ebitdaratio": 0.2984006258,
        "operatingIncome": 53035000,
        "operatingIncomeRatio": 0.2609129864,
        "totalOtherIncomeExpensesNet": -7900000,
        "incomeBeforeTax": 45135000,
        "incomeBeforeTaxRatio": 0.2220478484,
        "incomeTaxExpense": 17603000,
        "netIncome": 27532000,
        "netIncomeRatio": 0.1354474656,
        "eps": 0.31,
        "epsdiluted": 0.31,
        "weightedAverageShsOut": 88512004,
        "weightedAverageShsOutDil": 90495268,
        "link": "https://www.sec.gov/Archives/edgar/data/861878/000086187806000023/0000861878-06-000023-index.htm",
        "finalLink": "https://www.sec.gov/Archives/edgar/data/861878/000086187806000023/form10q.htm"
    },
    {
        "date": "2006-06-30",
        "symbol": "SRCL",
        "reportedCurrency": "USD",
        "cik": "0000861878",
        "fillingDate": "2006-08-04",
        "acceptedDate": "2006-08-04 16:53:26",
        "calendarYear": "2006",
        "period": "Q2",
        "revenue": 198424000,
        "costOfRevenue": 105883000,
        "grossProfit": 92541000,
        "grossProfitRatio": 0.466380075,
        "researchAndDevelopmentExpenses": 0,
        "generalAndAdministrativeExpenses": 34903000,
        "sellingAndMarketingExpenses": 0,
        "sellingGeneralAndAdministrativeExpenses": 34903000,
        "otherExpenses": 7013000,
        "operatingExpenses": 41916000,
        "costAndExpenses": 147799000,
        "interestIncome": 0,
        "interestExpense": 0,
        "depreciationAndAmortization": 6713000,
        "ebitda": 57338000,
        "ebitdaratio": 0.2889670604,
        "operatingIncome": 49961000,
        "operatingIncomeRatio": 0.2517890981,
        "totalOtherIncomeExpensesNet": -8702000,
        "incomeBeforeTax": 41259000,
        "incomeBeforeTaxRatio": 0.2079335161,
        "incomeTaxExpense": 16091000,
        "netIncome": 25168000,
        "netIncomeRatio": 0.1268394952,
        "eps": 0.28,
        "epsdiluted": 0.28,
        "weightedAverageShsOut": 88461750,
        "weightedAverageShsOutDil": 90621330,
        "link": "https://www.sec.gov/Archives/edgar/data/861878/000086187806000019/0000861878-06-000019-index.htm",
        "finalLink": "https://www.sec.gov/Archives/edgar/data/861878/000086187806000019/form10q.htm"
    },
    {
        "date": "2006-03-31",
        "symbol": "SRCL",
        "reportedCurrency": "USD",
        "cik": "0000861878",
        "fillingDate": "2006-05-10",
        "acceptedDate": "2006-05-10 18:20:21",
        "calendarYear": "2006",
        "period": "Q1",
        "revenue": 179249000,
        "costOfRevenue": 95843000,
        "grossProfit": 83406000,
        "grossProfitRatio": 0.4653080352,
        "researchAndDevelopmentExpenses": 0,
        "generalAndAdministrativeExpenses": 31734000,
        "sellingAndMarketingExpenses": 0,
        "sellingGeneralAndAdministrativeExpenses": 31734000,
        "otherExpenses": 6295000,
        "operatingExpenses": 38029000,
        "costAndExpenses": 133872000,
        "interestIncome": 0,
        "interestExpense": 0,
        "depreciationAndAmortization": 6295000,
        "ebitda": 51672000,
        "ebitdaratio": 0.2882693906,
        "operatingIncome": 44746000,
        "operatingIncomeRatio": 0.2496304024,
        "totalOtherIncomeExpensesNet": -6180000,
        "incomeBeforeTax": 38566000,
        "incomeBeforeTaxRatio": 0.2151532226,
        "incomeTaxExpense": 15041000,
        "netIncome": 23525000,
        "netIncomeRatio": 0.1312420153,
        "eps": 0.27,
        "epsdiluted": 0.26,
        "weightedAverageShsOut": 88124346,
        "weightedAverageShsOutDil": 90311850,
        "link": "https://www.sec.gov/Archives/edgar/data/861878/000086187806000009/0000861878-06-000009-index.htm",
        "finalLink": "https://www.sec.gov/Archives/edgar/data/861878/000086187806000009/q106form.htm"
    },
    {
        "date": "2005-12-31",
        "symbol": "SRCL",
        "reportedCurrency": "USD",
        "cik": "0000861878",
        "fillingDate": "2006-08-11",
        "acceptedDate": "2006-08-11 15:31:17",
        "calendarYear": "2005",
        "period": "Q4",
        "revenue": 166555000,
        "costOfRevenue": 104564000,
        "grossProfit": 61991000,
        "grossProfitRatio": 0.3721953709,
        "researchAndDevelopmentExpenses": 0,
        "generalAndAdministrativeExpenses": 32067000,
        "sellingAndMarketingExpenses": 0,
        "sellingGeneralAndAdministrativeExpenses": 32067000,
        "otherExpenses": -14957000,
        "operatingExpenses": 17110000,
        "costAndExpenses": 121674000,
        "interestIncome": 336000,
        "interestExpense": 4163000,
        "depreciationAndAmortization": 5696000,
        "ebitda": 50577000,
        "ebitdaratio": 0.3036654559,
        "operatingIncome": 45325000,
        "operatingIncomeRatio": 0.2721323287,
        "totalOtherIncomeExpensesNet": -45462000,
        "incomeBeforeTax": -137000,
        "incomeBeforeTaxRatio": -0.0008225511,
        "incomeTaxExpense": 889000,
        "netIncome": -1026000,
        "netIncomeRatio": -0.0061601273,
        "eps": -0.0116,
        "epsdiluted": -0.0116,
        "weightedAverageShsOut": 88124346,
        "weightedAverageShsOutDil": 88124346,
        "link": "https://www.sec.gov/Archives/edgar/data/861878/000095013706009073/0000950137-06-009073-index.htm",
        "finalLink": "https://www.sec.gov/Archives/edgar/data/861878/000095013706009073/n07578a1e10vkza.htm"
    },
    {
        "date": "2005-09-30",
        "symbol": "SRCL",
        "reportedCurrency": "USD",
        "cik": "0000861878",
        "fillingDate": "2005-11-08",
        "acceptedDate": "2005-11-08 13:46:33",
        "calendarYear": "2005",
        "period": "Q3",
        "revenue": 153176000,
        "costOfRevenue": 81513000,
        "grossProfit": 71663000,
        "grossProfitRatio": 0.4678474435,
        "researchAndDevelopmentExpenses": 0,
        "generalAndAdministrativeExpenses": 23300000,
        "sellingAndMarketingExpenses": 0,
        "sellingGeneralAndAdministrativeExpenses": 23300000,
        "otherExpenses": 6237000,
        "operatingExpenses": 29537000,
        "costAndExpenses": 111050000,
        "interestIncome": 0,
        "interestExpense": 0,
        "depreciationAndAmortization": 5365000,
        "ebitda": 47491000,
        "ebitdaratio": 0.3100420431,
        "operatingIncome": 41952000,
        "operatingIncomeRatio": 0.2738810257,
        "totalOtherIncomeExpensesNet": -3512000,
        "incomeBeforeTax": 38440000,
        "incomeBeforeTaxRatio": 0.2509531519,
        "incomeTaxExpense": 15057000,
        "netIncome": 23383000,
        "netIncomeRatio": 0.1526544628,
        "eps": 0.27,
        "epsdiluted": 0.26,
        "weightedAverageShsOut": 88829598,
        "weightedAverageShsOutDil": 90803556,
        "link": "https://www.sec.gov/Archives/edgar/data/861878/000086187805000020/0000861878-05-000020-index.htm",
        "finalLink": "https://www.sec.gov/Archives/edgar/data/861878/000086187805000020/q305body.htm"
    },
    {
        "date": "2005-06-30",
        "symbol": "SRCL",
        "reportedCurrency": "USD",
        "cik": "0000861878",
        "fillingDate": "2005-08-09",
        "acceptedDate": "2005-08-09 14:58:43",
        "calendarYear": "2005",
        "period": "Q2",
        "revenue": 149148000,
        "costOfRevenue": 79863000,
        "grossProfit": 69285000,
        "grossProfitRatio": 0.4645385791,
        "researchAndDevelopmentExpenses": 0,
        "generalAndAdministrativeExpenses": 21980000,
        "sellingAndMarketingExpenses": 0,
        "sellingGeneralAndAdministrativeExpenses": 21980000,
        "otherExpenses": 5142000,
        "operatingExpenses": 27122000,
        "costAndExpenses": 106985000,
        "interestIncome": 133000,
        "interestExpense": 3254000,
        "depreciationAndAmortization": 5142000,
        "ebitda": 47305000,
        "ebitdaratio": 0.3171681819,
        "operatingIncome": 41983000,
        "operatingIncomeRatio": 0.2814855043,
        "totalOtherIncomeExpensesNet": -4227000,
        "incomeBeforeTax": 37756000,
        "incomeBeforeTaxRatio": 0.2531445276,
        "incomeTaxExpense": 14774000,
        "netIncome": 22982000,
        "netIncomeRatio": 0.1540885563,
        "eps": 0.26,
        "epsdiluted": 0.26,
        "weightedAverageShsOut": 88245672,
        "weightedAverageShsOutDil": 90128160,
        "link": "https://www.sec.gov/Archives/edgar/data/861878/000086187805000014/0000861878-05-000014-index.htm",
        "finalLink": "https://www.sec.gov/Archives/edgar/data/861878/000086187805000014/q205body.htm"
    },
    {
        "date": "2005-03-31",
        "symbol": "SRCL",
        "reportedCurrency": "USD",
        "cik": "0000861878",
        "fillingDate": "2005-05-09",
        "acceptedDate": "2005-05-09 17:05:09",
        "calendarYear": "2005",
        "period": "Q1",
        "revenue": 140578000,
        "costOfRevenue": 75480000,
        "grossProfit": 65098000,
        "grossProfitRatio": 0.4630738807,
        "researchAndDevelopmentExpenses": 0,
        "generalAndAdministrativeExpenses": 20685000,
        "sellingAndMarketingExpenses": 0,
        "sellingGeneralAndAdministrativeExpenses": 20685000,
        "otherExpenses": 5228000,
        "operatingExpenses": 25913000,
        "costAndExpenses": 101393000,
        "interestIncome": 0,
        "interestExpense": 0,
        "depreciationAndAmortization": 5228000,
        "ebitda": 44413000,
        "ebitdaratio": 0.3159313691,
        "operatingIncome": 39095000,
        "operatingIncomeRatio": 0.2781018367,
        "totalOtherIncomeExpensesNet": -3174000,
        "incomeBeforeTax": 35921000,
        "incomeBeforeTaxRatio": 0.2555236239,
        "incomeTaxExpense": 14106000,
        "netIncome": 21815000,
        "netIncomeRatio": 0.1551807537,
        "eps": 0.25,
        "epsdiluted": 0.24,
        "weightedAverageShsOut": 89118102,
        "weightedAverageShsOutDil": 91021122,
        "link": "https://www.sec.gov/Archives/edgar/data/861878/000086187805000009/0000861878-05-000009-index.htm",
        "finalLink": "https://www.sec.gov/Archives/edgar/data/861878/000086187805000009/q105body.htm"
    },
    {
        "date": "2004-12-31",
        "symbol": "SRCL",
        "reportedCurrency": "USD",
        "cik": "0000861878",
        "fillingDate": "2005-03-11",
        "acceptedDate": "2005-03-11 16:06:48",
        "calendarYear": "2004",
        "period": "Q4",
        "revenue": 138890000,
        "costOfRevenue": 90985000,
        "grossProfit": 47905000,
        "grossProfitRatio": 0.3449132407,
        "researchAndDevelopmentExpenses": 0,
        "generalAndAdministrativeExpenses": 25818000,
        "sellingAndMarketingExpenses": 0,
        "sellingGeneralAndAdministrativeExpenses": 25818000,
        "otherExpenses": -16244000,
        "operatingExpenses": 9574000,
        "costAndExpenses": 100559000,
        "interestIncome": 0,
        "interestExpense": 0,
        "depreciationAndAmortization": 5559000,
        "ebitda": 43890000,
        "ebitdaratio": 0.316005472,
        "operatingIncome": 38144000,
        "operatingIncomeRatio": 0.2746346029,
        "totalOtherIncomeExpensesNet": -7423000,
        "incomeBeforeTax": 30721000,
        "incomeBeforeTaxRatio": 0.2211894305,
        "incomeTaxExpense": 11662000,
        "netIncome": 19059000,
        "netIncomeRatio": 0.1372237022,
        "eps": 0.21,
        "epsdiluted": 0.21,
        "weightedAverageShsOut": 88170884,
        "weightedAverageShsOutDil": 89118102,
        "link": "https://www.sec.gov/Archives/edgar/data/861878/000119312505047880/0001193125-05-047880-index.htm",
        "finalLink": "https://www.sec.gov/Archives/edgar/data/861878/000119312505047880/d10k.htm"
    },
    {
        "date": "2004-09-30",
        "symbol": "SRCL",
        "reportedCurrency": "USD",
        "cik": "0000861878",
        "fillingDate": "2004-11-05",
        "acceptedDate": "2004-11-05 11:26:49",
        "calendarYear": "2004",
        "period": "Q3",
        "revenue": 135989000,
        "costOfRevenue": 71806000,
        "grossProfit": 64183000,
        "grossProfitRatio": 0.4719719977,
        "researchAndDevelopmentExpenses": 0,
        "generalAndAdministrativeExpenses": 19253000,
        "sellingAndMarketingExpenses": 0,
        "sellingGeneralAndAdministrativeExpenses": 19253000,
        "otherExpenses": 6324000,
        "operatingExpenses": 25577000,
        "costAndExpenses": 97383000,
        "interestIncome": 0,
        "interestExpense": 0,
        "depreciationAndAmortization": 6324000,
        "ebitda": 44930000,
        "ebitdaratio": 0.3303943701,
        "operatingIncome": 38214000,
        "operatingIncomeRatio": 0.2810080227,
        "totalOtherIncomeExpensesNet": -3373000,
        "incomeBeforeTax": 34841000,
        "incomeBeforeTaxRatio": 0.256204546,
        "incomeTaxExpense": 13713000,
        "netIncome": 21128000,
        "netIncomeRatio": 0.1553655075,
        "eps": 0.24,
        "epsdiluted": 0.23,
        "weightedAverageShsOut": 90458348,
        "weightedAverageShsOutDil": 92599850,
        "link": "https://www.sec.gov/Archives/edgar/data/861878/000086187804000018/0000861878-04-000018-index.htm",
        "finalLink": "https://www.sec.gov/Archives/edgar/data/861878/000086187804000018/formq304.htm"
    },
    {
        "date": "2004-06-30",
        "symbol": "SRCL",
        "reportedCurrency": "USD",
        "cik": "0000861878",
        "fillingDate": "2004-08-09",
        "acceptedDate": "2004-08-06 18:11:45",
        "calendarYear": "2004",
        "period": "Q2",
        "revenue": 123793000,
        "costOfRevenue": 64378000,
        "grossProfit": 59415000,
        "grossProfitRatio": 0.4799544401,
        "researchAndDevelopmentExpenses": 0,
        "generalAndAdministrativeExpenses": 18330000,
        "sellingAndMarketingExpenses": 0,
        "sellingGeneralAndAdministrativeExpenses": 18330000,
        "otherExpenses": 6401000,
        "operatingExpenses": 24731000,
        "costAndExpenses": 89109000,
        "interestIncome": 0,
        "interestExpense": 0,
        "depreciationAndAmortization": 5246000,
        "ebitda": 39930000,
        "ebitdaratio": 0.3225545871,
        "operatingIncome": 34606000,
        "operatingIncomeRatio": 0.2795473088,
        "totalOtherIncomeExpensesNet": -3398000,
        "incomeBeforeTax": 31208000,
        "incomeBeforeTaxRatio": 0.2520982608,
        "incomeTaxExpense": 12341000,
        "netIncome": 18867000,
        "netIncomeRatio": 0.1524076483,
        "eps": 0.22,
        "epsdiluted": 0.21,
        "weightedAverageShsOut": 88189648,
        "weightedAverageShsOutDil": 92432484,
        "link": "https://www.sec.gov/Archives/edgar/data/861878/000086187804000010/0000861878-04-000010-index.htm",
        "finalLink": "https://www.sec.gov/Archives/edgar/data/861878/000086187804000010/form0204q.htm"
    },
    {
        "date": "2004-03-31",
        "symbol": "SRCL",
        "reportedCurrency": "USD",
        "cik": "0000861878",
        "fillingDate": "2004-05-05",
        "acceptedDate": "2004-05-05 16:36:03",
        "calendarYear": "2004",
        "period": "Q1",
        "revenue": 117556000,
        "costOfRevenue": 60853000,
        "grossProfit": 56703000,
        "grossProfitRatio": 0.482348838,
        "researchAndDevelopmentExpenses": 0,
        "generalAndAdministrativeExpenses": 17222000,
        "sellingAndMarketingExpenses": 0,
        "sellingGeneralAndAdministrativeExpenses": 17222000,
        "otherExpenses": 4674000,
        "operatingExpenses": 21896000,
        "costAndExpenses": 82749000,
        "interestIncome": 52000,
        "interestExpense": 2529000,
        "depreciationAndAmortization": 4674000,
        "ebitda": 39481000,
        "ebitdaratio": 0.3358484467,
        "operatingIncome": 34691000,
        "operatingIncomeRatio": 0.2951019089,
        "totalOtherIncomeExpensesNet": -2897000,
        "incomeBeforeTax": 31794000,
        "incomeBeforeTaxRatio": 0.2704583348,
        "incomeTaxExpense": 12670000,
        "netIncome": 19124000,
        "netIncomeRatio": 0.1626799143,
        "eps": 0.22,
        "epsdiluted": 0.21,
        "weightedAverageShsOut": 86309166,
        "weightedAverageShsOutDil": 92090020,
        "link": "https://www.sec.gov/Archives/edgar/data/861878/000119312504079339/0001193125-04-079339-index.htm",
        "finalLink": "https://www.sec.gov/Archives/edgar/data/861878/000119312504079339/d10q.htm"
    },
    {
        "date": "2003-12-31",
        "symbol": "SRCL",
        "reportedCurrency": "USD",
        "cik": "0000861878",
        "fillingDate": "2004-03-15",
        "acceptedDate": "2004-03-15 13:52:13",
        "calendarYear": "2003",
        "period": "Q4",
        "revenue": 114551000,
        "costOfRevenue": 73390000,
        "grossProfit": 41161000,
        "grossProfitRatio": 0.3593246676,
        "researchAndDevelopmentExpenses": 0,
        "generalAndAdministrativeExpenses": 20299000,
        "sellingAndMarketingExpenses": 0,
        "sellingGeneralAndAdministrativeExpenses": 20299000,
        "otherExpenses": -12542000,
        "operatingExpenses": 7757000,
        "costAndExpenses": 81147000,
        "interestIncome": 58000,
        "interestExpense": 2707000,
        "depreciationAndAmortization": 4713000,
        "ebitda": 38117000,
        "ebitdaratio": 0.3327513509,
        "operatingIncome": 33164000,
        "operatingIncomeRatio": 0.289512968,
        "totalOtherIncomeExpensesNet": -2904000,
        "incomeBeforeTax": 30260000,
        "incomeBeforeTaxRatio": 0.2641618144,
        "incomeTaxExpense": 11853000,
        "netIncome": 18407000,
        "netIncomeRatio": 0.1606882524,
        "eps": 0.21,
        "epsdiluted": 0.21,
        "weightedAverageShsOut": 84183634,
        "weightedAverageShsOutDil": 86309166,
        "link": "https://www.sec.gov/Archives/edgar/data/861878/000119312504041967/0001193125-04-041967-index.htm",
        "finalLink": "https://www.sec.gov/Archives/edgar/data/861878/000119312504041967/d10k.htm"
    },
    {
        "date": "2003-09-30",
        "symbol": "SRCL",
        "reportedCurrency": "USD",
        "cik": "0000861878",
        "fillingDate": "2003-11-07",
        "acceptedDate": "2003-11-07 15:55:44",
        "calendarYear": "2003",
        "period": "Q3",
        "revenue": 113228000,
        "costOfRevenue": 60369000,
        "grossProfit": 52859000,
        "grossProfitRatio": 0.4668368248,
        "researchAndDevelopmentExpenses": 0,
        "generalAndAdministrativeExpenses": 16781000,
        "sellingAndMarketingExpenses": 0,
        "sellingGeneralAndAdministrativeExpenses": 16781000,
        "otherExpenses": 4243000,
        "operatingExpenses": 21024000,
        "costAndExpenses": 81393000,
        "interestIncome": 232000,
        "interestExpense": 2829000,
        "depreciationAndAmortization": 4243000,
        "ebitda": 36078000,
        "ebitdaratio": 0.3186314339,
        "operatingIncome": 31619000,
        "operatingIncomeRatio": 0.2792507154,
        "totalOtherIncomeExpensesNet": -3238000,
        "incomeBeforeTax": 28381000,
        "incomeBeforeTaxRatio": 0.2506535486,
        "incomeTaxExpense": 11210000,
        "netIncome": 17171000,
        "netIncomeRatio": 0.1516497686,
        "eps": 0.21,
        "epsdiluted": 0.19,
        "weightedAverageShsOut": 83939514,
        "weightedAverageShsOutDil": 92570916,
        "link": "https://www.sec.gov/Archives/edgar/data/861878/000086187803000035/0000861878-03-000035-index.htm",
        "finalLink": "https://www.sec.gov/Archives/edgar/data/861878/000086187803000035/form10q.htm"
    },
    {
        "date": "2003-06-30",
        "symbol": "SRCL",
        "reportedCurrency": "USD",
        "cik": "0000861878",
        "fillingDate": "2003-08-11",
        "acceptedDate": "2003-08-08 18:30:55",
        "calendarYear": "2003",
        "period": "Q2",
        "revenue": 113135000,
        "costOfRevenue": 61127000,
        "grossProfit": 52008000,
        "grossProfitRatio": 0.4596985902,
        "researchAndDevelopmentExpenses": 0,
        "generalAndAdministrativeExpenses": 16594000,
        "sellingAndMarketingExpenses": 0,
        "sellingGeneralAndAdministrativeExpenses": 16594000,
        "otherExpenses": 4035000,
        "operatingExpenses": 20629000,
        "costAndExpenses": 81756000,
        "interestIncome": 0,
        "interestExpense": 0,
        "depreciationAndAmortization": 4035000,
        "ebitda": 35414000,
        "ebitdaratio": 0.313024263,
        "operatingIncome": 31256000,
        "operatingIncomeRatio": 0.2762717108,
        "totalOtherIncomeExpensesNet": -5515000,
        "incomeBeforeTax": 25741000,
        "incomeBeforeTaxRatio": 0.2275246387,
        "incomeTaxExpense": 10219000,
        "netIncome": 15522000,
        "netIncomeRatio": 0.1371989216,
        "eps": 0.19,
        "epsdiluted": 0.17,
        "weightedAverageShsOut": 82303882,
        "weightedAverageShsOutDil": 92210720,
        "link": "https://www.sec.gov/Archives/edgar/data/861878/000086187803000025/0000861878-03-000025-index.htm",
        "finalLink": "https://www.sec.gov/Archives/edgar/data/861878/000086187803000025/form203q.htm"
    },
    {
        "date": "2003-03-31",
        "symbol": "SRCL",
        "reportedCurrency": "USD",
        "cik": "0000861878",
        "fillingDate": "2003-05-06",
        "acceptedDate": "2003-05-06 16:53:24",
        "calendarYear": "2003",
        "period": "Q1",
        "revenue": 112311000,
        "costOfRevenue": 61714000,
        "grossProfit": 50597000,
        "grossProfitRatio": 0.4505079645,
        "researchAndDevelopmentExpenses": 0,
        "generalAndAdministrativeExpenses": 15884000,
        "sellingAndMarketingExpenses": 0,
        "sellingGeneralAndAdministrativeExpenses": 15884000,
        "otherExpenses": 4264000,
        "operatingExpenses": 20148000,
        "costAndExpenses": 81862000,
        "interestIncome": 0,
        "interestExpense": 0,
        "depreciationAndAmortization": 4264000,
        "ebitda": 34713000,
        "ebitdaratio": 0.3090792531,
        "operatingIncome": 30358000,
        "operatingIncomeRatio": 0.2703029979,
        "totalOtherIncomeExpensesNet": -6011000,
        "incomeBeforeTax": 24347000,
        "incomeBeforeTaxRatio": 0.2167819715,
        "incomeTaxExpense": 9666000,
        "netIncome": 14681000,
        "netIncomeRatio": 0.130717383,
        "eps": 0.18,
        "epsdiluted": 0.16,
        "weightedAverageShsOut": 81043196,
        "weightedAverageShsOutDil": 91686456,
        "link": "https://www.sec.gov/Archives/edgar/data/861878/000086187803000007/0000861878-03-000007-index.htm",
        "finalLink": "https://www.sec.gov/Archives/edgar/data/861878/000086187803000007/form10q.htm"
    },
    {
        "date": "2002-12-31",
        "symbol": "SRCL",
        "reportedCurrency": "USD",
        "cik": "0000861878",
        "fillingDate": "2003-03-24",
        "acceptedDate": "2003-03-24 17:26:18",
        "calendarYear": "2002",
        "period": "Q4",
        "revenue": 103207000,
        "costOfRevenue": 59861000,
        "grossProfit": 43346000,
        "grossProfitRatio": 0.4199908921,
        "researchAndDevelopmentExpenses": 0,
        "generalAndAdministrativeExpenses": 15445000,
        "sellingAndMarketingExpenses": 0,
        "sellingGeneralAndAdministrativeExpenses": 15445000,
        "otherExpenses": 2913000,
        "operatingExpenses": 18358000,
        "costAndExpenses": 78219000,
        "interestIncome": 0,
        "interestExpense": 0,
        "depreciationAndAmortization": 3870000,
        "ebitda": 28858000,
        "ebitdaratio": 0.279612817,
        "operatingIncome": 24849000,
        "operatingIncomeRatio": 0.2407685525,
        "totalOtherIncomeExpensesNet": -5949000,
        "incomeBeforeTax": 18900000,
        "incomeBeforeTaxRatio": 0.1831271135,
        "incomeTaxExpense": 7466000,
        "netIncome": 11434000,
        "netIncomeRatio": 0.110787059,
        "eps": 0.14,
        "epsdiluted": 0.14,
        "weightedAverageShsOut": 81043196,
        "weightedAverageShsOutDil": 81043196,
        "link": "https://www.sec.gov/Archives/edgar/data/861878/000095013103001569/0000950131-03-001569-index.htm",
        "finalLink": "https://www.sec.gov/Archives/edgar/data/861878/000095013103001569/d10k.htm"
    },
    {
        "date": "2002-09-30",
        "symbol": "SRCL",
        "reportedCurrency": "USD",
        "cik": "0000861878",
        "fillingDate": "2002-11-08",
        "acceptedDate": "2002-11-08 16:55:52",
        "calendarYear": "2002",
        "period": "Q3",
        "revenue": 101979000,
        "costOfRevenue": 59932000,
        "grossProfit": 42047000,
        "grossProfitRatio": 0.4123103776,
        "researchAndDevelopmentExpenses": 0,
        "generalAndAdministrativeExpenses": 15394000,
        "sellingAndMarketingExpenses": 0,
        "sellingGeneralAndAdministrativeExpenses": 15394000,
        "otherExpenses": 0,
        "operatingExpenses": 15394000,
        "costAndExpenses": 75326000,
        "interestIncome": 0,
        "interestExpense": 0,
        "depreciationAndAmortization": 3901000,
        "ebitda": 30554000,
        "ebitdaratio": 0.2996107042,
        "operatingIncome": 26605000,
        "operatingIncomeRatio": 0.2608870454,
        "totalOtherIncomeExpensesNet": -6746000,
        "incomeBeforeTax": 19859000,
        "incomeBeforeTaxRatio": 0.1947361712,
        "incomeTaxExpense": 7723000,
        "netIncome": 12136000,
        "netIncomeRatio": 0.1190048932,
        "eps": 0.16,
        "epsdiluted": 0.14,
        "weightedAverageShsOut": 75386350,
        "weightedAverageShsOutDil": 90248708,
        "link": "https://www.sec.gov/Archives/edgar/data/861878/000086187802000008/0000861878-02-000008-index.htm",
        "finalLink": "https://www.sec.gov/Archives/edgar/data/861878/000086187802000008/form10q.htm"
    },
    {
        "date": "2002-06-30",
        "symbol": "SRCL",
        "reportedCurrency": "USD",
        "cik": "0000861878",
        "fillingDate": "2002-08-07",
        "acceptedDate": "2002-08-07 11:51:04",
        "calendarYear": "2002",
        "period": "Q2",
        "revenue": 99269000,
        "costOfRevenue": 59042000,
        "grossProfit": 40227000,
        "grossProfitRatio": 0.4052322477,
        "researchAndDevelopmentExpenses": 0,
        "generalAndAdministrativeExpenses": 14868000,
        "sellingAndMarketingExpenses": 0,
        "sellingGeneralAndAdministrativeExpenses": 14868000,
        "otherExpenses": 0,
        "operatingExpenses": 14868000,
        "costAndExpenses": 73910000,
        "interestIncome": 98000,
        "interestExpense": 5991000,
        "depreciationAndAmortization": 3647000,
        "ebitda": 29006000,
        "ebitdaratio": 0.2921959524,
        "operatingIncome": 25337000,
        "operatingIncomeRatio": 0.2552357735,
        "totalOtherIncomeExpensesNet": -6243000,
        "incomeBeforeTax": 19094000,
        "incomeBeforeTaxRatio": 0.1923460496,
        "incomeTaxExpense": 7571000,
        "netIncome": 11523000,
        "netIncomeRatio": 0.1160785341,
        "eps": 0.15,
        "epsdiluted": 0.13,
        "weightedAverageShsOut": 75047182,
        "weightedAverageShsOutDil": 90293280,
        "link": "https://www.sec.gov/Archives/edgar/data/861878/000113626102000007/0001136261-02-000007-index.htm",
        "finalLink": "https://www.sec.gov/Archives/edgar/data/861878/000113626102000007/form10q.htm"
    },
    {
        "date": "2002-03-31",
        "symbol": "SRCL",
        "reportedCurrency": "USD",
        "cik": "0000861878",
        "fillingDate": "2002-05-03",
        "acceptedDate": "2002-05-03 16:52:40",
        "calendarYear": "2002",
        "period": "Q1",
        "revenue": 97064000,
        "costOfRevenue": 58175000,
        "grossProfit": 38889000,
        "grossProfitRatio": 0.4006531773,
        "researchAndDevelopmentExpenses": 0,
        "generalAndAdministrativeExpenses": 14695000,
        "sellingAndMarketingExpenses": 0,
        "sellingGeneralAndAdministrativeExpenses": 14695000,
        "otherExpenses": 0,
        "operatingExpenses": 14695000,
        "costAndExpenses": 72870000,
        "interestIncome": 0,
        "interestExpense": 0,
        "depreciationAndAmortization": 3563000,
        "ebitda": 27757000,
        "ebitdaratio": 0.2859659606,
        "operatingIncome": 24041000,
        "operatingIncomeRatio": 0.2476819418,
        "totalOtherIncomeExpensesNet": -6317000,
        "incomeBeforeTax": 17724000,
        "incomeBeforeTaxRatio": 0.1826011704,
        "incomeTaxExpense": 7093000,
        "netIncome": 10631000,
        "netIncomeRatio": 0.1095256738,
        "eps": 0.14,
        "epsdiluted": 0.12,
        "weightedAverageShsOut": 74444724,
        "weightedAverageShsOutDil": 89543904,
        "link": "https://www.sec.gov/Archives/edgar/data/861878/000086187802000003/0000861878-02-000003-index.htm",
        "finalLink": "https://www.sec.gov/Archives/edgar/data/861878/000086187802000003/form10q.htm"
    },
    {
        "date": "2001-12-31",
        "symbol": "SRCL",
        "reportedCurrency": "USD",
        "cik": "0000861878",
        "fillingDate": "2002-03-25",
        "acceptedDate": "2002-03-25 00:00:00",
        "calendarYear": "2001",
        "period": "Q4",
        "revenue": 93379000,
        "costOfRevenue": 56046000,
        "grossProfit": 37333000,
        "grossProfitRatio": 0.3998008117,
        "researchAndDevelopmentExpenses": 0,
        "generalAndAdministrativeExpenses": 17291000,
        "sellingAndMarketingExpenses": 0,
        "sellingGeneralAndAdministrativeExpenses": 17291000,
        "otherExpenses": 3685000,
        "operatingExpenses": 20976000,
        "costAndExpenses": 77022000,
        "interestIncome": 0,
        "interestExpense": 0,
        "depreciationAndAmortization": 6497000,
        "ebitda": 23319000,
        "ebitdaratio": 0.2497242421,
        "operatingIncome": 16704000,
        "operatingIncomeRatio": 0.1788839032,
        "totalOtherIncomeExpensesNet": -8374000,
        "incomeBeforeTax": 8330000,
        "incomeBeforeTaxRatio": 0.0892063526,
        "incomeTaxExpense": 3257000,
        "netIncome": -2236000,
        "netIncomeRatio": -0.0239454267,
        "eps": -0.03,
        "epsdiluted": -0.03,
        "weightedAverageShsOut": 74444724,
        "weightedAverageShsOutDil": 74444724,
        "link": "https://www.sec.gov/Archives/edgar/data/861878/000086187802000002/0000861878-02-000002-index.htm",
        "finalLink": "https://www.sec.gov/Archives/edgar/data/861878/000086187802000002/body10k.htm"
    },
    {
        "date": "2001-09-30",
        "symbol": "SRCL",
        "reportedCurrency": "USD",
        "cik": "0000861878",
        "fillingDate": "2001-11-14",
        "acceptedDate": "2001-11-14 00:00:00",
        "calendarYear": "2001",
        "period": "Q3",
        "revenue": 91261000,
        "costOfRevenue": 54794000,
        "grossProfit": 36467000,
        "grossProfitRatio": 0.3995901864,
        "researchAndDevelopmentExpenses": 0,
        "generalAndAdministrativeExpenses": 16717000,
        "sellingAndMarketingExpenses": 0,
        "sellingGeneralAndAdministrativeExpenses": 16717000,
        "otherExpenses": 0,
        "operatingExpenses": 16717000,
        "costAndExpenses": 71511000,
        "interestIncome": 0,
        "interestExpense": 0,
        "depreciationAndAmortization": 6414000,
        "ebitda": 26164000,
        "ebitdaratio": 0.2866942067,
        "operatingIncome": 19730000,
        "operatingIncomeRatio": 0.2161931164,
        "totalOtherIncomeExpensesNet": -9170000,
        "incomeBeforeTax": 10560000,
        "incomeBeforeTaxRatio": 0.1157120785,
        "incomeTaxExpense": 4225000,
        "netIncome": 6335000,
        "netIncomeRatio": 0.0694162895,
        "eps": 0.09,
        "epsdiluted": 0.075,
        "weightedAverageShsOut": 62639648,
        "weightedAverageShsOutDil": 84392744,
        "link": "https://www.sec.gov/Archives/edgar/data/861878/000086187801500014/0000861878-01-500014-index.htm",
        "finalLink": "https://www.sec.gov/Archives/edgar/data/861878/000086187801500014/form10q.htm"
    },
    {
        "date": "2001-06-30",
        "symbol": "SRCL",
        "reportedCurrency": "USD",
        "cik": "0000861878",
        "fillingDate": "2001-08-15",
        "acceptedDate": "2001-08-15 00:00:00",
        "calendarYear": "2001",
        "period": "Q2",
        "revenue": 88549000,
        "costOfRevenue": 53348000,
        "grossProfit": 35201000,
        "grossProfitRatio": 0.3975313103,
        "researchAndDevelopmentExpenses": 0,
        "generalAndAdministrativeExpenses": 16250000,
        "sellingAndMarketingExpenses": 0,
        "sellingGeneralAndAdministrativeExpenses": 16250000,
        "otherExpenses": 0,
        "operatingExpenses": 16250000,
        "costAndExpenses": 69598000,
        "interestIncome": 0,
        "interestExpense": 0,
        "depreciationAndAmortization": 6201000,
        "ebitda": 25152000,
        "ebitdaratio": 0.2840461214,
        "operatingIncome": 18862000,
        "operatingIncomeRatio": 0.2130120047,
        "totalOtherIncomeExpensesNet": -9431000,
        "incomeBeforeTax": 9431000,
        "incomeBeforeTaxRatio": 0.1065060023,
        "incomeTaxExpense": 3837000,
        "netIncome": 5594000,
        "netIncomeRatio": 0.0631740618,
        "eps": 0.08,
        "epsdiluted": 0.0675,
        "weightedAverageShsOut": 61622728,
        "weightedAverageShsOutDil": 83408496,
        "link": "https://www.sec.gov/Archives/edgar/data/861878/000086187801500009/0000861878-01-500009-index.htm",
        "finalLink": "https://www.sec.gov/Archives/edgar/data/861878/000086187801500009/form10qa.htm"
    },
    {
        "date": "2001-03-31",
        "symbol": "SRCL",
        "reportedCurrency": "USD",
        "cik": "0000861878",
        "fillingDate": "2001-05-11",
        "acceptedDate": "2001-05-11 00:00:00",
        "calendarYear": "2001",
        "period": "Q1",
        "revenue": 85835000,
        "costOfRevenue": 51771000,
        "grossProfit": 34064000,
        "grossProfitRatio": 0.39685443,
        "researchAndDevelopmentExpenses": 0,
        "generalAndAdministrativeExpenses": 15828000,
        "sellingAndMarketingExpenses": 0,
        "sellingGeneralAndAdministrativeExpenses": 15828000,
        "otherExpenses": 0,
        "operatingExpenses": 15828000,
        "costAndExpenses": 67599000,
        "interestIncome": 0,
        "interestExpense": 0,
        "depreciationAndAmortization": 6122000,
        "ebitda": 24358000,
        "ebitdaratio": 0.283777014,
        "operatingIncome": 17998000,
        "operatingIncomeRatio": 0.2096813654,
        "totalOtherIncomeExpensesNet": -9571000,
        "incomeBeforeTax": 8427000,
        "incomeBeforeTaxRatio": 0.0981767344,
        "incomeTaxExpense": 3410000,
        "netIncome": 5017000,
        "netIncomeRatio": 0.0584493505,
        "eps": 0.0725,
        "epsdiluted": 0.06,
        "weightedAverageShsOut": 60959700,
        "weightedAverageShsOutDil": 82379944,
        "link": "https://www.sec.gov/Archives/edgar/data/861878/000095013701501416/0000950137-01-501416-index.htm",
        "finalLink": "https://www.sec.gov/Archives/edgar/data/861878/000095013701501416/c62307e10-q.txt"
    },
    {
        "date": "2000-12-31",
        "symbol": "SRCL",
        "reportedCurrency": "USD",
        "cik": "0000861878",
        "fillingDate": "2001-03-21",
        "acceptedDate": "2001-03-21 00:00:00",
        "calendarYear": "2000",
        "period": "Q4",
        "revenue": 85431000,
        "costOfRevenue": 45522000,
        "grossProfit": 39909000,
        "grossProfitRatio": 0.4671489272,
        "researchAndDevelopmentExpenses": 0,
        "generalAndAdministrativeExpenses": 15482000,
        "sellingAndMarketingExpenses": 0,
        "sellingGeneralAndAdministrativeExpenses": 15482000,
        "otherExpenses": 6054000,
        "operatingExpenses": 21536000,
        "costAndExpenses": 67058000,
        "interestIncome": 73000,
        "interestExpense": 10114000,
        "depreciationAndAmortization": 6054000,
        "ebitda": 24427000,
        "ebitdaratio": 0.2859266543,
        "operatingIncome": 18373000,
        "operatingIncomeRatio": 0.2150624481,
        "totalOtherIncomeExpensesNet": -11856000,
        "incomeBeforeTax": 6517000,
        "incomeBeforeTaxRatio": 0.0762837846,
        "incomeTaxExpense": 2298000,
        "netIncome": 4219000,
        "netIncomeRatio": 0.0493848837,
        "eps": 0.0692,
        "epsdiluted": 0.0692,
        "weightedAverageShsOut": 60356448,
        "weightedAverageShsOutDil": 60959700,
        "link": "https://www.sec.gov/Archives/edgar/data/861878/000095013701000860/0000950137-01-000860-index.htm",
        "finalLink": "https://www.sec.gov/Archives/edgar/data/861878/000095013701000860/c60771e10-k.txt"
    },
    {
        "date": "2000-09-30",
        "symbol": "SRCL",
        "reportedCurrency": "USD",
        "cik": "0000861878",
        "fillingDate": "2000-11-13",
        "acceptedDate": "2000-11-13 00:00:00",
        "calendarYear": "2000",
        "period": "Q3",
        "revenue": 81066000,
        "costOfRevenue": 43348000,
        "grossProfit": 37718000,
        "grossProfitRatio": 0.4652752079,
        "researchAndDevelopmentExpenses": 0,
        "generalAndAdministrativeExpenses": 14765000,
        "sellingAndMarketingExpenses": 0,
        "sellingGeneralAndAdministrativeExpenses": 14765000,
        "otherExpenses": 5803000,
        "operatingExpenses": 20568000,
        "costAndExpenses": 63916000,
        "interestIncome": 0,
        "interestExpense": 0,
        "depreciationAndAmortization": 5803000,
        "ebitda": 22953000,
        "ebitdaratio": 0.283139664,
        "operatingIncome": 17150000,
        "operatingIncomeRatio": 0.2115560161,
        "totalOtherIncomeExpensesNet": -11311000,
        "incomeBeforeTax": 5839000,
        "incomeBeforeTaxRatio": 0.0720277305,
        "incomeTaxExpense": 2406000,
        "netIncome": 3433000,
        "netIncomeRatio": 0.0423482101,
        "eps": 0.0475,
        "epsdiluted": 0.0425,
        "weightedAverageShsOut": 59489288,
        "weightedAverageShsOutDil": 80384492,
        "link": "https://www.sec.gov/Archives/edgar/data/861878/000095013700004759/0000950137-00-004759-index.htm",
        "finalLink": "https://www.sec.gov/Archives/edgar/data/861878/000095013700004759/c58425e10-q.txt"
    },
    {
        "date": "2000-06-30",
        "symbol": "SRCL",
        "reportedCurrency": "USD",
        "cik": "0000861878",
        "fillingDate": "2000-08-11",
        "acceptedDate": "2000-08-11 00:00:00",
        "calendarYear": "2000",
        "period": "Q2",
        "revenue": 79557000,
        "costOfRevenue": 42432000,
        "grossProfit": 37125000,
        "grossProfitRatio": 0.4666465553,
        "researchAndDevelopmentExpenses": 0,
        "generalAndAdministrativeExpenses": 14726000,
        "sellingAndMarketingExpenses": 0,
        "sellingGeneralAndAdministrativeExpenses": 14726000,
        "otherExpenses": 5829000,
        "operatingExpenses": 20555000,
        "costAndExpenses": 62987000,
        "interestIncome": 0,
        "interestExpense": 0,
        "depreciationAndAmortization": 5829000,
        "ebitda": 22399000,
        "ebitdaratio": 0.2815465641,
        "operatingIncome": 16570000,
        "operatingIncomeRatio": 0.2082783413,
        "totalOtherIncomeExpensesNet": -11390000,
        "incomeBeforeTax": 5180000,
        "incomeBeforeTaxRatio": 0.0651105497,
        "incomeTaxExpense": 2094000,
        "netIncome": 3086000,
        "netIncomeRatio": 0.0387897985,
        "eps": 0.0425,
        "epsdiluted": 0.0375,
        "weightedAverageShsOut": 59170408,
        "weightedAverageShsOutDil": 79669196,
        "link": "https://www.sec.gov/Archives/edgar/data/861878/000095013700003612/0000950137-00-003612-index.htm",
        "finalLink": "https://www.sec.gov/Archives/edgar/data/861878/000095013700003612/e10-q.txt"
    },
    {
        "date": "2000-03-31",
        "symbol": "SRCL",
        "reportedCurrency": "USD",
        "cik": "0000861878",
        "fillingDate": "2000-05-15",
        "acceptedDate": "2000-05-15 00:00:00",
        "calendarYear": "2000",
        "period": "Q1",
        "revenue": 77668000,
        "costOfRevenue": 41574000,
        "grossProfit": 36094000,
        "grossProfitRatio": 0.4647216357,
        "researchAndDevelopmentExpenses": 0,
        "generalAndAdministrativeExpenses": 14484000,
        "sellingAndMarketingExpenses": 0,
        "sellingGeneralAndAdministrativeExpenses": 14484000,
        "otherExpenses": 5783000,
        "operatingExpenses": 20267000,
        "costAndExpenses": 61841000,
        "interestIncome": 0,
        "interestExpense": 0,
        "depreciationAndAmortization": 5783000,
        "ebitda": 21610000,
        "ebitdaratio": 0.2782355668,
        "operatingIncome": 15827000,
        "operatingIncomeRatio": 0.2037776176,
        "totalOtherIncomeExpensesNet": -9547000,
        "incomeBeforeTax": 6280000,
        "incomeBeforeTaxRatio": 0.080856981,
        "incomeTaxExpense": 2507000,
        "netIncome": 3773000,
        "netIncomeRatio": 0.0485785652,
        "eps": 0.0525,
        "epsdiluted": 0.0475,
        "weightedAverageShsOut": 58986412,
        "weightedAverageShsOutDil": 79436360,
        "link": "https://www.sec.gov/Archives/edgar/data/861878/000095013700002381/0000950137-00-002381-index.html",
        "finalLink": "https://www.sec.gov/Archives/edgar/data/861878/000095013700002381/"
    },
    {
        "date": "1999-12-31",
        "symbol": "SRCL",
        "reportedCurrency": "USD",
        "cik": "0000861878",
        "fillingDate": "2000-03-30",
        "acceptedDate": "2000-03-30 00:00:00",
        "calendarYear": "1999",
        "period": "Q4",
        "revenue": 58500000,
        "costOfRevenue": 32500000,
        "grossProfit": 26000000,
        "grossProfitRatio": 0.4444444444,
        "researchAndDevelopmentExpenses": 0,
        "generalAndAdministrativeExpenses": 11000000,
        "sellingAndMarketingExpenses": 0,
        "sellingGeneralAndAdministrativeExpenses": 11000000,
        "otherExpenses": 4600000,
        "operatingExpenses": 15600000,
        "costAndExpenses": 48100000,
        "interestIncome": 0,
        "interestExpense": 0,
        "depreciationAndAmortization": 4600000,
        "ebitda": 15000000,
        "ebitdaratio": 0.2564102564,
        "operatingIncome": 10400000,
        "operatingIncomeRatio": 0.1777777778,
        "totalOtherIncomeExpensesNet": -12700000,
        "incomeBeforeTax": -2300000,
        "incomeBeforeTaxRatio": -0.0393162393,
        "incomeTaxExpense": -8400000,
        "netIncome": 6100000,
        "netIncomeRatio": 0.1042735043,
        "eps": 0.1,
        "epsdiluted": 0.1,
        "weightedAverageShsOut": 58986412,
        "weightedAverageShsOutDil": 58986412,
        "link": "https://www.sec.gov/Archives/edgar/data/861878/000095013700001477/0000950137-00-001477-index.html",
        "finalLink": "https://www.sec.gov/Archives/edgar/data/861878/000095013700001477/"
    },
    {
        "date": "1999-09-30",
        "symbol": "SRCL",
        "reportedCurrency": "USD",
        "cik": "0000861878",
        "fillingDate": "1999-11-15",
        "acceptedDate": "1999-11-15 00:00:00",
        "calendarYear": "1999",
        "period": "Q3",
        "revenue": 25400000,
        "costOfRevenue": 14900000,
        "grossProfit": 10500000,
        "grossProfitRatio": 0.4133858268,
        "researchAndDevelopmentExpenses": 0,
        "generalAndAdministrativeExpenses": 5300000,
        "sellingAndMarketingExpenses": 0,
        "sellingGeneralAndAdministrativeExpenses": 5300000,
        "otherExpenses": 1800000,
        "operatingExpenses": 7100000,
        "costAndExpenses": 22000000,
        "interestIncome": 0,
        "interestExpense": 0,
        "depreciationAndAmortization": 1800000,
        "ebitda": 5200000,
        "ebitdaratio": 0.2047244094,
        "operatingIncome": 3400000,
        "operatingIncomeRatio": 0.1338582677,
        "totalOtherIncomeExpensesNet": 300000,
        "incomeBeforeTax": 3700000,
        "incomeBeforeTaxRatio": 0.1456692913,
        "incomeTaxExpense": 800000,
        "netIncome": 2900000,
        "netIncomeRatio": 0.1141732283,
        "eps": 0.0475,
        "epsdiluted": 0.0475,
        "weightedAverageShsOut": 61052632,
        "weightedAverageShsOutDil": 61052632,
        "link": "https://www.sec.gov/Archives/edgar/data/861878/000095013799004170/0000950137-99-004170-index.html",
        "finalLink": "https://www.sec.gov/Archives/edgar/data/861878/000095013799004170/"
    },
    {
        "date": "1999-06-30",
        "symbol": "SRCL",
        "reportedCurrency": "USD",
        "cik": "0000861878",
        "fillingDate": "1999-08-16",
        "acceptedDate": "1999-08-16 00:00:00",
        "calendarYear": "1999",
        "period": "Q2",
        "revenue": 25000000,
        "costOfRevenue": 14700000,
        "grossProfit": 10300000,
        "grossProfitRatio": 0.412,
        "researchAndDevelopmentExpenses": 0,
        "generalAndAdministrativeExpenses": 5200000,
        "sellingAndMarketingExpenses": 0,
        "sellingGeneralAndAdministrativeExpenses": 5200000,
        "otherExpenses": 1800000,
        "operatingExpenses": 7000000,
        "costAndExpenses": 21700000,
        "interestIncome": 0,
        "interestExpense": 0,
        "depreciationAndAmortization": 1800000,
        "ebitda": 5100000,
        "ebitdaratio": 0.204,
        "operatingIncome": 3300000,
        "operatingIncomeRatio": 0.132,
        "totalOtherIncomeExpensesNet": 100000,
        "incomeBeforeTax": 3400000,
        "incomeBeforeTaxRatio": 0.136,
        "incomeTaxExpense": 800000,
        "netIncome": 2600000,
        "netIncomeRatio": 0.104,
        "eps": 0.045,
        "epsdiluted": 0.0425,
        "weightedAverageShsOut": 57777778,
        "weightedAverageShsOutDil": 61176471,
        "link": "https://www.sec.gov/Archives/edgar/data/861878/000095013799003074/0000950137-99-003074-index.html",
        "finalLink": "https://www.sec.gov/Archives/edgar/data/861878/000095013799003074/"
    },
    {
        "date": "1999-03-31",
        "symbol": "SRCL",
        "reportedCurrency": "USD",
        "cik": "0000861878",
        "fillingDate": "1999-05-17",
        "acceptedDate": "1999-05-17 00:00:00",
        "calendarYear": "1999",
        "period": "Q1",
        "revenue": 23900000,
        "costOfRevenue": 14200000,
        "grossProfit": 9700000,
        "grossProfitRatio": 0.4058577406,
        "researchAndDevelopmentExpenses": 0,
        "generalAndAdministrativeExpenses": 5100000,
        "sellingAndMarketingExpenses": 0,
        "sellingGeneralAndAdministrativeExpenses": 5100000,
        "otherExpenses": 1700000,
        "operatingExpenses": 6800000,
        "costAndExpenses": 21000000,
        "interestIncome": 0,
        "interestExpense": 0,
        "depreciationAndAmortization": 1700000,
        "ebitda": 4568000,
        "ebitdaratio": 0.1911297071,
        "operatingIncome": 2900000,
        "operatingIncomeRatio": 0.1213389121,
        "totalOtherIncomeExpensesNet": 100000,
        "incomeBeforeTax": 3000000,
        "incomeBeforeTaxRatio": 0.1255230126,
        "incomeTaxExpense": 600000,
        "netIncome": 2400000,
        "netIncomeRatio": 0.10041841,
        "eps": 0.045,
        "epsdiluted": 0.045,
        "weightedAverageShsOut": 53333333,
        "weightedAverageShsOutDil": 53333333,
        "link": "https://www.sec.gov/Archives/edgar/data/861878/000095013799001702/0000950137-99-001702-index.html",
        "finalLink": "https://www.sec.gov/Archives/edgar/data/861878/"
    },
    {
        "date": "1998-12-31",
        "symbol": "SRCL",
        "reportedCurrency": "USD",
        "cik": "0000861878",
        "fillingDate": "1999-06-23",
        "acceptedDate": "1999-06-23 00:00:00",
        "calendarYear": "1998",
        "period": "Q4",
        "revenue": 21900000,
        "costOfRevenue": 13400000,
        "grossProfit": 8500000,
        "grossProfitRatio": 0.3881278539,
        "researchAndDevelopmentExpenses": 0,
        "generalAndAdministrativeExpenses": 4700000,
        "sellingAndMarketingExpenses": 0,
        "sellingGeneralAndAdministrativeExpenses": 4700000,
        "otherExpenses": 1400000,
        "operatingExpenses": 6100000,
        "costAndExpenses": 19500000,
        "interestIncome": 0,
        "interestExpense": 0,
        "depreciationAndAmortization": 1400000,
        "ebitda": 3800000,
        "ebitdaratio": 0.1735159817,
        "operatingIncome": 2400000,
        "operatingIncomeRatio": 0.1095890411,
        "totalOtherIncomeExpensesNet": -300000,
        "incomeBeforeTax": 2100000,
        "incomeBeforeTaxRatio": 0.095890411,
        "incomeTaxExpense": -200000,
        "netIncome": 2300000,
        "netIncomeRatio": 0.1050228311,
        "eps": 0.0431,
        "epsdiluted": 0.0431,
        "weightedAverageShsOut": 53333333,
        "weightedAverageShsOutDil": 53333333,
        "link": "https://www.sec.gov/Archives/edgar/data/861878/000095013799002252/0000950137-99-002252-index.html",
        "finalLink": "https://www.sec.gov/Archives/edgar/data/861878/000095013799002252/"
    },
    {
        "date": "1998-09-30",
        "symbol": "SRCL",
        "reportedCurrency": "USD",
        "cik": "0000861878",
        "fillingDate": "1998-11-16",
        "acceptedDate": "1998-11-16 00:00:00",
        "calendarYear": "1998",
        "period": "Q3",
        "revenue": 16700000,
        "costOfRevenue": 9900000,
        "grossProfit": 6800000,
        "grossProfitRatio": 0.4071856287,
        "researchAndDevelopmentExpenses": 0,
        "generalAndAdministrativeExpenses": 3800000,
        "sellingAndMarketingExpenses": 0,
        "sellingGeneralAndAdministrativeExpenses": 3800000,
        "otherExpenses": 1000000,
        "operatingExpenses": 4800000,
        "costAndExpenses": 14700000,
        "interestIncome": 0,
        "interestExpense": 100000,
        "depreciationAndAmortization": 1000000,
        "ebitda": 3000000,
        "ebitdaratio": 0.1796407186,
        "operatingIncome": 2000000,
        "operatingIncomeRatio": 0.119760479,
        "totalOtherIncomeExpensesNet": 100000,
        "incomeBeforeTax": 2100000,
        "incomeBeforeTaxRatio": 0.125748503,
        "incomeTaxExpense": 500000,
        "netIncome": 1600000,
        "netIncomeRatio": 0.0958083832,
        "eps": 0.0375,
        "epsdiluted": 0.035,
        "weightedAverageShsOut": 42666667,
        "weightedAverageShsOutDil": 45714286,
        "link": "https://www.sec.gov/Archives/edgar/data/861878/000095012498006748/0000950124-98-006748-index.html",
        "finalLink": "https://www.sec.gov/Archives/edgar/data/861878/"
    },
    {
        "date": "1998-06-30",
        "symbol": "SRCL",
        "reportedCurrency": "USD",
        "cik": "0000861878",
        "fillingDate": "1998-08-04",
        "acceptedDate": "1998-08-04 00:00:00",
        "calendarYear": "1998",
        "period": "Q2",
        "revenue": 14800000,
        "costOfRevenue": 9500000,
        "grossProfit": 5300000,
        "grossProfitRatio": 0.3581081081,
        "researchAndDevelopmentExpenses": 0,
        "generalAndAdministrativeExpenses": 3300000,
        "sellingAndMarketingExpenses": 0,
        "sellingGeneralAndAdministrativeExpenses": 3300000,
        "otherExpenses": 800000,
        "operatingExpenses": 4100000,
        "costAndExpenses": 13600000,
        "interestIncome": 0,
        "interestExpense": 0,
        "depreciationAndAmortization": 800000,
        "ebitda": 2000000,
        "ebitdaratio": 0.1351351351,
        "operatingIncome": 1200000,
        "operatingIncomeRatio": 0.0810810811,
        "totalOtherIncomeExpensesNet": 100000,
        "incomeBeforeTax": 1300000,
        "incomeBeforeTaxRatio": 0.0878378378,
        "incomeTaxExpense": 200000,
        "netIncome": 1100000,
        "netIncomeRatio": 0.0743243243,
        "eps": 0.025,
        "epsdiluted": 0.025,
        "weightedAverageShsOut": 44000000,
        "weightedAverageShsOutDil": 44000000,
        "link": "https://www.sec.gov/Archives/edgar/data/861878/000095013798002960/0000950137-98-002960-index.html",
        "finalLink": "https://www.sec.gov/Archives/edgar/data/861878/"
    },
    {
        "date": "1998-03-31",
        "symbol": "SRCL",
        "reportedCurrency": "USD",
        "cik": "0000861878",
        "fillingDate": "1998-05-15",
        "acceptedDate": "1998-05-15 00:00:00",
        "calendarYear": "1998",
        "period": "Q1",
        "revenue": 13300000,
        "costOfRevenue": 8400000,
        "grossProfit": 4900000,
        "grossProfitRatio": 0.3684210526,
        "researchAndDevelopmentExpenses": 0,
        "generalAndAdministrativeExpenses": 3100000,
        "sellingAndMarketingExpenses": 0,
        "sellingGeneralAndAdministrativeExpenses": 3100000,
        "otherExpenses": 900000,
        "operatingExpenses": 4000000,
        "costAndExpenses": 12400000,
        "interestIncome": 0,
        "interestExpense": 0,
        "depreciationAndAmortization": 900000,
        "ebitda": 1800000,
        "ebitdaratio": 0.1353383459,
        "operatingIncome": 900000,
        "operatingIncomeRatio": 0.0676691729,
        "totalOtherIncomeExpensesNet": 0,
        "incomeBeforeTax": 900000,
        "incomeBeforeTaxRatio": 0.0676691729,
        "incomeTaxExpense": 100000,
        "netIncome": 800000,
        "netIncomeRatio": 0.0601503759,
        "eps": 0.0175,
        "epsdiluted": 0.0175,
        "weightedAverageShsOut": 45714286,
        "weightedAverageShsOutDil": 45714286,
        "link": "https://www.sec.gov/Archives/edgar/data/861878/000104746998020650/0001047469-98-020650-index.html",
        "finalLink": "https://www.sec.gov/Archives/edgar/data/861878/"
    },
    {
        "date": "1997-12-31",
        "symbol": "SRCL",
        "reportedCurrency": "USD",
        "cik": "0000861878",
        "fillingDate": "1998-03-30",
        "acceptedDate": "1998-03-30 00:00:00",
        "calendarYear": "1997",
        "period": "Q4",
        "revenue": 12700000,
        "costOfRevenue": 8400000,
        "grossProfit": 4300000,
        "grossProfitRatio": 0.3385826772,
        "researchAndDevelopmentExpenses": 0,
        "generalAndAdministrativeExpenses": 3000000,
        "sellingAndMarketingExpenses": 0,
        "sellingGeneralAndAdministrativeExpenses": 3000000,
        "otherExpenses": 600000,
        "operatingExpenses": 3600000,
        "costAndExpenses": 12000000,
        "interestIncome": 0,
        "interestExpense": 0,
        "depreciationAndAmortization": 600000,
        "ebitda": 1300000,
        "ebitdaratio": 0.1023622047,
        "operatingIncome": 700000,
        "operatingIncomeRatio": 0.0551181102,
        "totalOtherIncomeExpensesNet": 100000,
        "incomeBeforeTax": 800000,
        "incomeBeforeTaxRatio": 0.062992126,
        "incomeTaxExpense": 100000,
        "netIncome": 600000,
        "netIncomeRatio": 0.0472440945,
        "eps": 0.0131,
        "epsdiluted": 0.0131,
        "weightedAverageShsOut": 45714286,
        "weightedAverageShsOutDil": 45714286,
        "link": "https://www.sec.gov/Archives/edgar/data/861878/000104746998012393/0001047469-98-012393-index.html",
        "finalLink": "https://www.sec.gov/Archives/edgar/data/861878/"
    },
    {
        "date": "1997-09-30",
        "symbol": "SRCL",
        "reportedCurrency": "USD",
        "cik": "0000861878",
        "fillingDate": "1997-11-14",
        "acceptedDate": "1997-11-14 00:00:00",
        "calendarYear": "1997",
        "period": "Q3",
        "revenue": 12700000,
        "costOfRevenue": 7900000,
        "grossProfit": 4800000,
        "grossProfitRatio": 0.3779527559,
        "researchAndDevelopmentExpenses": 0,
        "generalAndAdministrativeExpenses": 3100000,
        "sellingAndMarketingExpenses": 0,
        "sellingGeneralAndAdministrativeExpenses": 3100000,
        "otherExpenses": 1100000,
        "operatingExpenses": 4200000,
        "costAndExpenses": 12100000,
        "interestIncome": 0,
        "interestExpense": 0,
        "depreciationAndAmortization": 1100000,
        "ebitda": 1700000,
        "ebitdaratio": 0.1338582677,
        "operatingIncome": 600000,
        "operatingIncomeRatio": 0.0472440945,
        "totalOtherIncomeExpensesNet": 100000,
        "incomeBeforeTax": 700000,
        "incomeBeforeTaxRatio": 0.0551181102,
        "incomeTaxExpense": 100000,
        "netIncome": 500000,
        "netIncomeRatio": 0.0393700787,
        "eps": 0.0125,
        "epsdiluted": 0.0125,
        "weightedAverageShsOut": 40000000,
        "weightedAverageShsOutDil": 40000000,
        "link": "https://www.sec.gov/Archives/edgar/data/861878/000104746997004612/0001047469-97-004612-index.html",
        "finalLink": "https://www.sec.gov/Archives/edgar/data/861878/"
    },
    {
        "date": "1997-06-30",
        "symbol": "SRCL",
        "reportedCurrency": "USD",
        "cik": "0000861878",
        "fillingDate": "1997-08-14",
        "acceptedDate": "1997-08-14 00:00:00",
        "calendarYear": "1997",
        "period": "Q2",
        "revenue": 10900000,
        "costOfRevenue": 7500000,
        "grossProfit": 3400000,
        "grossProfitRatio": 0.3119266055,
        "researchAndDevelopmentExpenses": 0,
        "generalAndAdministrativeExpenses": 2600000,
        "sellingAndMarketingExpenses": 0,
        "sellingGeneralAndAdministrativeExpenses": 2600000,
        "otherExpenses": 700000,
        "operatingExpenses": 3300000,
        "costAndExpenses": 10800000,
        "interestIncome": 0,
        "interestExpense": 0,
        "depreciationAndAmortization": 700000,
        "ebitda": 800000,
        "ebitdaratio": 0.0733944954,
        "operatingIncome": 100000,
        "operatingIncomeRatio": 0.0091743119,
        "totalOtherIncomeExpensesNet": 200000,
        "incomeBeforeTax": 300000,
        "incomeBeforeTaxRatio": 0.0275229358,
        "incomeTaxExpense": -100000,
        "netIncome": 200000,
        "netIncomeRatio": 0.0183486239,
        "eps": 0.005,
        "epsdiluted": 0.005,
        "weightedAverageShsOut": 40000000,
        "weightedAverageShsOutDil": 40000000,
        "link": "https://www.sec.gov/Archives/edgar/data/861878/000091205797027696/0000912057-97-027696-index.html",
        "finalLink": "https://www.sec.gov/Archives/edgar/data/861878/"
    },
    {
        "date": "1997-03-31",
        "symbol": "SRCL",
        "reportedCurrency": "USD",
        "cik": "0000861878",
        "fillingDate": "1997-05-15",
        "acceptedDate": "1997-05-15 00:00:00",
        "calendarYear": "1997",
        "period": "Q1",
        "revenue": 9900000,
        "costOfRevenue": 7200000,
        "grossProfit": 2700000,
        "grossProfitRatio": 0.2727272727,
        "researchAndDevelopmentExpenses": 0,
        "generalAndAdministrativeExpenses": 2000000,
        "sellingAndMarketingExpenses": 0,
        "sellingGeneralAndAdministrativeExpenses": 2000000,
        "otherExpenses": 700000,
        "operatingExpenses": 2700000,
        "costAndExpenses": 9900000,
        "interestIncome": 0,
        "interestExpense": 0,
        "depreciationAndAmortization": 700000,
        "ebitda": 500000,
        "ebitdaratio": 0.0505050505,
        "operatingIncome": -200000,
        "operatingIncomeRatio": -0.0202020202,
        "totalOtherIncomeExpensesNet": 0,
        "incomeBeforeTax": 0,
        "incomeBeforeTaxRatio": 0,
        "incomeTaxExpense": -100000,
        "netIncome": 100000,
        "netIncomeRatio": 0.0101010101,
        "eps": 0.0025,
        "epsdiluted": 0.0025,
        "weightedAverageShsOut": 40000000,
        "weightedAverageShsOutDil": 40000000,
        "link": "https://www.sec.gov/Archives/edgar/data/861878/000091205797017919/0000912057-97-017919-index.html",
        "finalLink": "https://www.sec.gov/Archives/edgar/data/861878/"
    },
    {
        "date": "1996-12-31",
        "symbol": "SRCL",
        "reportedCurrency": "USD",
        "cik": "0000861878",
        "fillingDate": "1997-03-31",
        "acceptedDate": "1997-03-31 00:00:00",
        "calendarYear": "1996",
        "period": "Q4",
        "revenue": 6600000,
        "costOfRevenue": 4600000,
        "grossProfit": 2000000,
        "grossProfitRatio": 0.303030303,
        "researchAndDevelopmentExpenses": 0,
        "generalAndAdministrativeExpenses": 2500000,
        "sellingAndMarketingExpenses": 0,
        "sellingGeneralAndAdministrativeExpenses": 2500000,
        "otherExpenses": 600000,
        "operatingExpenses": 3100000,
        "costAndExpenses": 7700000,
        "interestIncome": 0,
        "interestExpense": 0,
        "depreciationAndAmortization": 600000,
        "ebitda": -500000,
        "ebitdaratio": -0.0757575758,
        "operatingIncome": -1100000,
        "operatingIncomeRatio": -0.1666666667,
        "totalOtherIncomeExpensesNet": 300000,
        "incomeBeforeTax": -800000,
        "incomeBeforeTaxRatio": -0.1212121212,
        "incomeTaxExpense": 0,
        "netIncome": -800000,
        "netIncomeRatio": -0.1212121212,
        "eps": -0.02,
        "epsdiluted": -0.02,
        "weightedAverageShsOut": 40000000,
        "weightedAverageShsOutDil": 40000000,
        "link": "https://www.sec.gov/Archives/edgar/data/861878/000091205797011141/0000912057-97-011141-index.html",
        "finalLink": "https://www.sec.gov/Archives/edgar/data/861878/"
    },
    {
        "date": "1996-09-30",
        "symbol": "SRCL",
        "reportedCurrency": "USD",
        "cik": "0000861878",
        "fillingDate": "1996-11-13",
        "acceptedDate": "1996-11-13 00:00:00",
        "calendarYear": "1996",
        "period": "Q3",
        "revenue": 6300000,
        "costOfRevenue": 4500000,
        "grossProfit": 1800000,
        "grossProfitRatio": 0.2857142857,
        "researchAndDevelopmentExpenses": 0,
        "generalAndAdministrativeExpenses": 0,
        "sellingAndMarketingExpenses": 0,
        "sellingGeneralAndAdministrativeExpenses": 1800000,
        "otherExpenses": 500000,
        "operatingExpenses": 2300000,
        "costAndExpenses": 6800000,
        "interestIncome": 0,
        "interestExpense": 100000,
        "depreciationAndAmortization": 500000,
        "ebitda": 0,
        "ebitdaratio": 0,
        "operatingIncome": -500000,
        "operatingIncomeRatio": -0.0793650794,
        "totalOtherIncomeExpensesNet": 100000,
        "incomeBeforeTax": -400000,
        "incomeBeforeTaxRatio": -0.0634920635,
        "incomeTaxExpense": 0,
        "netIncome": -500000,
        "netIncomeRatio": -0.0793650794,
        "eps": -0.015,
        "epsdiluted": -0.015,
        "weightedAverageShsOut": 33333333,
        "weightedAverageShsOutDil": 33333333,
        "link": "https://www.sec.gov/Archives/edgar/data/861878/000091205796026009/0000912057-96-026009-index.html",
        "finalLink": "https://www.sec.gov/Archives/edgar/data/861878/"
    },
    {
        "date": "1996-06-30",
        "symbol": "SRCL",
        "reportedCurrency": "USD",
        "cik": "0000861878",
        "fillingDate": "1996-06-30",
        "acceptedDate": "1996-06-29 20:00:00",
        "calendarYear": "1996",
        "period": "Q2",
        "revenue": 5800000,
        "costOfRevenue": 0,
        "grossProfit": 5800000,
        "grossProfitRatio": 1,
        "researchAndDevelopmentExpenses": 0,
        "generalAndAdministrativeExpenses": 0,
        "sellingAndMarketingExpenses": 0,
        "sellingGeneralAndAdministrativeExpenses": 0,
        "otherExpenses": 0,
        "operatingExpenses": 0,
        "costAndExpenses": 0,
        "interestIncome": 0,
        "interestExpense": 0,
        "depreciationAndAmortization": 0,
        "ebitda": 5800000,
        "ebitdaratio": 1,
        "operatingIncome": 5800000,
        "operatingIncomeRatio": 1,
        "totalOtherIncomeExpensesNet": -5800000,
        "incomeBeforeTax": 0,
        "incomeBeforeTaxRatio": 0,
        "incomeTaxExpense": 600000,
        "netIncome": -600000,
        "netIncomeRatio": -0.1034482759,
        "eps": -0.02,
        "epsdiluted": -0.02,
        "weightedAverageShsOut": 30000000,
        "weightedAverageShsOutDil": 30000000,
        "link": "",
        "finalLink": ""
    },
    {
        "date": "1996-03-31",
        "symbol": "SRCL",
        "reportedCurrency": "USD",
        "cik": "0000861878",
        "fillingDate": "1996-03-31",
        "acceptedDate": "1996-03-30 19:00:00",
        "calendarYear": "1996",
        "period": "Q1",
        "revenue": 5800000,
        "costOfRevenue": 0,
        "grossProfit": 5800000,
        "grossProfitRatio": 1,
        "researchAndDevelopmentExpenses": 0,
        "generalAndAdministrativeExpenses": 0,
        "sellingAndMarketingExpenses": 0,
        "sellingGeneralAndAdministrativeExpenses": 0,
        "otherExpenses": 0,
        "operatingExpenses": 0,
        "costAndExpenses": 0,
        "interestIncome": 0,
        "interestExpense": 0,
        "depreciationAndAmortization": 0,
        "ebitda": 5800000,
        "ebitdaratio": 1,
        "operatingIncome": 5800000,
        "operatingIncomeRatio": 1,
        "totalOtherIncomeExpensesNet": -5800000,
        "incomeBeforeTax": 0,
        "incomeBeforeTaxRatio": 0,
        "incomeTaxExpense": 500000,
        "netIncome": -500000,
        "netIncomeRatio": -0.0862068966,
        "eps": -0.0175,
        "epsdiluted": -0.0175,
        "weightedAverageShsOut": 28571429,
        "weightedAverageShsOutDil": 28571429,
        "link": "",
        "finalLink": ""
    },
    {
        "date": "1995-12-31",
        "symbol": "SRCL",
        "reportedCurrency": "USD",
        "cik": "0000861878",
        "fillingDate": "1995-12-31",
        "acceptedDate": "1995-12-30 19:00:00",
        "calendarYear": "1995",
        "period": "Q4",
        "revenue": 5400000,
        "costOfRevenue": 0,
        "grossProfit": 5400000,
        "grossProfitRatio": 1,
        "researchAndDevelopmentExpenses": 0,
        "generalAndAdministrativeExpenses": 0,
        "sellingAndMarketingExpenses": 0,
        "sellingGeneralAndAdministrativeExpenses": 0,
        "otherExpenses": -25600000,
        "operatingExpenses": -25600000,
        "costAndExpenses": -25600000,
        "interestIncome": 0,
        "interestExpense": 0,
        "depreciationAndAmortization": 0,
        "ebitda": -20200000,
        "ebitdaratio": -3.7407407407,
        "operatingIncome": -20200000,
        "operatingIncomeRatio": -3.7407407407,
        "totalOtherIncomeExpensesNet": 20200000,
        "incomeBeforeTax": 0,
        "incomeBeforeTaxRatio": 0,
        "incomeTaxExpense": 1200000,
        "netIncome": -1200000,
        "netIncomeRatio": -0.2222222222,
        "eps": -0.0436,
        "epsdiluted": -0.0436,
        "weightedAverageShsOut": 27500000,
        "weightedAverageShsOutDil": 27500000,
        "link": "",
        "finalLink": ""
    },
    {
        "date": "1995-09-30",
        "symbol": "SRCL",
        "reportedCurrency": "USD",
        "cik": "0000861878",
        "fillingDate": "1995-09-30",
        "acceptedDate": "1995-09-29 20:00:00",
        "calendarYear": "1995",
        "period": "Q3",
        "revenue": 5300000,
        "costOfRevenue": 0,
        "grossProfit": 5300000,
        "grossProfitRatio": 1,
        "researchAndDevelopmentExpenses": 0,
        "generalAndAdministrativeExpenses": 0,
        "sellingAndMarketingExpenses": 0,
        "sellingGeneralAndAdministrativeExpenses": 0,
        "otherExpenses": 0,
        "operatingExpenses": 0,
        "costAndExpenses": 0,
        "interestIncome": 0,
        "interestExpense": 0,
        "depreciationAndAmortization": 0,
        "ebitda": 5300000,
        "ebitdaratio": 1,
        "operatingIncome": 5300000,
        "operatingIncomeRatio": 1,
        "totalOtherIncomeExpensesNet": -5300000,
        "incomeBeforeTax": 0,
        "incomeBeforeTaxRatio": 0,
        "incomeTaxExpense": 1100000,
        "netIncome": -1100000,
        "netIncomeRatio": -0.2075471698,
        "eps": -0.04,
        "epsdiluted": -0.04,
        "weightedAverageShsOut": 27500000,
        "weightedAverageShsOutDil": 27500000,
        "link": "",
        "finalLink": ""
    },
    {
        "date": "1995-06-30",
        "symbol": "SRCL",
        "reportedCurrency": "USD",
        "cik": "0000861878",
        "fillingDate": "1995-06-30",
        "acceptedDate": "1995-06-29 20:00:00",
        "calendarYear": "1995",
        "period": "Q2",
        "revenue": 5300000,
        "costOfRevenue": 0,
        "grossProfit": 5300000,
        "grossProfitRatio": 1,
        "researchAndDevelopmentExpenses": 0,
        "generalAndAdministrativeExpenses": 0,
        "sellingAndMarketingExpenses": 0,
        "sellingGeneralAndAdministrativeExpenses": 0,
        "otherExpenses": 0,
        "operatingExpenses": 0,
        "costAndExpenses": 0,
        "interestIncome": 0,
        "interestExpense": 0,
        "depreciationAndAmortization": 0,
        "ebitda": 5300000,
        "ebitdaratio": 1,
        "operatingIncome": 5300000,
        "operatingIncomeRatio": 1,
        "totalOtherIncomeExpensesNet": -5300000,
        "incomeBeforeTax": 0,
        "incomeBeforeTaxRatio": 0,
        "incomeTaxExpense": 1100000,
        "netIncome": -1100000,
        "netIncomeRatio": -0.2075471698,
        "eps": -0.04,
        "epsdiluted": -0.04,
        "weightedAverageShsOut": 27500000,
        "weightedAverageShsOutDil": 27500000,
        "link": "",
        "finalLink": ""
    },
    {
        "date": "1995-03-31",
        "symbol": "SRCL",
        "reportedCurrency": "USD",
        "cik": "0000861878",
        "fillingDate": "1995-03-31",
        "acceptedDate": "1995-03-30 19:00:00",
        "calendarYear": "1995",
        "period": "Q1",
        "revenue": 5300000,
        "costOfRevenue": 0,
        "grossProfit": 5300000,
        "grossProfitRatio": 1,
        "researchAndDevelopmentExpenses": 0,
        "generalAndAdministrativeExpenses": 0,
        "sellingAndMarketingExpenses": 0,
        "sellingGeneralAndAdministrativeExpenses": 0,
        "otherExpenses": 0,
        "operatingExpenses": 0,
        "costAndExpenses": 0,
        "interestIncome": 0,
        "interestExpense": 0,
        "depreciationAndAmortization": 0,
        "ebitda": 5300000,
        "ebitdaratio": 1,
        "operatingIncome": 5300000,
        "operatingIncomeRatio": 1,
        "totalOtherIncomeExpensesNet": -5300000,
        "incomeBeforeTax": 0,
        "incomeBeforeTaxRatio": 0,
        "incomeTaxExpense": 1100000,
        "netIncome": -1100000,
        "netIncomeRatio": -0.2075471698,
        "eps": -0.04,
        "epsdiluted": -0.04,
        "weightedAverageShsOut": 27500000,
        "weightedAverageShsOutDil": 27500000,
        "link": "",
        "finalLink": ""
    }
]