[
    {
        "date": "2023-09-30",
        "symbol": "SRT",
        "reportedCurrency": "USD",
        "cik": "0001031029",
        "fillingDate": "2023-11-09",
        "acceptedDate": "2023-11-09 16:20:55",
        "calendarYear": "2023",
        "period": "Q3",
        "revenue": 93629000,
        "costOfRevenue": 81141000,
        "grossProfit": 12488000,
        "grossProfitRatio": 0.1333774792,
        "researchAndDevelopmentExpenses": 0,
        "generalAndAdministrativeExpenses": 0,
        "sellingAndMarketingExpenses": 0,
        "sellingGeneralAndAdministrativeExpenses": 10322000,
        "otherExpenses": 0,
        "operatingExpenses": 10322000,
        "costAndExpenses": 91463000,
        "interestIncome": 0,
        "interestExpense": 1998000,
        "depreciationAndAmortization": 5885000,
        "ebitda": -22728000,
        "ebitdaratio": -0.2427453033,
        "operatingIncome": -22728000,
        "operatingIncomeRatio": -0.2427453033,
        "totalOtherIncomeExpensesNet": -2306000,
        "incomeBeforeTax": -25034000,
        "incomeBeforeTaxRatio": -0.2673744246,
        "incomeTaxExpense": -437000,
        "netIncome": -24230000,
        "netIncomeRatio": -0.2587873415,
        "eps": -0.6,
        "epsdiluted": -0.6,
        "weightedAverageShsOut": 40298000,
        "weightedAverageShsOutDil": 40298000,
        "link": "https://www.sec.gov/Archives/edgar/data/1031029/000143774923031277/0001437749-23-031277-index.htm",
        "finalLink": "https://www.sec.gov/Archives/edgar/data/1031029/000143774923031277/srt20230930_10q.htm"
    },
    {
        "date": "2023-06-30",
        "symbol": "SRT",
        "reportedCurrency": "USD",
        "cik": "0001031029",
        "fillingDate": "2023-08-10",
        "acceptedDate": "2023-08-10 16:06:44",
        "calendarYear": "2023",
        "period": "Q2",
        "revenue": 91197000,
        "costOfRevenue": 79534000,
        "grossProfit": 11663000,
        "grossProfitRatio": 0.1278879788,
        "researchAndDevelopmentExpenses": 0,
        "generalAndAdministrativeExpenses": 0,
        "sellingAndMarketingExpenses": 0,
        "sellingGeneralAndAdministrativeExpenses": 10798000,
        "otherExpenses": 0,
        "operatingExpenses": 10798000,
        "costAndExpenses": 90332000,
        "interestIncome": 1851000,
        "interestExpense": 1582000,
        "depreciationAndAmortization": 5297000,
        "ebitda": 6162000,
        "ebitdaratio": 0.0675680121,
        "operatingIncome": 1307000,
        "operatingIncomeRatio": 0.0143316118,
        "totalOtherIncomeExpensesNet": -795000,
        "incomeBeforeTax": 70000,
        "incomeBeforeTaxRatio": 0.0007675691,
        "incomeTaxExpense": 101000,
        "netIncome": 6535000,
        "netIncomeRatio": 0.0716580589,
        "eps": 0.16,
        "epsdiluted": 0.16,
        "weightedAverageShsOut": 40316000,
        "weightedAverageShsOutDil": 40318000,
        "link": "https://www.sec.gov/Archives/edgar/data/1031029/000143774923023028/0001437749-23-023028-index.htm",
        "finalLink": "https://www.sec.gov/Archives/edgar/data/1031029/000143774923023028/srt20230630_10q.htm"
    },
    {
        "date": "2023-03-31",
        "symbol": "SRT",
        "reportedCurrency": "USD",
        "cik": "0001031029",
        "fillingDate": "2023-05-12",
        "acceptedDate": "2023-05-12 06:48:04",
        "calendarYear": "2023",
        "period": "Q1",
        "revenue": 92089000,
        "costOfRevenue": 79129000,
        "grossProfit": 12960000,
        "grossProfitRatio": 0.1407334209,
        "researchAndDevelopmentExpenses": 0,
        "generalAndAdministrativeExpenses": 0,
        "sellingAndMarketingExpenses": 0,
        "sellingGeneralAndAdministrativeExpenses": 10287000,
        "otherExpenses": 0,
        "operatingExpenses": 10287000,
        "costAndExpenses": 89416000,
        "interestIncome": 2164000,
        "interestExpense": 2077000,
        "depreciationAndAmortization": 5555000,
        "ebitda": 7911000,
        "ebitdaratio": 0.0859060257,
        "operatingIncome": 2356000,
        "operatingIncomeRatio": 0.025583946,
        "totalOtherIncomeExpensesNet": -2005000,
        "incomeBeforeTax": 351000,
        "incomeBeforeTaxRatio": 0.0038115302,
        "incomeTaxExpense": 909000,
        "netIncome": -558000,
        "netIncomeRatio": -0.0060593556,
        "eps": -0.0138,
        "epsdiluted": -0.0138,
        "weightedAverageShsOut": 40321000,
        "weightedAverageShsOutDil": 40321000,
        "link": "https://www.sec.gov/Archives/edgar/data/1031029/000143774923014026/0001437749-23-014026-index.htm",
        "finalLink": "https://www.sec.gov/Archives/edgar/data/1031029/000143774923014026/srt20230331_10q.htm"
    },
    {
        "date": "2022-12-31",
        "symbol": "SRT",
        "reportedCurrency": "USD",
        "cik": "0001031029",
        "fillingDate": "2023-03-28",
        "acceptedDate": "2023-03-28 07:44:18",
        "calendarYear": "2022",
        "period": "Q4",
        "revenue": 92957000,
        "costOfRevenue": 76156000,
        "grossProfit": 16801000,
        "grossProfitRatio": 0.1807394817,
        "researchAndDevelopmentExpenses": 0,
        "generalAndAdministrativeExpenses": 0,
        "sellingAndMarketingExpenses": 0,
        "sellingGeneralAndAdministrativeExpenses": 12267000,
        "otherExpenses": 0,
        "operatingExpenses": 12267000,
        "costAndExpenses": 88423000,
        "interestIncome": 4790000,
        "interestExpense": 4790000,
        "depreciationAndAmortization": 454000,
        "ebitda": 4988000,
        "ebitdaratio": 0.0536592188,
        "operatingIncome": 13953000,
        "operatingIncomeRatio": 0.1501016599,
        "totalOtherIncomeExpensesNet": -11264000,
        "incomeBeforeTax": -708000,
        "incomeBeforeTaxRatio": -0.0076164248,
        "incomeTaxExpense": 1233000,
        "netIncome": -1941000,
        "netIncomeRatio": -0.0208806222,
        "eps": -0.05,
        "epsdiluted": -0.0482,
        "weightedAverageShsOut": 38820000,
        "weightedAverageShsOutDil": 40271000,
        "link": "https://www.sec.gov/Archives/edgar/data/1031029/000143774923008088/0001437749-23-008088-index.htm",
        "finalLink": "https://www.sec.gov/Archives/edgar/data/1031029/000143774923008088/srt20221201c_10k.htm"
    },
    {
        "date": "2022-09-30",
        "symbol": "SRT",
        "reportedCurrency": "USD",
        "cik": "0001031029",
        "fillingDate": "2022-11-08",
        "acceptedDate": "2022-11-08 16:06:36",
        "calendarYear": "2022",
        "period": "Q3",
        "revenue": 163135000,
        "costOfRevenue": 140018000,
        "grossProfit": 23117000,
        "grossProfitRatio": 0.1417047231,
        "researchAndDevelopmentExpenses": 0,
        "generalAndAdministrativeExpenses": 0,
        "sellingAndMarketingExpenses": 0,
        "sellingGeneralAndAdministrativeExpenses": 16523000,
        "otherExpenses": 0,
        "operatingExpenses": 16523000,
        "costAndExpenses": 156541000,
        "interestIncome": 2767000,
        "interestExpense": 2767000,
        "depreciationAndAmortization": 8876000,
        "ebitda": 14472000,
        "ebitdaratio": 0.0887118031,
        "operatingIncome": 5596000,
        "operatingIncomeRatio": 0.034302878,
        "totalOtherIncomeExpensesNet": -1494000,
        "incomeBeforeTax": 4102000,
        "incomeBeforeTaxRatio": 0.0251448187,
        "incomeTaxExpense": 1838000,
        "netIncome": 2264000,
        "netIncomeRatio": 0.0138780764,
        "eps": 0.0561,
        "epsdiluted": 0.0561,
        "weightedAverageShsOut": 40326000,
        "weightedAverageShsOutDil": 40333000,
        "link": "https://www.sec.gov/Archives/edgar/data/1031029/000143774922026353/0001437749-22-026353-index.htm",
        "finalLink": "https://www.sec.gov/Archives/edgar/data/1031029/000143774922026353/srt20220930_10q.htm"
    },
    {
        "date": "2022-06-30",
        "symbol": "SRT",
        "reportedCurrency": "USD",
        "cik": "0001031029",
        "fillingDate": "2022-08-08",
        "acceptedDate": "2022-08-08 16:05:24",
        "calendarYear": "2022",
        "period": "Q2",
        "revenue": 167641000,
        "costOfRevenue": 150914000,
        "grossProfit": 16727000,
        "grossProfitRatio": 0.0997786938,
        "researchAndDevelopmentExpenses": 0,
        "generalAndAdministrativeExpenses": 0,
        "sellingAndMarketingExpenses": 0,
        "sellingGeneralAndAdministrativeExpenses": 13743000,
        "otherExpenses": 0,
        "operatingExpenses": 13743000,
        "costAndExpenses": 164657000,
        "interestIncome": 0,
        "interestExpense": 2103000,
        "depreciationAndAmortization": 6970000,
        "ebitda": 13787000,
        "ebitdaratio": 0.0822412178,
        "operatingIncome": 6817000,
        "operatingIncomeRatio": 0.0406642766,
        "totalOtherIncomeExpensesNet": 1812000,
        "incomeBeforeTax": 4051000,
        "incomeBeforeTaxRatio": 0.024164733,
        "incomeTaxExpense": 1423000,
        "netIncome": 2628000,
        "netIncomeRatio": 0.015676356,
        "eps": 0.0652,
        "epsdiluted": 0.0652,
        "weightedAverageShsOut": 40284000,
        "weightedAverageShsOutDil": 40308000,
        "link": "https://www.sec.gov/Archives/edgar/data/1031029/000143774922019356/0001437749-22-019356-index.htm",
        "finalLink": "https://www.sec.gov/Archives/edgar/data/1031029/000143774922019356/srt20220630_10q.htm"
    },
    {
        "date": "2022-03-31",
        "symbol": "SRT",
        "reportedCurrency": "USD",
        "cik": "0001031029",
        "fillingDate": "2022-05-09",
        "acceptedDate": "2022-05-09 16:07:33",
        "calendarYear": "2022",
        "period": "Q1",
        "revenue": 167317000,
        "costOfRevenue": 146260000,
        "grossProfit": 21057000,
        "grossProfitRatio": 0.1258509297,
        "researchAndDevelopmentExpenses": 0,
        "generalAndAdministrativeExpenses": 0,
        "sellingAndMarketingExpenses": 0,
        "sellingGeneralAndAdministrativeExpenses": 15881000,
        "otherExpenses": 0,
        "operatingExpenses": 15881000,
        "costAndExpenses": 162141000,
        "interestIncome": 0,
        "interestExpense": 974000,
        "depreciationAndAmortization": 7588000,
        "ebitda": 12756000,
        "ebitdaratio": 0.0762385173,
        "operatingIncome": 5168000,
        "operatingIncomeRatio": 0.0308874771,
        "totalOtherIncomeExpensesNet": -2789000,
        "incomeBeforeTax": 2379000,
        "incomeBeforeTaxRatio": 0.0142185193,
        "incomeTaxExpense": 2093000,
        "netIncome": 286000,
        "netIncomeRatio": 0.0017093302,
        "eps": 0.0075,
        "epsdiluted": 0.0071,
        "weightedAverageShsOut": 38350000,
        "weightedAverageShsOutDil": 40338000,
        "link": "https://www.sec.gov/Archives/edgar/data/1031029/000143774922011512/0001437749-22-011512-index.htm",
        "finalLink": "https://www.sec.gov/Archives/edgar/data/1031029/000143774922011512/srt20220331_10q.htm"
    },
    {
        "date": "2021-12-31",
        "symbol": "SRT",
        "reportedCurrency": "USD",
        "cik": "0001031029",
        "fillingDate": "2022-03-14",
        "acceptedDate": "2022-03-14 16:02:53",
        "calendarYear": "2021",
        "period": "Q4",
        "revenue": 178745000,
        "costOfRevenue": 151907000,
        "grossProfit": 26838000,
        "grossProfitRatio": 0.1501468573,
        "researchAndDevelopmentExpenses": 0,
        "generalAndAdministrativeExpenses": 0,
        "sellingAndMarketingExpenses": 0,
        "sellingGeneralAndAdministrativeExpenses": 15075000,
        "otherExpenses": 0,
        "operatingExpenses": 15075000,
        "costAndExpenses": 166982000,
        "interestIncome": 0,
        "interestExpense": 684000,
        "depreciationAndAmortization": 7739000,
        "ebitda": 18445000,
        "ebitdaratio": 0.1031916977,
        "operatingIncome": 5501000,
        "operatingIncomeRatio": 0.030775686,
        "totalOtherIncomeExpensesNet": 5307000,
        "incomeBeforeTax": 10808000,
        "incomeBeforeTaxRatio": 0.060466027,
        "incomeTaxExpense": 2469000,
        "netIncome": 6694000,
        "netIncomeRatio": 0.0374499986,
        "eps": 0.16,
        "epsdiluted": 0.16,
        "weightedAverageShsOut": 40707000,
        "weightedAverageShsOutDil": 40865000,
        "link": "https://www.sec.gov/Archives/edgar/data/1031029/000143774922006117/0001437749-22-006117-index.htm",
        "finalLink": "https://www.sec.gov/Archives/edgar/data/1031029/000143774922006117/srt20211231_10k.htm"
    },
    {
        "date": "2021-09-30",
        "symbol": "SRT",
        "reportedCurrency": "USD",
        "cik": "0001031029",
        "fillingDate": "2021-11-02",
        "acceptedDate": "2021-11-02 16:07:01",
        "calendarYear": "2021",
        "period": "Q3",
        "revenue": 172787000,
        "costOfRevenue": 151264000,
        "grossProfit": 21523000,
        "grossProfitRatio": 0.1245637693,
        "researchAndDevelopmentExpenses": 0,
        "generalAndAdministrativeExpenses": 0,
        "sellingAndMarketingExpenses": 0,
        "sellingGeneralAndAdministrativeExpenses": 13099000,
        "otherExpenses": 0,
        "operatingExpenses": 13099000,
        "costAndExpenses": 164363000,
        "interestIncome": 0,
        "interestExpense": 2236000,
        "depreciationAndAmortization": 6928000,
        "ebitda": 15306000,
        "ebitdaratio": 0.0885830531,
        "operatingIncome": 8339000,
        "operatingIncomeRatio": 0.0482617327,
        "totalOtherIncomeExpensesNet": -2815000,
        "incomeBeforeTax": 5524000,
        "incomeBeforeTaxRatio": 0.0319699977,
        "incomeTaxExpense": 2402000,
        "netIncome": 76000,
        "netIncomeRatio": 0.0004398479,
        "eps": 0.0019,
        "epsdiluted": 0.0018,
        "weightedAverageShsOut": 40788000,
        "weightedAverageShsOutDil": 41094000,
        "link": "https://www.sec.gov/Archives/edgar/data/1031029/000143774921024914/0001437749-21-024914-index.htm",
        "finalLink": "https://www.sec.gov/Archives/edgar/data/1031029/000143774921024914/srt20210930_10q.htm"
    },
    {
        "date": "2021-06-30",
        "symbol": "SRT",
        "reportedCurrency": "USD",
        "cik": "0001031029",
        "fillingDate": "2021-08-09",
        "acceptedDate": "2021-08-09 16:11:07",
        "calendarYear": "2021",
        "period": "Q2",
        "revenue": 189031000,
        "costOfRevenue": 164477000,
        "grossProfit": 24554000,
        "grossProfitRatio": 0.1298940385,
        "researchAndDevelopmentExpenses": 0,
        "generalAndAdministrativeExpenses": 0,
        "sellingAndMarketingExpenses": 0,
        "sellingGeneralAndAdministrativeExpenses": 12298000,
        "otherExpenses": 0,
        "operatingExpenses": 12298000,
        "costAndExpenses": 176775000,
        "interestIncome": 0,
        "interestExpense": 2484000,
        "depreciationAndAmortization": 6667000,
        "ebitda": 18982000,
        "ebitdaratio": 0.1004173919,
        "operatingIncome": 12275000,
        "operatingIncomeRatio": 0.064936439,
        "totalOtherIncomeExpensesNet": -2062000,
        "incomeBeforeTax": 10213000,
        "incomeBeforeTaxRatio": 0.0540281753,
        "incomeTaxExpense": 2093000,
        "netIncome": 6885000,
        "netIncomeRatio": 0.0364225974,
        "eps": 0.17,
        "epsdiluted": 0.17,
        "weightedAverageShsOut": 40786000,
        "weightedAverageShsOutDil": 41222000,
        "link": "https://www.sec.gov/Archives/edgar/data/1031029/000143774921019144/0001437749-21-019144-index.htm",
        "finalLink": "https://www.sec.gov/Archives/edgar/data/1031029/000143774921019144/srt20210630_10q.htm"
    },
    {
        "date": "2021-03-31",
        "symbol": "SRT",
        "reportedCurrency": "USD",
        "cik": "0001031029",
        "fillingDate": "2021-05-10",
        "acceptedDate": "2021-05-10 16:05:56",
        "calendarYear": "2021",
        "period": "Q1",
        "revenue": 163070000,
        "costOfRevenue": 138383000,
        "grossProfit": 24687000,
        "grossProfitRatio": 0.1513889741,
        "researchAndDevelopmentExpenses": 0,
        "generalAndAdministrativeExpenses": 0,
        "sellingAndMarketingExpenses": 0,
        "sellingGeneralAndAdministrativeExpenses": 14171000,
        "otherExpenses": 0,
        "operatingExpenses": 14171000,
        "costAndExpenses": 152554000,
        "interestIncome": 0,
        "interestExpense": 13769000,
        "depreciationAndAmortization": 6803000,
        "ebitda": 17305000,
        "ebitdaratio": 0.1061200711,
        "operatingIncome": 8618000,
        "operatingIncomeRatio": 0.05284847,
        "totalOtherIncomeExpensesNet": -13571000,
        "incomeBeforeTax": -4953000,
        "incomeBeforeTaxRatio": -0.0303734593,
        "incomeTaxExpense": 4902000,
        "netIncome": -12155000,
        "netIncomeRatio": -0.0745385417,
        "eps": -0.3,
        "epsdiluted": -0.3,
        "weightedAverageShsOut": 40516666,
        "weightedAverageShsOutDil": 40592000,
        "link": "https://www.sec.gov/Archives/edgar/data/1031029/000143774921011524/0001437749-21-011524-index.htm",
        "finalLink": "https://www.sec.gov/Archives/edgar/data/1031029/000143774921011524/srt20210331b_10q.htm"
    },
    {
        "date": "2020-12-31",
        "symbol": "SRT",
        "reportedCurrency": "USD",
        "cik": "0001031029",
        "fillingDate": "2021-03-16",
        "acceptedDate": "2021-03-16 16:06:04",
        "calendarYear": "2020",
        "period": "Q4",
        "revenue": 174469000,
        "costOfRevenue": 143598000,
        "grossProfit": 30871000,
        "grossProfitRatio": 0.1769426087,
        "researchAndDevelopmentExpenses": 0,
        "generalAndAdministrativeExpenses": 15342000,
        "sellingAndMarketingExpenses": -1000,
        "sellingGeneralAndAdministrativeExpenses": 15341000,
        "otherExpenses": 0,
        "operatingExpenses": 15341000,
        "costAndExpenses": 158939000,
        "interestIncome": 0,
        "interestExpense": 2692000,
        "depreciationAndAmortization": 6922000,
        "ebitda": 15524000,
        "ebitdaratio": 0.0889785578,
        "operatingIncome": 2276000,
        "operatingIncomeRatio": 0.0130452974,
        "totalOtherIncomeExpensesNet": -4551000,
        "incomeBeforeTax": -2275000,
        "incomeBeforeTaxRatio": -0.0130395658,
        "incomeTaxExpense": 1951000,
        "netIncome": -7577000,
        "netIncomeRatio": -0.0434289186,
        "eps": -0.19,
        "epsdiluted": -0.19,
        "weightedAverageShsOut": 39523712,
        "weightedAverageShsOutDil": 40333000,
        "link": "https://www.sec.gov/Archives/edgar/data/1031029/000143774921006156/0001437749-21-006156-index.htm",
        "finalLink": "https://www.sec.gov/Archives/edgar/data/1031029/000143774921006156/srt20201231_10k.htm"
    },
    {
        "date": "2020-09-30",
        "symbol": "SRT",
        "reportedCurrency": "USD",
        "cik": "0001031029",
        "fillingDate": "2020-11-09",
        "acceptedDate": "2020-11-09 16:06:30",
        "calendarYear": "2020",
        "period": "Q3",
        "revenue": 162687000,
        "costOfRevenue": 139808000,
        "grossProfit": 22879000,
        "grossProfitRatio": 0.1406320112,
        "researchAndDevelopmentExpenses": 0,
        "generalAndAdministrativeExpenses": 0,
        "sellingAndMarketingExpenses": 0,
        "sellingGeneralAndAdministrativeExpenses": 14876000,
        "otherExpenses": 0,
        "operatingExpenses": 14876000,
        "costAndExpenses": 154684000,
        "interestIncome": 0,
        "interestExpense": 3988000,
        "depreciationAndAmortization": 6951000,
        "ebitda": 14949000,
        "ebitdaratio": 0.0918881042,
        "operatingIncome": 8015000,
        "operatingIncomeRatio": 0.0492663827,
        "totalOtherIncomeExpensesNet": -4614000,
        "incomeBeforeTax": 3401000,
        "incomeBeforeTaxRatio": 0.0209051737,
        "incomeTaxExpense": 1649000,
        "netIncome": 367000,
        "netIncomeRatio": 0.0022558656,
        "eps": 0.01,
        "epsdiluted": 0.01,
        "weightedAverageShsOut": 40275000,
        "weightedAverageShsOutDil": 40626000,
        "link": "https://www.sec.gov/Archives/edgar/data/1031029/000143774920023214/0001437749-20-023214-index.htm",
        "finalLink": "https://www.sec.gov/Archives/edgar/data/1031029/000143774920023214/srt20200930_10q.htm"
    },
    {
        "date": "2020-06-30",
        "symbol": "SRT",
        "reportedCurrency": "USD",
        "cik": "0001031029",
        "fillingDate": "2020-08-10",
        "acceptedDate": "2020-08-10 16:08:37",
        "calendarYear": "2020",
        "period": "Q2",
        "revenue": 142167000,
        "costOfRevenue": 126354000,
        "grossProfit": 15813000,
        "grossProfitRatio": 0.1112283441,
        "researchAndDevelopmentExpenses": 0,
        "generalAndAdministrativeExpenses": 14644000,
        "sellingAndMarketingExpenses": 0,
        "sellingGeneralAndAdministrativeExpenses": 14644000,
        "otherExpenses": 0,
        "operatingExpenses": 14644000,
        "costAndExpenses": 140998000,
        "interestIncome": 0,
        "interestExpense": 3190000,
        "depreciationAndAmortization": 7235000,
        "ebitda": 8392000,
        "ebitdaratio": 0.0590291699,
        "operatingIncome": 934000,
        "operatingIncomeRatio": 0.0065697384,
        "totalOtherIncomeExpensesNet": -4839000,
        "incomeBeforeTax": -3905000,
        "incomeBeforeTaxRatio": -0.0274676964,
        "incomeTaxExpense": 1283000,
        "netIncome": -5217000,
        "netIncomeRatio": -0.0366962797,
        "eps": -0.14,
        "epsdiluted": -0.14,
        "weightedAverageShsOut": 37264285,
        "weightedAverageShsOutDil": 38614000,
        "link": "https://www.sec.gov/Archives/edgar/data/1031029/000143774920017332/0001437749-20-017332-index.htm",
        "finalLink": "https://www.sec.gov/Archives/edgar/data/1031029/000143774920017332/srt20200630_10q.htm"
    },
    {
        "date": "2020-03-31",
        "symbol": "SRT",
        "reportedCurrency": "USD",
        "cik": "0001031029",
        "fillingDate": "2020-06-10",
        "acceptedDate": "2020-06-10 16:09:07",
        "calendarYear": "2020",
        "period": "Q1",
        "revenue": 160899000,
        "costOfRevenue": 140841000,
        "grossProfit": 20058000,
        "grossProfitRatio": 0.1246620551,
        "researchAndDevelopmentExpenses": 0,
        "generalAndAdministrativeExpenses": 17255000,
        "sellingAndMarketingExpenses": 0,
        "sellingGeneralAndAdministrativeExpenses": 17255000,
        "otherExpenses": 0,
        "operatingExpenses": 17255000,
        "costAndExpenses": 158096000,
        "interestIncome": 0,
        "interestExpense": 3506000,
        "depreciationAndAmortization": 7093000,
        "ebitda": -21519000,
        "ebitdaratio": -0.1337422855,
        "operatingIncome": -21519000,
        "operatingIncomeRatio": -0.1337422855,
        "totalOtherIncomeExpensesNet": -1586000,
        "incomeBeforeTax": -23105000,
        "incomeBeforeTaxRatio": -0.1435994009,
        "incomeTaxExpense": 2876000,
        "netIncome": -26557000,
        "netIncomeRatio": -0.1650538537,
        "eps": -0.69,
        "epsdiluted": -0.69,
        "weightedAverageShsOut": 38488405,
        "weightedAverageShsOutDil": 38528000,
        "link": "https://www.sec.gov/Archives/edgar/data/1031029/000143774920012832/0001437749-20-012832-index.htm",
        "finalLink": "https://www.sec.gov/Archives/edgar/data/1031029/000143774920012832/srt20200331_10q.htm"
    },
    {
        "date": "2019-12-31",
        "symbol": "SRT",
        "reportedCurrency": "USD",
        "cik": "0001031029",
        "fillingDate": "2020-03-12",
        "acceptedDate": "2020-03-12 16:23:33",
        "calendarYear": "2019",
        "period": "Q4",
        "revenue": 171586000,
        "costOfRevenue": 143950000,
        "grossProfit": 27636000,
        "grossProfitRatio": 0.1610620913,
        "researchAndDevelopmentExpenses": 0,
        "generalAndAdministrativeExpenses": 19425000,
        "sellingAndMarketingExpenses": 0,
        "sellingGeneralAndAdministrativeExpenses": 19425000,
        "otherExpenses": 0,
        "operatingExpenses": 19425000,
        "costAndExpenses": 163375000,
        "interestIncome": 417000,
        "interestExpense": 4377000,
        "depreciationAndAmortization": 7667000,
        "ebitda": 15878000,
        "ebitdaratio": 0.0925366871,
        "operatingIncome": 453000,
        "operatingIncomeRatio": 0.0026400755,
        "totalOtherIncomeExpensesNet": -4773000,
        "incomeBeforeTax": -4320000,
        "incomeBeforeTaxRatio": -0.0251768792,
        "incomeTaxExpense": 241000,
        "netIncome": -5291000,
        "netIncomeRatio": -0.0308358491,
        "eps": -0.14,
        "epsdiluted": -0.14,
        "weightedAverageShsOut": 38492000,
        "weightedAverageShsOutDil": 38492000,
        "link": "https://www.sec.gov/Archives/edgar/data/1031029/000143774920004942/0001437749-20-004942-index.htm",
        "finalLink": "https://www.sec.gov/Archives/edgar/data/1031029/000143774920004942/srt20191203_10k.htm"
    },
    {
        "date": "2019-09-30",
        "symbol": "SRT",
        "reportedCurrency": "USD",
        "cik": "0001031029",
        "fillingDate": "2019-11-07",
        "acceptedDate": "2019-11-07 16:07:24",
        "calendarYear": "2019",
        "period": "Q3",
        "revenue": 164630000,
        "costOfRevenue": 136142000,
        "grossProfit": 28488000,
        "grossProfitRatio": 0.1730425803,
        "researchAndDevelopmentExpenses": 0,
        "generalAndAdministrativeExpenses": 22926000,
        "sellingAndMarketingExpenses": 0,
        "sellingGeneralAndAdministrativeExpenses": 22926000,
        "otherExpenses": 0,
        "operatingExpenses": 22926000,
        "costAndExpenses": 159068000,
        "interestIncome": 0,
        "interestExpense": 3372000,
        "depreciationAndAmortization": 7425000,
        "ebitda": 12971000,
        "ebitdaratio": 0.0787887991,
        "operatingIncome": 5342000,
        "operatingIncomeRatio": 0.0324485209,
        "totalOtherIncomeExpensesNet": -5268000,
        "incomeBeforeTax": 74000,
        "incomeBeforeTaxRatio": 0.0004494928,
        "incomeTaxExpense": 3436000,
        "netIncome": -2787000,
        "netIncomeRatio": -0.0169288708,
        "eps": -0.0725,
        "epsdiluted": -0.0725,
        "weightedAverageShsOut": 38467000,
        "weightedAverageShsOutDil": 38467000,
        "link": "https://www.sec.gov/Archives/edgar/data/1031029/000143774919021956/0001437749-19-021956-index.htm",
        "finalLink": "https://www.sec.gov/Archives/edgar/data/1031029/000143774919021956/srt20190930_10q.htm"
    },
    {
        "date": "2019-06-30",
        "symbol": "SRT",
        "reportedCurrency": "USD",
        "cik": "0001031029",
        "fillingDate": "2019-08-08",
        "acceptedDate": "2019-08-08 16:27:14",
        "calendarYear": "2019",
        "period": "Q2",
        "revenue": 160553000,
        "costOfRevenue": 132993000,
        "grossProfit": 27560000,
        "grossProfitRatio": 0.1716567115,
        "researchAndDevelopmentExpenses": 0,
        "generalAndAdministrativeExpenses": 24936000,
        "sellingAndMarketingExpenses": 0,
        "sellingGeneralAndAdministrativeExpenses": 24936000,
        "otherExpenses": 0,
        "operatingExpenses": 24936000,
        "costAndExpenses": 157929000,
        "interestIncome": 0,
        "interestExpense": 4026000,
        "depreciationAndAmortization": 7327000,
        "ebitda": 9951000,
        "ebitdaratio": 0.0619795332,
        "operatingIncome": 1878000,
        "operatingIncomeRatio": 0.011697072,
        "totalOtherIncomeExpensesNet": -3350000,
        "incomeBeforeTax": -1472000,
        "incomeBeforeTaxRatio": -0.009168312,
        "incomeTaxExpense": 730000,
        "netIncome": -3594000,
        "netIncomeRatio": -0.0223851314,
        "eps": -0.0951,
        "epsdiluted": -0.0951,
        "weightedAverageShsOut": 37779000,
        "weightedAverageShsOutDil": 37779000,
        "link": "https://www.sec.gov/Archives/edgar/data/1031029/000143774919016052/0001437749-19-016052-index.htm",
        "finalLink": "https://www.sec.gov/Archives/edgar/data/1031029/000143774919016052/srt20190630_10q.htm"
    },
    {
        "date": "2019-03-31",
        "symbol": "SRT",
        "reportedCurrency": "USD",
        "cik": "0001031029",
        "fillingDate": "2019-05-09",
        "acceptedDate": "2019-05-09 16:04:46",
        "calendarYear": "2019",
        "period": "Q1",
        "revenue": 161142000,
        "costOfRevenue": 133928000,
        "grossProfit": 27214000,
        "grossProfitRatio": 0.168882104,
        "researchAndDevelopmentExpenses": 0,
        "generalAndAdministrativeExpenses": 24079000,
        "sellingAndMarketingExpenses": 0,
        "sellingGeneralAndAdministrativeExpenses": 24079000,
        "otherExpenses": 0,
        "operatingExpenses": 24079000,
        "costAndExpenses": 158007000,
        "interestIncome": 0,
        "interestExpense": 4465000,
        "depreciationAndAmortization": 7304000,
        "ebitda": 10781000,
        "ebitdaratio": 0.0669037247,
        "operatingIncome": 2042000,
        "operatingIncomeRatio": 0.0126720532,
        "totalOtherIncomeExpensesNet": -4814000,
        "incomeBeforeTax": -2772000,
        "incomeBeforeTaxRatio": -0.0172022192,
        "incomeTaxExpense": 385000,
        "netIncome": -3346000,
        "netIncomeRatio": -0.0207642948,
        "eps": -0.0892,
        "epsdiluted": -0.0892,
        "weightedAverageShsOut": 37522000,
        "weightedAverageShsOutDil": 37522000,
        "link": "https://www.sec.gov/Archives/edgar/data/1031029/000103102919000043/0001031029-19-000043-index.htm",
        "finalLink": "https://www.sec.gov/Archives/edgar/data/1031029/000103102919000043/srt-2019331x10qdoc.htm"
    },
    {
        "date": "2018-12-31",
        "symbol": "SRT",
        "reportedCurrency": "USD",
        "cik": "0001031029",
        "fillingDate": "2019-03-14",
        "acceptedDate": "2019-03-14 17:25:47",
        "calendarYear": "2018",
        "period": "Q4",
        "revenue": 158585000,
        "costOfRevenue": 133504000,
        "grossProfit": 25081000,
        "grossProfitRatio": 0.1581549327,
        "researchAndDevelopmentExpenses": 0,
        "generalAndAdministrativeExpenses": 25083000,
        "sellingAndMarketingExpenses": -3138000,
        "sellingGeneralAndAdministrativeExpenses": 21945000,
        "otherExpenses": 0,
        "operatingExpenses": 21945000,
        "costAndExpenses": 155449000,
        "interestIncome": 0,
        "interestExpense": 3979000,
        "depreciationAndAmortization": 7819000,
        "ebitda": 3229000,
        "ebitdaratio": 0.0203613204,
        "operatingIncome": -1343000,
        "operatingIncomeRatio": -0.0084686446,
        "totalOtherIncomeExpensesNet": -8365000,
        "incomeBeforeTax": -5229000,
        "incomeBeforeTaxRatio": -0.0329728537,
        "incomeTaxExpense": 2383000,
        "netIncome": -9702000,
        "netIncomeRatio": -0.0611785478,
        "eps": -0.26,
        "epsdiluted": -0.26,
        "weightedAverageShsOut": 37105000,
        "weightedAverageShsOutDil": 37105000,
        "link": "https://www.sec.gov/Archives/edgar/data/1031029/000103102919000014/0001031029-19-000014-index.htm",
        "finalLink": "https://www.sec.gov/Archives/edgar/data/1031029/000103102919000014/srt-20181231x10kdoc.htm"
    },
    {
        "date": "2018-09-30",
        "symbol": "SRT",
        "reportedCurrency": "USD",
        "cik": "0001031029",
        "fillingDate": "2018-11-09",
        "acceptedDate": "2018-11-08 20:03:37",
        "calendarYear": "2018",
        "period": "Q3",
        "revenue": 151509000,
        "costOfRevenue": 128747000,
        "grossProfit": 22762000,
        "grossProfitRatio": 0.1502352996,
        "researchAndDevelopmentExpenses": 0,
        "generalAndAdministrativeExpenses": 26716000,
        "sellingAndMarketingExpenses": -3898000,
        "sellingGeneralAndAdministrativeExpenses": 22818000,
        "otherExpenses": 0,
        "operatingExpenses": 22818000,
        "costAndExpenses": 151565000,
        "interestIncome": 0,
        "interestExpense": 4114000,
        "depreciationAndAmortization": 10350000,
        "ebitda": 10341000,
        "ebitdaratio": 0.0682533711,
        "operatingIncome": -6575000,
        "operatingIncomeRatio": -0.0433967619,
        "totalOtherIncomeExpensesNet": -3362000,
        "incomeBeforeTax": -9937000,
        "incomeBeforeTaxRatio": -0.0655868628,
        "incomeTaxExpense": 953000,
        "netIncome": -10901000,
        "netIncomeRatio": -0.0719495212,
        "eps": -0.32,
        "epsdiluted": -0.32,
        "weightedAverageShsOut": 33812000,
        "weightedAverageShsOutDil": 33812000,
        "link": "https://www.sec.gov/Archives/edgar/data/1031029/000103102918000084/0001031029-18-000084-index.htm",
        "finalLink": "https://www.sec.gov/Archives/edgar/data/1031029/000103102918000084/srt-2018930x10qdoc.htm"
    },
    {
        "date": "2018-06-30",
        "symbol": "SRT",
        "reportedCurrency": "USD",
        "cik": "0001031029",
        "fillingDate": "2018-08-08",
        "acceptedDate": "2018-08-08 17:23:04",
        "calendarYear": "2018",
        "period": "Q2",
        "revenue": 59717000,
        "costOfRevenue": 54491000,
        "grossProfit": 5226000,
        "grossProfitRatio": 0.0875127686,
        "researchAndDevelopmentExpenses": 0,
        "generalAndAdministrativeExpenses": 6990000,
        "sellingAndMarketingExpenses": 0,
        "sellingGeneralAndAdministrativeExpenses": 6990000,
        "otherExpenses": 0,
        "operatingExpenses": 6990000,
        "costAndExpenses": 61481000,
        "interestIncome": 0,
        "interestExpense": 392000,
        "depreciationAndAmortization": 2293000,
        "ebitda": 529000,
        "ebitdaratio": 0.008858449,
        "operatingIncome": -3296000,
        "operatingIncomeRatio": -0.0551936634,
        "totalOtherIncomeExpensesNet": -392000,
        "incomeBeforeTax": -3688000,
        "incomeBeforeTaxRatio": -0.0617579584,
        "incomeTaxExpense": 17000,
        "netIncome": -3705000,
        "netIncomeRatio": -0.0620426344,
        "eps": -0.23,
        "epsdiluted": -0.23,
        "weightedAverageShsOut": 16214000,
        "weightedAverageShsOutDil": 16214000,
        "link": "https://www.sec.gov/Archives/edgar/data/1031029/000103102918000069/0001031029-18-000069-index.htm",
        "finalLink": "https://www.sec.gov/Archives/edgar/data/1031029/000103102918000069/srt-2018630x10qdoc.htm"
    },
    {
        "date": "2018-03-31",
        "symbol": "SRT",
        "reportedCurrency": "USD",
        "cik": "0001031029",
        "fillingDate": "2018-05-08",
        "acceptedDate": "2018-05-08 16:33:18",
        "calendarYear": "2018",
        "period": "Q1",
        "revenue": 66614000,
        "costOfRevenue": 61156000,
        "grossProfit": 5458000,
        "grossProfitRatio": 0.0819347284,
        "researchAndDevelopmentExpenses": 0,
        "generalAndAdministrativeExpenses": 10445000,
        "sellingAndMarketingExpenses": -1887000,
        "sellingGeneralAndAdministrativeExpenses": 8558000,
        "otherExpenses": 0,
        "operatingExpenses": 8558000,
        "costAndExpenses": 69714000,
        "interestIncome": 0,
        "interestExpense": 438000,
        "depreciationAndAmortization": 2643000,
        "ebitda": -9440000,
        "ebitdaratio": -0.1417119524,
        "operatingIncome": -9440000,
        "operatingIncomeRatio": -0.1417119524,
        "totalOtherIncomeExpensesNet": -438000,
        "incomeBeforeTax": -9878000,
        "incomeBeforeTaxRatio": -0.1482871468,
        "incomeTaxExpense": 148000,
        "netIncome": -10026000,
        "netIncomeRatio": -0.150508902,
        "eps": -0.62,
        "epsdiluted": -0.62,
        "weightedAverageShsOut": 16195000,
        "weightedAverageShsOutDil": 16195000,
        "link": "https://www.sec.gov/Archives/edgar/data/1031029/000103102918000038/0001031029-18-000038-index.htm",
        "finalLink": "https://www.sec.gov/Archives/edgar/data/1031029/000103102918000038/srt-2018331x10qdoc.htm"
    },
    {
        "date": "2017-12-31",
        "symbol": "SRT",
        "reportedCurrency": "USD",
        "cik": "0001031029",
        "fillingDate": "2018-03-16",
        "acceptedDate": "2018-03-16 14:00:43",
        "calendarYear": "2017",
        "period": "Q4",
        "revenue": 71600000,
        "costOfRevenue": 65559000,
        "grossProfit": 6041000,
        "grossProfitRatio": 0.0843715084,
        "researchAndDevelopmentExpenses": 0,
        "generalAndAdministrativeExpenses": 8469000,
        "sellingAndMarketingExpenses": 0,
        "sellingGeneralAndAdministrativeExpenses": 8469000,
        "otherExpenses": 0,
        "operatingExpenses": 8469000,
        "costAndExpenses": 74028000,
        "interestIncome": 0,
        "interestExpense": 303000,
        "depreciationAndAmortization": 2697000,
        "ebitda": 269000,
        "ebitdaratio": 0.0037569832,
        "operatingIncome": -2520000,
        "operatingIncomeRatio": -0.0351955307,
        "totalOtherIncomeExpensesNet": -302000,
        "incomeBeforeTax": -2823000,
        "incomeBeforeTaxRatio": -0.0394273743,
        "incomeTaxExpense": -371000,
        "netIncome": -2452000,
        "netIncomeRatio": -0.0342458101,
        "eps": -0.15,
        "epsdiluted": -0.15,
        "weightedAverageShsOut": 16150000,
        "weightedAverageShsOutDil": 16150000,
        "link": "https://www.sec.gov/Archives/edgar/data/1031029/000103102918000025/0001031029-18-000025-index.htm",
        "finalLink": "https://www.sec.gov/Archives/edgar/data/1031029/000103102918000025/srt-20171231x10kdoc.htm"
    },
    {
        "date": "2017-09-30",
        "symbol": "SRT",
        "reportedCurrency": "USD",
        "cik": "0001031029",
        "fillingDate": "2017-11-08",
        "acceptedDate": "2017-11-08 17:31:05",
        "calendarYear": "2017",
        "period": "Q3",
        "revenue": 69372000,
        "costOfRevenue": 62053000,
        "grossProfit": 7319000,
        "grossProfitRatio": 0.1055036614,
        "researchAndDevelopmentExpenses": 0,
        "generalAndAdministrativeExpenses": 8062000,
        "sellingAndMarketingExpenses": 0,
        "sellingGeneralAndAdministrativeExpenses": 8062000,
        "otherExpenses": 0,
        "operatingExpenses": 8062000,
        "costAndExpenses": 70115000,
        "interestIncome": 0,
        "interestExpense": 385000,
        "depreciationAndAmortization": 2650000,
        "ebitda": 1907000,
        "ebitdaratio": 0.027489477,
        "operatingIncome": -757000,
        "operatingIncomeRatio": -0.0109121836,
        "totalOtherIncomeExpensesNet": -385000,
        "incomeBeforeTax": -1142000,
        "incomeBeforeTaxRatio": -0.0164619731,
        "incomeTaxExpense": 30000,
        "netIncome": -1172000,
        "netIncomeRatio": -0.0168944243,
        "eps": -0.0734,
        "epsdiluted": -0.0734,
        "weightedAverageShsOut": 15977000,
        "weightedAverageShsOutDil": 15977000,
        "link": "https://www.sec.gov/Archives/edgar/data/1031029/000103102917000036/0001031029-17-000036-index.htm",
        "finalLink": "https://www.sec.gov/Archives/edgar/data/1031029/000103102917000036/srt-2017930x10qdoc.htm"
    },
    {
        "date": "2017-06-30",
        "symbol": "SRT",
        "reportedCurrency": "USD",
        "cik": "0001031029",
        "fillingDate": "2017-08-09",
        "acceptedDate": "2017-08-09 16:36:01",
        "calendarYear": "2017",
        "period": "Q2",
        "revenue": 73979000,
        "costOfRevenue": 64992000,
        "grossProfit": 8987000,
        "grossProfitRatio": 0.1214804201,
        "researchAndDevelopmentExpenses": 0,
        "generalAndAdministrativeExpenses": 8171000,
        "sellingAndMarketingExpenses": 0,
        "sellingGeneralAndAdministrativeExpenses": 8171000,
        "otherExpenses": 0,
        "operatingExpenses": 8171000,
        "costAndExpenses": 73163000,
        "interestIncome": 1037000,
        "interestExpense": 0,
        "depreciationAndAmortization": 2771000,
        "ebitda": 3587000,
        "ebitdaratio": 0.0484867327,
        "operatingIncome": 404000,
        "operatingIncomeRatio": 0.0054610092,
        "totalOtherIncomeExpensesNet": 84000,
        "incomeBeforeTax": 488000,
        "incomeBeforeTaxRatio": 0.0065964666,
        "incomeTaxExpense": -66000,
        "netIncome": 554000,
        "netIncomeRatio": 0.0074886116,
        "eps": 0.03,
        "epsdiluted": 0.03,
        "weightedAverageShsOut": 15916000,
        "weightedAverageShsOutDil": 17247000,
        "link": "https://www.sec.gov/Archives/edgar/data/1031029/000103102917000028/0001031029-17-000028-index.htm",
        "finalLink": "https://www.sec.gov/Archives/edgar/data/1031029/000103102917000028/srt-2017630x10qdoc.htm"
    },
    {
        "date": "2017-03-31",
        "symbol": "SRT",
        "reportedCurrency": "USD",
        "cik": "0001031029",
        "fillingDate": "2017-05-10",
        "acceptedDate": "2017-05-10 16:58:39",
        "calendarYear": "2017",
        "period": "Q1",
        "revenue": 77652000,
        "costOfRevenue": 67638000,
        "grossProfit": 10014000,
        "grossProfitRatio": 0.1289599753,
        "researchAndDevelopmentExpenses": 0,
        "generalAndAdministrativeExpenses": 7882000,
        "sellingAndMarketingExpenses": 0,
        "sellingGeneralAndAdministrativeExpenses": 7882000,
        "otherExpenses": 0,
        "operatingExpenses": 7882000,
        "costAndExpenses": 75520000,
        "interestIncome": 0,
        "interestExpense": 367000,
        "depreciationAndAmortization": 2962000,
        "ebitda": 2132000,
        "ebitdaratio": 0.0274558286,
        "operatingIncome": 2132000,
        "operatingIncomeRatio": 0.0274558286,
        "totalOtherIncomeExpensesNet": -367000,
        "incomeBeforeTax": 1765000,
        "incomeBeforeTaxRatio": 0.0227296142,
        "incomeTaxExpense": -28000,
        "netIncome": 1793000,
        "netIncomeRatio": 0.0230901973,
        "eps": 0.11,
        "epsdiluted": 0.11,
        "weightedAverageShsOut": 15815000,
        "weightedAverageShsOutDil": 16995000,
        "link": "https://www.sec.gov/Archives/edgar/data/1031029/000103102917000020/0001031029-17-000020-index.htm",
        "finalLink": "https://www.sec.gov/Archives/edgar/data/1031029/000103102917000020/srt-2017331x10qdoc.htm"
    },
    {
        "date": "2016-12-31",
        "symbol": "SRT",
        "reportedCurrency": "USD",
        "cik": "0001031029",
        "fillingDate": "2017-02-22",
        "acceptedDate": "2017-02-22 16:36:59",
        "calendarYear": "2016",
        "period": "Q4",
        "revenue": 77127000,
        "costOfRevenue": 66452000,
        "grossProfit": 10675000,
        "grossProfitRatio": 0.1384080802,
        "researchAndDevelopmentExpenses": 0,
        "generalAndAdministrativeExpenses": 8528000,
        "sellingAndMarketingExpenses": 0,
        "sellingGeneralAndAdministrativeExpenses": 8528000,
        "otherExpenses": 0,
        "operatingExpenses": 8528000,
        "costAndExpenses": 74980000,
        "interestIncome": 0,
        "interestExpense": 563000,
        "depreciationAndAmortization": 2868000,
        "ebitda": 5015000,
        "ebitdaratio": 0.065022625,
        "operatingIncome": 2139000,
        "operatingIncomeRatio": 0.0277334785,
        "totalOtherIncomeExpensesNet": -564000,
        "incomeBeforeTax": 1576000,
        "incomeBeforeTaxRatio": 0.0204338299,
        "incomeTaxExpense": 384000,
        "netIncome": 1192000,
        "netIncomeRatio": 0.0154550287,
        "eps": 0.08,
        "epsdiluted": 0.07,
        "weightedAverageShsOut": 15769000,
        "weightedAverageShsOutDil": 16835000,
        "link": "https://www.sec.gov/Archives/edgar/data/1031029/000103102917000008/0001031029-17-000008-index.htm",
        "finalLink": "https://www.sec.gov/Archives/edgar/data/1031029/000103102917000008/srt-20161231x10kdoc.htm"
    },
    {
        "date": "2016-09-30",
        "symbol": "SRT",
        "reportedCurrency": "USD",
        "cik": "0001031029",
        "fillingDate": "2016-11-08",
        "acceptedDate": "2016-11-08 16:51:53",
        "calendarYear": "2016",
        "period": "Q3",
        "revenue": 78305000,
        "costOfRevenue": 67958000,
        "grossProfit": 10347000,
        "grossProfitRatio": 0.132137156,
        "researchAndDevelopmentExpenses": 0,
        "generalAndAdministrativeExpenses": 8767000,
        "sellingAndMarketingExpenses": 0,
        "sellingGeneralAndAdministrativeExpenses": 8767000,
        "otherExpenses": 0,
        "operatingExpenses": 8767000,
        "costAndExpenses": 76725000,
        "interestIncome": 0,
        "interestExpense": 374000,
        "depreciationAndAmortization": 3078000,
        "ebitda": 4658000,
        "ebitdaratio": 0.0594853458,
        "operatingIncome": 1393000,
        "operatingIncomeRatio": 0.0177894132,
        "totalOtherIncomeExpensesNet": -374000,
        "incomeBeforeTax": 1019000,
        "incomeBeforeTaxRatio": 0.0130132175,
        "incomeTaxExpense": 163000,
        "netIncome": 856000,
        "netIncomeRatio": 0.0109316136,
        "eps": 0.05,
        "epsdiluted": 0.05,
        "weightedAverageShsOut": 15735000,
        "weightedAverageShsOutDil": 16250000,
        "link": "https://www.sec.gov/Archives/edgar/data/1031029/000103102916000114/0001031029-16-000114-index.htm",
        "finalLink": "https://www.sec.gov/Archives/edgar/data/1031029/000103102916000114/srt-2016930x10qdoc.htm"
    },
    {
        "date": "2016-06-30",
        "symbol": "SRT",
        "reportedCurrency": "USD",
        "cik": "0001031029",
        "fillingDate": "2016-08-09",
        "acceptedDate": "2016-08-09 17:29:07",
        "calendarYear": "2016",
        "period": "Q2",
        "revenue": 73733000,
        "costOfRevenue": 66722000,
        "grossProfit": 7011000,
        "grossProfitRatio": 0.095086325,
        "researchAndDevelopmentExpenses": 0,
        "generalAndAdministrativeExpenses": 8120000,
        "sellingAndMarketingExpenses": 0,
        "sellingGeneralAndAdministrativeExpenses": 8120000,
        "otherExpenses": 0,
        "operatingExpenses": 8120000,
        "costAndExpenses": 74842000,
        "interestIncome": 0,
        "interestExpense": 371000,
        "depreciationAndAmortization": 3074000,
        "ebitda": 1965000,
        "ebitdaratio": 0.0266502109,
        "operatingIncome": -1267000,
        "operatingIncomeRatio": -0.017183622,
        "totalOtherIncomeExpensesNet": -371000,
        "incomeBeforeTax": -1638000,
        "incomeBeforeTaxRatio": -0.0222152903,
        "incomeTaxExpense": 46000,
        "netIncome": -1684000,
        "netIncomeRatio": -0.0228391629,
        "eps": -0.11,
        "epsdiluted": -0.11,
        "weightedAverageShsOut": 15719000,
        "weightedAverageShsOutDil": 15719000,
        "link": "https://www.sec.gov/Archives/edgar/data/1031029/000103102916000103/0001031029-16-000103-index.htm",
        "finalLink": "https://www.sec.gov/Archives/edgar/data/1031029/000103102916000103/srt-2016630x10qdoc.htm"
    },
    {
        "date": "2016-03-31",
        "symbol": "SRT",
        "reportedCurrency": "USD",
        "cik": "0001031029",
        "fillingDate": "2016-05-10",
        "acceptedDate": "2016-05-10 17:19:58",
        "calendarYear": "2016",
        "period": "Q1",
        "revenue": 78035000,
        "costOfRevenue": 69647000,
        "grossProfit": 8388000,
        "grossProfitRatio": 0.1074902287,
        "researchAndDevelopmentExpenses": 0,
        "generalAndAdministrativeExpenses": 7781000,
        "sellingAndMarketingExpenses": 0,
        "sellingGeneralAndAdministrativeExpenses": 7781000,
        "otherExpenses": 0,
        "operatingExpenses": 7781000,
        "costAndExpenses": 77428000,
        "interestIncome": 0,
        "interestExpense": 439000,
        "depreciationAndAmortization": 3230000,
        "ebitda": 3837000,
        "ebitdaratio": 0.0491702441,
        "operatingIncome": 595000,
        "operatingIncomeRatio": 0.0076247838,
        "totalOtherIncomeExpensesNet": -439000,
        "incomeBeforeTax": 156000,
        "incomeBeforeTaxRatio": 0.001999103,
        "incomeTaxExpense": 125000,
        "netIncome": 31000,
        "netIncomeRatio": 0.0003972576,
        "eps": 0.002,
        "epsdiluted": 0.0019,
        "weightedAverageShsOut": 15699000,
        "weightedAverageShsOutDil": 15956000,
        "link": "https://www.sec.gov/Archives/edgar/data/1031029/000103102916000094/0001031029-16-000094-index.htm",
        "finalLink": "https://www.sec.gov/Archives/edgar/data/1031029/000103102916000094/srt-2016331x10qdoc.htm"
    },
    {
        "date": "2015-12-31",
        "symbol": "SRT",
        "reportedCurrency": "USD",
        "cik": "0001031029",
        "fillingDate": "2016-03-14",
        "acceptedDate": "2016-03-11 17:37:58",
        "calendarYear": "2015",
        "period": "Q4",
        "revenue": 82260000,
        "costOfRevenue": 72546000,
        "grossProfit": 9714000,
        "grossProfitRatio": 0.1180889861,
        "researchAndDevelopmentExpenses": 0,
        "generalAndAdministrativeExpenses": 8446000,
        "sellingAndMarketingExpenses": 1000,
        "sellingGeneralAndAdministrativeExpenses": 8447000,
        "otherExpenses": 0,
        "operatingExpenses": 8447000,
        "costAndExpenses": 80993000,
        "interestIncome": 0,
        "interestExpense": 381000,
        "depreciationAndAmortization": 3458000,
        "ebitda": 4725000,
        "ebitdaratio": 0.0574398249,
        "operatingIncome": 609000,
        "operatingIncomeRatio": 0.0074033552,
        "totalOtherIncomeExpensesNet": -4270000,
        "incomeBeforeTax": 228000,
        "incomeBeforeTaxRatio": 0.0027716995,
        "incomeTaxExpense": -105000,
        "netIncome": 333000,
        "netIncomeRatio": 0.00404814,
        "eps": 0.02,
        "epsdiluted": 0.02,
        "weightedAverageShsOut": 15605000,
        "weightedAverageShsOutDil": 15835000,
        "link": "https://www.sec.gov/Archives/edgar/data/1031029/000103102916000079/0001031029-16-000079-index.htm",
        "finalLink": "https://www.sec.gov/Archives/edgar/data/1031029/000103102916000079/srt-20151231x10kdoc.htm"
    },
    {
        "date": "2015-09-30",
        "symbol": "SRT",
        "reportedCurrency": "USD",
        "cik": "0001031029",
        "fillingDate": "2015-11-09",
        "acceptedDate": "2015-11-06 18:36:15",
        "calendarYear": "2015",
        "period": "Q3",
        "revenue": 72756000,
        "costOfRevenue": 69597000,
        "grossProfit": 3159000,
        "grossProfitRatio": 0.0434190995,
        "researchAndDevelopmentExpenses": 0,
        "generalAndAdministrativeExpenses": 9335000,
        "sellingAndMarketingExpenses": 0,
        "sellingGeneralAndAdministrativeExpenses": 9335000,
        "otherExpenses": 0,
        "operatingExpenses": 9335000,
        "costAndExpenses": 78932000,
        "interestIncome": 0,
        "interestExpense": 421000,
        "depreciationAndAmortization": 3515000,
        "ebitda": -2661000,
        "ebitdaratio": -0.0365743032,
        "operatingIncome": -7065000,
        "operatingIncomeRatio": -0.0971053934,
        "totalOtherIncomeExpensesNet": -421000,
        "incomeBeforeTax": -7486000,
        "incomeBeforeTaxRatio": -0.1028918577,
        "incomeTaxExpense": 219000,
        "netIncome": -7705000,
        "netIncomeRatio": -0.1059019187,
        "eps": -0.49,
        "epsdiluted": -0.49,
        "weightedAverageShsOut": 15569000,
        "weightedAverageShsOutDil": 15569000,
        "link": "https://www.sec.gov/Archives/edgar/data/1031029/000103102915000064/0001031029-15-000064-index.htm",
        "finalLink": "https://www.sec.gov/Archives/edgar/data/1031029/000103102915000064/srt-2015930x10qdoc.htm"
    },
    {
        "date": "2015-06-30",
        "symbol": "SRT",
        "reportedCurrency": "USD",
        "cik": "0001031029",
        "fillingDate": "2015-08-10",
        "acceptedDate": "2015-08-10 16:08:09",
        "calendarYear": "2015",
        "period": "Q2",
        "revenue": 63464000,
        "costOfRevenue": 58152000,
        "grossProfit": 5312000,
        "grossProfitRatio": 0.0837009958,
        "researchAndDevelopmentExpenses": 0,
        "generalAndAdministrativeExpenses": 8582000,
        "sellingAndMarketingExpenses": 0,
        "sellingGeneralAndAdministrativeExpenses": 8582000,
        "otherExpenses": 0,
        "operatingExpenses": 8582000,
        "costAndExpenses": 66734000,
        "interestIncome": 0,
        "interestExpense": 100000,
        "depreciationAndAmortization": 3252000,
        "ebitda": -18000,
        "ebitdaratio": -0.0002836254,
        "operatingIncome": -4806000,
        "operatingIncomeRatio": -0.0757279718,
        "totalOtherIncomeExpensesNet": -1636000,
        "incomeBeforeTax": -4906000,
        "incomeBeforeTaxRatio": -0.0773036682,
        "incomeTaxExpense": 163000,
        "netIncome": -5069000,
        "netIncomeRatio": -0.0798720534,
        "eps": -0.33,
        "epsdiluted": -0.33,
        "weightedAverageShsOut": 15523000,
        "weightedAverageShsOutDil": 15523000,
        "link": "https://www.sec.gov/Archives/edgar/data/1031029/000103102915000050/0001031029-15-000050-index.htm",
        "finalLink": "https://www.sec.gov/Archives/edgar/data/1031029/000103102915000050/srt-2015630x10qdoc.htm"
    },
    {
        "date": "2015-03-31",
        "symbol": "SRT",
        "reportedCurrency": "USD",
        "cik": "0001031029",
        "fillingDate": "2015-05-11",
        "acceptedDate": "2015-05-11 16:13:44",
        "calendarYear": "2015",
        "period": "Q1",
        "revenue": 63653000,
        "costOfRevenue": 57536000,
        "grossProfit": 6117000,
        "grossProfitRatio": 0.0960991626,
        "researchAndDevelopmentExpenses": 0,
        "generalAndAdministrativeExpenses": 8061000,
        "sellingAndMarketingExpenses": 0,
        "sellingGeneralAndAdministrativeExpenses": 8061000,
        "otherExpenses": 0,
        "operatingExpenses": 8061000,
        "costAndExpenses": 65597000,
        "interestIncome": 0,
        "interestExpense": 238000,
        "depreciationAndAmortization": 3036000,
        "ebitda": 1092000,
        "ebitdaratio": 0.0171555151,
        "operatingIncome": -2750000,
        "operatingIncomeRatio": -0.0432029912,
        "totalOtherIncomeExpensesNet": -1044000,
        "incomeBeforeTax": -2988000,
        "incomeBeforeTaxRatio": -0.0469420137,
        "incomeTaxExpense": 187000,
        "netIncome": -3175000,
        "netIncomeRatio": -0.0498798171,
        "eps": -0.21,
        "epsdiluted": -0.21,
        "weightedAverageShsOut": 15417000,
        "weightedAverageShsOutDil": 15417000,
        "link": "https://www.sec.gov/Archives/edgar/data/1031029/000103102915000028/0001031029-15-000028-index.htm",
        "finalLink": "https://www.sec.gov/Archives/edgar/data/1031029/000103102915000028/srt-2015331x10qdoc.htm"
    },
    {
        "date": "2014-12-31",
        "symbol": "SRT",
        "reportedCurrency": "USD",
        "cik": "0001031029",
        "fillingDate": "2015-03-06",
        "acceptedDate": "2015-03-06 16:04:48",
        "calendarYear": "2014",
        "period": "Q4",
        "revenue": 64178000,
        "costOfRevenue": 56662000,
        "grossProfit": 7516000,
        "grossProfitRatio": 0.1171117829,
        "researchAndDevelopmentExpenses": 0,
        "generalAndAdministrativeExpenses": 8345000,
        "sellingAndMarketingExpenses": 0,
        "sellingGeneralAndAdministrativeExpenses": 8345000,
        "otherExpenses": 0,
        "operatingExpenses": 8345000,
        "costAndExpenses": 65007000,
        "interestIncome": 0,
        "interestExpense": 222000,
        "depreciationAndAmortization": 2750000,
        "ebitda": 1921000,
        "ebitdaratio": 0.0299323756,
        "operatingIncome": -1290000,
        "operatingIncomeRatio": -0.0201003459,
        "totalOtherIncomeExpensesNet": -4189000,
        "incomeBeforeTax": -1512000,
        "incomeBeforeTaxRatio": -0.0235594752,
        "incomeTaxExpense": 81000,
        "netIncome": -1593000,
        "netIncomeRatio": -0.02482159,
        "eps": -0.1,
        "epsdiluted": -0.1,
        "weightedAverageShsOut": 15410000,
        "weightedAverageShsOutDil": 15410000,
        "link": "https://www.sec.gov/Archives/edgar/data/1031029/000103102915000010/0001031029-15-000010-index.htm",
        "finalLink": "https://www.sec.gov/Archives/edgar/data/1031029/000103102915000010/srt-20141231x10kdoc.htm"
    },
    {
        "date": "2014-09-30",
        "symbol": "SRT",
        "reportedCurrency": "USD",
        "cik": "0001031029",
        "fillingDate": "2014-11-14",
        "acceptedDate": "2014-11-13 17:53:13",
        "calendarYear": "2014",
        "period": "Q3",
        "revenue": 61438000,
        "costOfRevenue": 52393000,
        "grossProfit": 9045000,
        "grossProfitRatio": 0.1472215892,
        "researchAndDevelopmentExpenses": 0,
        "generalAndAdministrativeExpenses": 7503000,
        "sellingAndMarketingExpenses": 0,
        "sellingGeneralAndAdministrativeExpenses": 7503000,
        "otherExpenses": 0,
        "operatingExpenses": 7503000,
        "costAndExpenses": 59896000,
        "interestIncome": 0,
        "interestExpense": -362000,
        "depreciationAndAmortization": 2659000,
        "ebitda": 4201000,
        "ebitdaratio": 0.0683778769,
        "operatingIncome": 280000,
        "operatingIncomeRatio": 0.00455744,
        "totalOtherIncomeExpensesNet": 362000,
        "incomeBeforeTax": 642000,
        "incomeBeforeTaxRatio": 0.0104495589,
        "incomeTaxExpense": 728000,
        "netIncome": -86000,
        "netIncomeRatio": -0.0013997851,
        "eps": -0.0056,
        "epsdiluted": -0.0056,
        "weightedAverageShsOut": 15400000,
        "weightedAverageShsOutDil": 15400000,
        "link": "https://www.sec.gov/Archives/edgar/data/1031029/000103102914000081/0001031029-14-000081-index.htm",
        "finalLink": "https://www.sec.gov/Archives/edgar/data/1031029/000103102914000081/srt-2014930x10qdoc.htm"
    },
    {
        "date": "2014-06-30",
        "symbol": "SRT",
        "reportedCurrency": "USD",
        "cik": "0001031029",
        "fillingDate": "2014-08-13",
        "acceptedDate": "2014-08-12 17:45:50",
        "calendarYear": "2014",
        "period": "Q2",
        "revenue": 61254000,
        "costOfRevenue": 55562000,
        "grossProfit": 5692000,
        "grossProfitRatio": 0.0929245437,
        "researchAndDevelopmentExpenses": 0,
        "generalAndAdministrativeExpenses": 7301000,
        "sellingAndMarketingExpenses": 0,
        "sellingGeneralAndAdministrativeExpenses": 7301000,
        "otherExpenses": 0,
        "operatingExpenses": 7301000,
        "costAndExpenses": 62863000,
        "interestIncome": 0,
        "interestExpense": 17000,
        "depreciationAndAmortization": 2614000,
        "ebitda": -1609000,
        "ebitdaratio": -0.0262676723,
        "operatingIncome": -3660000,
        "operatingIncomeRatio": -0.0597511999,
        "totalOtherIncomeExpensesNet": -2068000,
        "incomeBeforeTax": -3677000,
        "incomeBeforeTaxRatio": -0.0600287328,
        "incomeTaxExpense": -396000,
        "netIncome": -3281000,
        "netIncomeRatio": -0.0535638489,
        "eps": -0.21,
        "epsdiluted": -0.21,
        "weightedAverageShsOut": 15391000,
        "weightedAverageShsOutDil": 15391000,
        "link": "https://www.sec.gov/Archives/edgar/data/1031029/000103102914000073/0001031029-14-000073-index.htm",
        "finalLink": "https://www.sec.gov/Archives/edgar/data/1031029/000103102914000073/srt-2014630x10qdoc.htm"
    },
    {
        "date": "2014-03-31",
        "symbol": "SRT",
        "reportedCurrency": "USD",
        "cik": "0001031029",
        "fillingDate": "2014-05-09",
        "acceptedDate": "2014-05-08 18:59:34",
        "calendarYear": "2014",
        "period": "Q1",
        "revenue": 63209000,
        "costOfRevenue": 54991000,
        "grossProfit": 8218000,
        "grossProfitRatio": 0.130013131,
        "researchAndDevelopmentExpenses": 0,
        "generalAndAdministrativeExpenses": 8249000,
        "sellingAndMarketingExpenses": 0,
        "sellingGeneralAndAdministrativeExpenses": 8249000,
        "otherExpenses": 0,
        "operatingExpenses": 8249000,
        "costAndExpenses": 63240000,
        "interestIncome": 0,
        "interestExpense": 128000,
        "depreciationAndAmortization": 2356000,
        "ebitda": 2325000,
        "ebitdaratio": 0.0367827366,
        "operatingIncome": -222000,
        "operatingIncomeRatio": -0.0035121581,
        "totalOtherIncomeExpensesNet": -128000,
        "incomeBeforeTax": -350000,
        "incomeBeforeTaxRatio": -0.0055371862,
        "incomeTaxExpense": 150000,
        "netIncome": -500000,
        "netIncomeRatio": -0.0079102659,
        "eps": -0.0325,
        "epsdiluted": -0.0325,
        "weightedAverageShsOut": 15377000,
        "weightedAverageShsOutDil": 15377000,
        "link": "https://www.sec.gov/Archives/edgar/data/1031029/000103102914000050/0001031029-14-000050-index.htm",
        "finalLink": "https://www.sec.gov/Archives/edgar/data/1031029/000103102914000050/srt-2014331x10qdoc.htm"
    },
    {
        "date": "2013-12-31",
        "symbol": "SRT",
        "reportedCurrency": "USD",
        "cik": "0001031029",
        "fillingDate": "2014-03-10",
        "acceptedDate": "2014-03-07 18:25:49",
        "calendarYear": "2013",
        "period": "Q4",
        "revenue": 63422000,
        "costOfRevenue": 55967000,
        "grossProfit": 7455000,
        "grossProfitRatio": 0.117545962,
        "researchAndDevelopmentExpenses": 0,
        "generalAndAdministrativeExpenses": 7227000,
        "sellingAndMarketingExpenses": 0,
        "sellingGeneralAndAdministrativeExpenses": 7227000,
        "otherExpenses": 0,
        "operatingExpenses": 7227000,
        "costAndExpenses": 63194000,
        "interestIncome": 0,
        "interestExpense": 570000,
        "depreciationAndAmortization": 2943000,
        "ebitda": 3171000,
        "ebitdaratio": 0.0499984233,
        "operatingIncome": -303000,
        "operatingIncomeRatio": -0.004777522,
        "totalOtherIncomeExpensesNet": -664000,
        "incomeBeforeTax": -873000,
        "incomeBeforeTaxRatio": -0.0137649396,
        "incomeTaxExpense": 143000,
        "netIncome": -1016000,
        "netIncomeRatio": -0.0160196777,
        "eps": -0.0661,
        "epsdiluted": -0.0661,
        "weightedAverageShsOut": 15365000,
        "weightedAverageShsOutDil": 15365000,
        "link": "https://www.sec.gov/Archives/edgar/data/1031029/000103102914000015/0001031029-14-000015-index.htm",
        "finalLink": "https://www.sec.gov/Archives/edgar/data/1031029/000103102914000015/srt-20131231x10kdoc.htm"
    },
    {
        "date": "2013-09-30",
        "symbol": "SRT",
        "reportedCurrency": "USD",
        "cik": "0001031029",
        "fillingDate": "2013-11-08",
        "acceptedDate": "2013-11-08 11:13:36",
        "calendarYear": "2013",
        "period": "Q3",
        "revenue": 58448000,
        "costOfRevenue": 51928000,
        "grossProfit": 6520000,
        "grossProfitRatio": 0.1115521489,
        "researchAndDevelopmentExpenses": 0,
        "generalAndAdministrativeExpenses": 7153000,
        "sellingAndMarketingExpenses": 0,
        "sellingGeneralAndAdministrativeExpenses": 7153000,
        "otherExpenses": 0,
        "operatingExpenses": 7153000,
        "costAndExpenses": 59081000,
        "interestIncome": 0,
        "interestExpense": 1075000,
        "depreciationAndAmortization": 3401000,
        "ebitda": 2768000,
        "ebitdaratio": 0.0473583356,
        "operatingIncome": -633000,
        "operatingIncomeRatio": -0.0108301396,
        "totalOtherIncomeExpensesNet": -1075000,
        "incomeBeforeTax": -1708000,
        "incomeBeforeTaxRatio": -0.0292225568,
        "incomeTaxExpense": 83000,
        "netIncome": -1791000,
        "netIncomeRatio": -0.0306426225,
        "eps": -0.12,
        "epsdiluted": -0.12,
        "weightedAverageShsOut": 15351000,
        "weightedAverageShsOutDil": 15351000,
        "link": "https://www.sec.gov/Archives/edgar/data/1031029/000103102913000069/0001031029-13-000069-index.htm",
        "finalLink": "https://www.sec.gov/Archives/edgar/data/1031029/000103102913000069/srt-2013930x10qdoc.htm"
    },
    {
        "date": "2013-06-30",
        "symbol": "SRT",
        "reportedCurrency": "USD",
        "cik": "0001031029",
        "fillingDate": "2013-08-13",
        "acceptedDate": "2013-08-13 12:02:00",
        "calendarYear": "2013",
        "period": "Q2",
        "revenue": 55576000,
        "costOfRevenue": 49955000,
        "grossProfit": 5621000,
        "grossProfitRatio": 0.1011407802,
        "researchAndDevelopmentExpenses": 0,
        "generalAndAdministrativeExpenses": 7198000,
        "sellingAndMarketingExpenses": 0,
        "sellingGeneralAndAdministrativeExpenses": 7198000,
        "otherExpenses": 0,
        "operatingExpenses": 7198000,
        "costAndExpenses": 57153000,
        "interestIncome": 31000,
        "interestExpense": 31000,
        "depreciationAndAmortization": 3115000,
        "ebitda": 1538000,
        "ebitdaratio": 0.027673816,
        "operatingIncome": -1140000,
        "operatingIncomeRatio": -0.0205124514,
        "totalOtherIncomeExpensesNet": 406000,
        "incomeBeforeTax": -1171000,
        "incomeBeforeTaxRatio": -0.0210702461,
        "incomeTaxExpense": 101000,
        "netIncome": -1272000,
        "netIncomeRatio": -0.0228875774,
        "eps": -0.0829,
        "epsdiluted": -0.0829,
        "weightedAverageShsOut": 15335000,
        "weightedAverageShsOutDil": 15335000,
        "link": "https://www.sec.gov/Archives/edgar/data/1031029/000103102913000057/0001031029-13-000057-index.htm",
        "finalLink": "https://www.sec.gov/Archives/edgar/data/1031029/000103102913000057/srt-2013630x10qdoc.htm"
    },
    {
        "date": "2013-03-31",
        "symbol": "SRT",
        "reportedCurrency": "USD",
        "cik": "0001031029",
        "fillingDate": "2013-05-10",
        "acceptedDate": "2013-05-10 10:15:11",
        "calendarYear": "2013",
        "period": "Q1",
        "revenue": 53810000,
        "costOfRevenue": 49082000,
        "grossProfit": 4728000,
        "grossProfitRatio": 0.0878647092,
        "researchAndDevelopmentExpenses": 0,
        "generalAndAdministrativeExpenses": 7249000,
        "sellingAndMarketingExpenses": 0,
        "sellingGeneralAndAdministrativeExpenses": 7249000,
        "otherExpenses": 0,
        "operatingExpenses": 7249000,
        "costAndExpenses": 56331000,
        "interestIncome": 96000,
        "interestExpense": -96000,
        "depreciationAndAmortization": 3069000,
        "ebitda": 548000,
        "ebitdaratio": 0.0101839807,
        "operatingIncome": -2521000,
        "operatingIncomeRatio": -0.0468500279,
        "totalOtherIncomeExpensesNet": 96000,
        "incomeBeforeTax": -2425000,
        "incomeBeforeTaxRatio": -0.0450659729,
        "incomeTaxExpense": -97000,
        "netIncome": -2328000,
        "netIncomeRatio": -0.043263334,
        "eps": -0.15,
        "epsdiluted": -0.15,
        "weightedAverageShsOut": 15302000,
        "weightedAverageShsOutDil": 15302000,
        "link": "https://www.sec.gov/Archives/edgar/data/1031029/000103102913000045/0001031029-13-000045-index.htm",
        "finalLink": "https://www.sec.gov/Archives/edgar/data/1031029/000103102913000045/srt-2013331x10qdoc.htm"
    },
    {
        "date": "2012-12-31",
        "symbol": "SRT",
        "reportedCurrency": "USD",
        "cik": "0001031029",
        "fillingDate": "2013-03-08",
        "acceptedDate": "2013-03-08 15:55:16",
        "calendarYear": "2012",
        "period": "Q4",
        "revenue": 55137000,
        "costOfRevenue": 46849000,
        "grossProfit": 8288000,
        "grossProfitRatio": 0.1503164844,
        "researchAndDevelopmentExpenses": 0,
        "generalAndAdministrativeExpenses": 7066000,
        "sellingAndMarketingExpenses": 1000,
        "sellingGeneralAndAdministrativeExpenses": 7067000,
        "otherExpenses": 0,
        "operatingExpenses": 7067000,
        "costAndExpenses": 53916000,
        "interestIncome": 0,
        "interestExpense": -47000,
        "depreciationAndAmortization": 2949000,
        "ebitda": 4170000,
        "ebitdaratio": 0.0756297949,
        "operatingIncome": 1241000,
        "operatingIncomeRatio": 0.022507572,
        "totalOtherIncomeExpensesNet": -4019000,
        "incomeBeforeTax": 1288000,
        "incomeBeforeTaxRatio": 0.0233599942,
        "incomeTaxExpense": 137000,
        "netIncome": 1151000,
        "netIncomeRatio": 0.0208752743,
        "eps": 0.08,
        "epsdiluted": 0.07,
        "weightedAverageShsOut": 15273000,
        "weightedAverageShsOutDil": 15491000,
        "link": "https://www.sec.gov/Archives/edgar/data/1031029/000103102913000019/0001031029-13-000019-index.htm",
        "finalLink": "https://www.sec.gov/Archives/edgar/data/1031029/000103102913000019/srt-20121231x10kdoc.htm"
    },
    {
        "date": "2012-09-30",
        "symbol": "SRT",
        "reportedCurrency": "USD",
        "cik": "0001031029",
        "fillingDate": "2012-11-06",
        "acceptedDate": "2012-11-06 17:12:47",
        "calendarYear": "2012",
        "period": "Q3",
        "revenue": 47675000,
        "costOfRevenue": 41575000,
        "grossProfit": 6100000,
        "grossProfitRatio": 0.1279496592,
        "researchAndDevelopmentExpenses": 0,
        "generalAndAdministrativeExpenses": 6924000,
        "sellingAndMarketingExpenses": 0,
        "sellingGeneralAndAdministrativeExpenses": 6924000,
        "otherExpenses": 0,
        "operatingExpenses": 6924000,
        "costAndExpenses": 48499000,
        "interestIncome": 0,
        "interestExpense": 0,
        "depreciationAndAmortization": 2948000,
        "ebitda": 2657000,
        "ebitdaratio": 0.0557315155,
        "operatingIncome": -1357000,
        "operatingIncomeRatio": -0.0284635553,
        "totalOtherIncomeExpensesNet": -425000,
        "incomeBeforeTax": -1249000,
        "incomeBeforeTaxRatio": -0.0261982171,
        "incomeTaxExpense": -20000,
        "netIncome": -1229000,
        "netIncomeRatio": -0.02577871,
        "eps": -0.0805,
        "epsdiluted": -0.0805,
        "weightedAverageShsOut": 15263000,
        "weightedAverageShsOutDil": 15263000,
        "link": "https://www.sec.gov/Archives/edgar/data/1031029/000114420412059785/0001144204-12-059785-index.htm",
        "finalLink": "https://www.sec.gov/Archives/edgar/data/1031029/000114420412059785/v326150_10q.htm"
    },
    {
        "date": "2012-06-30",
        "symbol": "SRT",
        "reportedCurrency": "USD",
        "cik": "0001031029",
        "fillingDate": "2012-08-07",
        "acceptedDate": "2012-08-07 07:03:08",
        "calendarYear": "2012",
        "period": "Q2",
        "revenue": 44421000,
        "costOfRevenue": 41150000,
        "grossProfit": 3271000,
        "grossProfitRatio": 0.0736363432,
        "researchAndDevelopmentExpenses": 0,
        "generalAndAdministrativeExpenses": 7329000,
        "sellingAndMarketingExpenses": 0,
        "sellingGeneralAndAdministrativeExpenses": 7329000,
        "otherExpenses": 0,
        "operatingExpenses": 7329000,
        "costAndExpenses": 48479000,
        "interestIncome": 0,
        "interestExpense": 0,
        "depreciationAndAmortization": 3250000,
        "ebitda": -341000,
        "ebitdaratio": -0.0076765494,
        "operatingIncome": -4525000,
        "operatingIncomeRatio": -0.1018662344,
        "totalOtherIncomeExpensesNet": -383000,
        "incomeBeforeTax": -4441000,
        "incomeBeforeTaxRatio": -0.0999752369,
        "incomeTaxExpense": -163000,
        "netIncome": -4278000,
        "netIncomeRatio": -0.0963058013,
        "eps": -0.28,
        "epsdiluted": -0.28,
        "weightedAverageShsOut": 15239000,
        "weightedAverageShsOutDil": 15239000,
        "link": "https://www.sec.gov/Archives/edgar/data/1031029/000114420412043191/0001144204-12-043191-index.htm",
        "finalLink": "https://www.sec.gov/Archives/edgar/data/1031029/000114420412043191/v318056_10q.htm"
    },
    {
        "date": "2012-03-31",
        "symbol": "SRT",
        "reportedCurrency": "USD",
        "cik": "0001031029",
        "fillingDate": "2012-05-11",
        "acceptedDate": "2012-05-11 13:07:40",
        "calendarYear": "2012",
        "period": "Q1",
        "revenue": 50859000,
        "costOfRevenue": 45522000,
        "grossProfit": 5337000,
        "grossProfitRatio": 0.1049371793,
        "researchAndDevelopmentExpenses": 0,
        "generalAndAdministrativeExpenses": 8325000,
        "sellingAndMarketingExpenses": 0,
        "sellingGeneralAndAdministrativeExpenses": 8325000,
        "otherExpenses": 0,
        "operatingExpenses": 8325000,
        "costAndExpenses": 53847000,
        "interestIncome": 0,
        "interestExpense": 0,
        "depreciationAndAmortization": 3810000,
        "ebitda": -2988000,
        "ebitdaratio": -0.0587506636,
        "operatingIncome": -6074000,
        "operatingIncomeRatio": -0.1194282231,
        "totalOtherIncomeExpensesNet": -2983000,
        "incomeBeforeTax": -5971000,
        "incomeBeforeTaxRatio": -0.1174030162,
        "incomeTaxExpense": 161000,
        "netIncome": -6132000,
        "netIncomeRatio": -0.1205686309,
        "eps": -0.4,
        "epsdiluted": -0.4,
        "weightedAverageShsOut": 15189000,
        "weightedAverageShsOutDil": 15189000,
        "link": "https://www.sec.gov/Archives/edgar/data/1031029/000110465912036358/0001104659-12-036358-index.htm",
        "finalLink": "https://www.sec.gov/Archives/edgar/data/1031029/000110465912036358/a12-8745_110q.htm"
    },
    {
        "date": "2011-12-31",
        "symbol": "SRT",
        "reportedCurrency": "USD",
        "cik": "0001031029",
        "fillingDate": "2012-03-09",
        "acceptedDate": "2012-03-09 11:36:37",
        "calendarYear": "2011",
        "period": "Q4",
        "revenue": 51143000,
        "costOfRevenue": 45603000,
        "grossProfit": 5540000,
        "grossProfitRatio": 0.1083237198,
        "researchAndDevelopmentExpenses": 0,
        "generalAndAdministrativeExpenses": 10953000,
        "sellingAndMarketingExpenses": 0,
        "sellingGeneralAndAdministrativeExpenses": 10953000,
        "otherExpenses": 0,
        "operatingExpenses": 10953000,
        "costAndExpenses": 56556000,
        "interestIncome": 0,
        "interestExpense": 0,
        "depreciationAndAmortization": 3802000,
        "ebitda": -5056000,
        "ebitdaratio": -0.0988600591,
        "operatingIncome": -7346000,
        "operatingIncomeRatio": -0.1436364703,
        "totalOtherIncomeExpensesNet": 22000,
        "incomeBeforeTax": -7324000,
        "incomeBeforeTaxRatio": -0.1432063039,
        "incomeTaxExpense": 137000,
        "netIncome": -7461000,
        "netIncomeRatio": -0.1458850674,
        "eps": -0.49,
        "epsdiluted": -0.49,
        "weightedAverageShsOut": 15141000,
        "weightedAverageShsOutDil": 15189000,
        "link": "https://www.sec.gov/Archives/edgar/data/1031029/000110465912016956/0001104659-12-016956-index.htm",
        "finalLink": "https://www.sec.gov/Archives/edgar/data/1031029/000110465912016956/a11-30574_110k.htm"
    },
    {
        "date": "2011-09-30",
        "symbol": "SRT",
        "reportedCurrency": "USD",
        "cik": "0001031029",
        "fillingDate": "2011-11-02",
        "acceptedDate": "2011-11-02 16:14:35",
        "calendarYear": "2011",
        "period": "Q3",
        "revenue": 52006000,
        "costOfRevenue": 47946000,
        "grossProfit": 4060000,
        "grossProfitRatio": 0.0780679152,
        "researchAndDevelopmentExpenses": 0,
        "generalAndAdministrativeExpenses": 10281000,
        "sellingAndMarketingExpenses": -300000,
        "sellingGeneralAndAdministrativeExpenses": 9981000,
        "otherExpenses": 0,
        "operatingExpenses": 9981000,
        "costAndExpenses": 57927000,
        "interestIncome": 5000,
        "interestExpense": 0,
        "depreciationAndAmortization": 3901000,
        "ebitda": -1729000,
        "ebitdaratio": -0.0332461639,
        "operatingIncome": -6212000,
        "operatingIncomeRatio": -0.119447756,
        "totalOtherIncomeExpensesNet": -600000,
        "incomeBeforeTax": -6207000,
        "incomeBeforeTaxRatio": -0.1193516133,
        "incomeTaxExpense": -17000,
        "netIncome": -6190000,
        "netIncomeRatio": -0.1190247279,
        "eps": -0.41,
        "epsdiluted": -0.41,
        "weightedAverageShsOut": 15108000,
        "weightedAverageShsOutDil": 15108000,
        "link": "https://www.sec.gov/Archives/edgar/data/1031029/000110465911060063/0001104659-11-060063-index.htm",
        "finalLink": "https://www.sec.gov/Archives/edgar/data/1031029/000110465911060063/a11-25825_110q.htm"
    },
    {
        "date": "2011-06-30",
        "symbol": "SRT",
        "reportedCurrency": "USD",
        "cik": "0001031029",
        "fillingDate": "2011-08-08",
        "acceptedDate": "2011-08-08 16:33:05",
        "calendarYear": "2011",
        "period": "Q2",
        "revenue": 57139000,
        "costOfRevenue": 50836000,
        "grossProfit": 6303000,
        "grossProfitRatio": 0.1103099459,
        "researchAndDevelopmentExpenses": 0,
        "generalAndAdministrativeExpenses": 13196000,
        "sellingAndMarketingExpenses": 0,
        "sellingGeneralAndAdministrativeExpenses": 13196000,
        "otherExpenses": 0,
        "operatingExpenses": 13196000,
        "costAndExpenses": 64032000,
        "interestIncome": 0,
        "interestExpense": 0,
        "depreciationAndAmortization": 4061000,
        "ebitda": -6893000,
        "ebitdaratio": -0.1206356429,
        "operatingIncome": -10165000,
        "operatingIncomeRatio": -0.1778995082,
        "totalOtherIncomeExpensesNet": -3284000,
        "incomeBeforeTax": -10177000,
        "incomeBeforeTaxRatio": -0.1781095224,
        "incomeTaxExpense": -525000,
        "netIncome": -9652000,
        "netIncomeRatio": -0.1689214022,
        "eps": -0.64,
        "epsdiluted": -0.64,
        "weightedAverageShsOut": 15072000,
        "weightedAverageShsOutDil": 15072000,
        "link": "https://www.sec.gov/Archives/edgar/data/1031029/000110465911044879/0001104659-11-044879-index.htm",
        "finalLink": "https://www.sec.gov/Archives/edgar/data/1031029/000110465911044879/a11-14069_110q.htm"
    },
    {
        "date": "2011-03-31",
        "symbol": "SRT",
        "reportedCurrency": "USD",
        "cik": "0001031029",
        "fillingDate": "2011-05-03",
        "acceptedDate": "2011-05-03 15:49:28",
        "calendarYear": "2011",
        "period": "Q1",
        "revenue": 59510000,
        "costOfRevenue": 52123000,
        "grossProfit": 7387000,
        "grossProfitRatio": 0.1241303983,
        "researchAndDevelopmentExpenses": 0,
        "generalAndAdministrativeExpenses": 9680000,
        "sellingAndMarketingExpenses": 0,
        "sellingGeneralAndAdministrativeExpenses": 9680000,
        "otherExpenses": 0,
        "operatingExpenses": 9680000,
        "costAndExpenses": 61803000,
        "interestIncome": 18000,
        "interestExpense": 0,
        "depreciationAndAmortization": 3986000,
        "ebitda": 1693000,
        "ebitdaratio": 0.0284490002,
        "operatingIncome": -2293000,
        "operatingIncomeRatio": -0.0385313393,
        "totalOtherIncomeExpensesNet": 18000,
        "incomeBeforeTax": -2275000,
        "incomeBeforeTaxRatio": -0.0382288691,
        "incomeTaxExpense": 279000,
        "netIncome": -2554000,
        "netIncomeRatio": -0.0429171568,
        "eps": -0.17,
        "epsdiluted": -0.17,
        "weightedAverageShsOut": 15014000,
        "weightedAverageShsOutDil": 15014000,
        "link": "https://www.sec.gov/Archives/edgar/data/1031029/000110465911025278/0001104659-11-025278-index.htm",
        "finalLink": "https://www.sec.gov/Archives/edgar/data/1031029/000110465911025278/a11-9482_110q.htm"
    },
    {
        "date": "2010-12-31",
        "symbol": "SRT",
        "reportedCurrency": "USD",
        "cik": "0001031029",
        "fillingDate": "2011-03-04",
        "acceptedDate": "2011-03-04 16:04:27",
        "calendarYear": "2010",
        "period": "Q4",
        "revenue": 64692000,
        "costOfRevenue": 58393000,
        "grossProfit": 6299000,
        "grossProfitRatio": 0.0973690719,
        "researchAndDevelopmentExpenses": 0,
        "generalAndAdministrativeExpenses": 11796000,
        "sellingAndMarketingExpenses": 0,
        "sellingGeneralAndAdministrativeExpenses": 11796000,
        "otherExpenses": 0,
        "operatingExpenses": 11796000,
        "costAndExpenses": 70189000,
        "interestIncome": 0,
        "interestExpense": 273000,
        "depreciationAndAmortization": 4325000,
        "ebitda": -2275000,
        "ebitdaratio": -0.0351666358,
        "operatingIncome": -7118000,
        "operatingIncomeRatio": -0.1100290608,
        "totalOtherIncomeExpensesNet": 30000,
        "incomeBeforeTax": -7088000,
        "incomeBeforeTaxRatio": -0.1095653249,
        "incomeTaxExpense": -526000,
        "netIncome": -6562000,
        "netIncomeRatio": -0.1014344896,
        "eps": -0.44,
        "epsdiluted": -0.44,
        "weightedAverageShsOut": 14948000,
        "weightedAverageShsOutDil": 15014000,
        "link": "https://www.sec.gov/Archives/edgar/data/1031029/000110465911012427/0001104659-11-012427-index.htm",
        "finalLink": "https://www.sec.gov/Archives/edgar/data/1031029/000110465911012427/a11-2331_110k.htm"
    },
    {
        "date": "2010-09-30",
        "symbol": "SRT",
        "reportedCurrency": "USD",
        "cik": "0001031029",
        "fillingDate": "2010-10-29",
        "acceptedDate": "2010-10-29 15:00:08",
        "calendarYear": "2010",
        "period": "Q3",
        "revenue": 65598000,
        "costOfRevenue": 58964000,
        "grossProfit": 6634000,
        "grossProfitRatio": 0.101131132,
        "researchAndDevelopmentExpenses": 0,
        "generalAndAdministrativeExpenses": 10327000,
        "sellingAndMarketingExpenses": 0,
        "sellingGeneralAndAdministrativeExpenses": 10327000,
        "otherExpenses": 0,
        "operatingExpenses": 10327000,
        "costAndExpenses": 69291000,
        "interestIncome": 0,
        "interestExpense": 29000,
        "depreciationAndAmortization": 4250000,
        "ebitda": 1007000,
        "ebitdaratio": 0.0153510778,
        "operatingIncome": -4143000,
        "operatingIncomeRatio": -0.0631574133,
        "totalOtherIncomeExpensesNet": 29000,
        "incomeBeforeTax": -4114000,
        "incomeBeforeTaxRatio": -0.0627153267,
        "incomeTaxExpense": 368000,
        "netIncome": -4482000,
        "netIncomeRatio": -0.0683252538,
        "eps": -0.3,
        "epsdiluted": -0.3,
        "weightedAverageShsOut": 14916000,
        "weightedAverageShsOutDil": 14916000,
        "link": "https://www.sec.gov/Archives/edgar/data/1031029/000110465910054666/0001104659-10-054666-index.htm",
        "finalLink": "https://www.sec.gov/Archives/edgar/data/1031029/000110465910054666/a10-17579_110q.htm"
    },
    {
        "date": "2010-06-30",
        "symbol": "SRT",
        "reportedCurrency": "USD",
        "cik": "0001031029",
        "fillingDate": "2010-07-30",
        "acceptedDate": "2010-07-30 16:21:56",
        "calendarYear": "2010",
        "period": "Q2",
        "revenue": 67676000,
        "costOfRevenue": 60041000,
        "grossProfit": 7635000,
        "grossProfitRatio": 0.1128169514,
        "researchAndDevelopmentExpenses": 0,
        "generalAndAdministrativeExpenses": 10268000,
        "sellingAndMarketingExpenses": 0,
        "sellingGeneralAndAdministrativeExpenses": 10268000,
        "otherExpenses": 0,
        "operatingExpenses": 10268000,
        "costAndExpenses": 70309000,
        "interestIncome": 0,
        "interestExpense": 211000,
        "depreciationAndAmortization": 4344000,
        "ebitda": 2475000,
        "ebitdaratio": 0.0365713104,
        "operatingIncome": -3397000,
        "operatingIncomeRatio": -0.050195047,
        "totalOtherIncomeExpensesNet": 211000,
        "incomeBeforeTax": -3186000,
        "incomeBeforeTaxRatio": -0.0470772504,
        "incomeTaxExpense": 2037000,
        "netIncome": -5223000,
        "netIncomeRatio": -0.0771765471,
        "eps": -0.35,
        "epsdiluted": -0.35,
        "weightedAverageShsOut": 14886000,
        "weightedAverageShsOutDil": 14886000,
        "link": "https://www.sec.gov/Archives/edgar/data/1031029/000110465910040836/0001104659-10-040836-index.htm",
        "finalLink": "https://www.sec.gov/Archives/edgar/data/1031029/000110465910040836/a10-12940_110q.htm"
    },
    {
        "date": "2010-03-31",
        "symbol": "SRT",
        "reportedCurrency": "USD",
        "cik": "0001031029",
        "fillingDate": "2010-05-07",
        "acceptedDate": "2010-05-07 16:10:03",
        "calendarYear": "2010",
        "period": "Q1",
        "revenue": 67410000,
        "costOfRevenue": 60274000,
        "grossProfit": 7136000,
        "grossProfitRatio": 0.1058596647,
        "researchAndDevelopmentExpenses": 0,
        "generalAndAdministrativeExpenses": 10890000,
        "sellingAndMarketingExpenses": 0,
        "sellingGeneralAndAdministrativeExpenses": 10890000,
        "otherExpenses": 0,
        "operatingExpenses": 10890000,
        "costAndExpenses": 71164000,
        "interestIncome": 0,
        "interestExpense": 3000,
        "depreciationAndAmortization": 4236000,
        "ebitda": 482000,
        "ebitdaratio": 0.0071502744,
        "operatingIncome": -3754000,
        "operatingIncomeRatio": -0.0556890669,
        "totalOtherIncomeExpensesNet": 3000,
        "incomeBeforeTax": -3751000,
        "incomeBeforeTaxRatio": -0.0556445631,
        "incomeTaxExpense": -635000,
        "netIncome": -3116000,
        "netIncomeRatio": -0.0462245958,
        "eps": -0.21,
        "epsdiluted": -0.21,
        "weightedAverageShsOut": 14846000,
        "weightedAverageShsOutDil": 14846000,
        "link": "https://www.sec.gov/Archives/edgar/data/1031029/000110465910026883/0001104659-10-026883-index.htm",
        "finalLink": "https://www.sec.gov/Archives/edgar/data/1031029/000110465910026883/a10-6148_110q.htm"
    },
    {
        "date": "2009-12-31",
        "symbol": "SRT",
        "reportedCurrency": "USD",
        "cik": "0001031029",
        "fillingDate": "2010-02-25",
        "acceptedDate": "2010-02-25 15:32:09",
        "calendarYear": "2009",
        "period": "Q4",
        "revenue": 72517000,
        "costOfRevenue": 60742000,
        "grossProfit": 11775000,
        "grossProfitRatio": 0.1623757188,
        "researchAndDevelopmentExpenses": 0,
        "generalAndAdministrativeExpenses": 11531000,
        "sellingAndMarketingExpenses": 0,
        "sellingGeneralAndAdministrativeExpenses": 11531000,
        "otherExpenses": 0,
        "operatingExpenses": 11531000,
        "costAndExpenses": 72273000,
        "interestIncome": 0,
        "interestExpense": 0,
        "depreciationAndAmortization": 4169000,
        "ebitda": 4413000,
        "ebitdaratio": 0.0608546961,
        "operatingIncome": 244000,
        "operatingIncomeRatio": 0.0033647283,
        "totalOtherIncomeExpensesNet": 6000,
        "incomeBeforeTax": 250000,
        "incomeBeforeTaxRatio": 0.0034474675,
        "incomeTaxExpense": -625000,
        "netIncome": 875000,
        "netIncomeRatio": 0.0120661362,
        "eps": 0.0589,
        "epsdiluted": 0.0589,
        "weightedAverageShsOut": 14825000,
        "weightedAverageShsOutDil": 14846000,
        "link": "https://www.sec.gov/Archives/edgar/data/1031029/000110465910009646/0001104659-10-009646-index.htm",
        "finalLink": "https://www.sec.gov/Archives/edgar/data/1031029/000110465910009646/a09-36239_110k.htm"
    },
    {
        "date": "2009-09-30",
        "symbol": "SRT",
        "reportedCurrency": "USD",
        "cik": "0001031029",
        "fillingDate": "2009-10-30",
        "acceptedDate": "2009-10-30 16:55:34",
        "calendarYear": "2009",
        "period": "Q3",
        "revenue": 72462000,
        "costOfRevenue": 58988000,
        "grossProfit": 13474000,
        "grossProfitRatio": 0.1859457371,
        "researchAndDevelopmentExpenses": 0,
        "generalAndAdministrativeExpenses": 11084000,
        "sellingAndMarketingExpenses": 0,
        "sellingGeneralAndAdministrativeExpenses": 11084000,
        "otherExpenses": 0,
        "operatingExpenses": 11084000,
        "costAndExpenses": 70072000,
        "interestIncome": 0,
        "interestExpense": 0,
        "depreciationAndAmortization": 4010000,
        "ebitda": 6400000,
        "ebitdaratio": 0.0883221551,
        "operatingIncome": 2390000,
        "operatingIncomeRatio": 0.0329828048,
        "totalOtherIncomeExpensesNet": -38000,
        "incomeBeforeTax": 2352000,
        "incomeBeforeTaxRatio": 0.032458392,
        "incomeTaxExpense": 557000,
        "netIncome": 1795000,
        "netIncomeRatio": 0.0247716044,
        "eps": 0.12,
        "epsdiluted": 0.12,
        "weightedAverageShsOut": 14808000,
        "weightedAverageShsOutDil": 15012000,
        "link": "https://www.sec.gov/Archives/edgar/data/1031029/000110465909061560/0001104659-09-061560-index.htm",
        "finalLink": "https://www.sec.gov/Archives/edgar/data/1031029/000110465909061560/a09-31226_110q.htm"
    },
    {
        "date": "2009-06-30",
        "symbol": "SRT",
        "reportedCurrency": "USD",
        "cik": "0001031029",
        "fillingDate": "2009-07-31",
        "acceptedDate": "2009-07-31 13:21:58",
        "calendarYear": "2009",
        "period": "Q2",
        "revenue": 73290000,
        "costOfRevenue": 60161000,
        "grossProfit": 13129000,
        "grossProfitRatio": 0.1791376723,
        "researchAndDevelopmentExpenses": 0,
        "generalAndAdministrativeExpenses": 10889000,
        "sellingAndMarketingExpenses": 0,
        "sellingGeneralAndAdministrativeExpenses": 10889000,
        "otherExpenses": 0,
        "operatingExpenses": 10889000,
        "costAndExpenses": 71050000,
        "interestIncome": 0,
        "interestExpense": 0,
        "depreciationAndAmortization": 3787000,
        "ebitda": 2240000,
        "ebitdaratio": 0.0305635148,
        "operatingIncome": 2240000,
        "operatingIncomeRatio": 0.0305635148,
        "totalOtherIncomeExpensesNet": -103000,
        "incomeBeforeTax": 2137000,
        "incomeBeforeTaxRatio": 0.0291581389,
        "incomeTaxExpense": 810000,
        "netIncome": 1327000,
        "netIncomeRatio": 0.0181061536,
        "eps": 0.09,
        "epsdiluted": 0.09,
        "weightedAverageShsOut": 14782000,
        "weightedAverageShsOutDil": 14812000,
        "link": "https://www.sec.gov/Archives/edgar/data/1031029/000110465909046236/0001104659-09-046236-index.htm",
        "finalLink": "https://www.sec.gov/Archives/edgar/data/1031029/000110465909046236/a09-18923_110q.htm"
    },
    {
        "date": "2009-03-31",
        "symbol": "SRT",
        "reportedCurrency": "USD",
        "cik": "0001031029",
        "fillingDate": "2009-05-08",
        "acceptedDate": "2009-05-08 15:18:07",
        "calendarYear": "2009",
        "period": "Q1",
        "revenue": 70711000,
        "costOfRevenue": 59988000,
        "grossProfit": 10723000,
        "grossProfitRatio": 0.15164543,
        "researchAndDevelopmentExpenses": 0,
        "generalAndAdministrativeExpenses": 9692000,
        "sellingAndMarketingExpenses": 0,
        "sellingGeneralAndAdministrativeExpenses": 9692000,
        "otherExpenses": 0,
        "operatingExpenses": 9692000,
        "costAndExpenses": 69680000,
        "interestIncome": 0,
        "interestExpense": 0,
        "depreciationAndAmortization": 4011000,
        "ebitda": -3988000,
        "ebitdaratio": -0.0563985801,
        "operatingIncome": -5406000,
        "operatingIncomeRatio": -0.0764520372,
        "totalOtherIncomeExpensesNet": -1493000,
        "incomeBeforeTax": -5481000,
        "incomeBeforeTaxRatio": -0.0775126925,
        "incomeTaxExpense": -1493000,
        "netIncome": 652000,
        "netIncomeRatio": 0.0092206305,
        "eps": 0.04,
        "epsdiluted": 0.04,
        "weightedAverageShsOut": 14753000,
        "weightedAverageShsOutDil": 14753000,
        "link": "https://www.sec.gov/Archives/edgar/data/1031029/000110465909031009/0001104659-09-031009-index.htm",
        "finalLink": "https://www.sec.gov/Archives/edgar/data/1031029/000110465909031009/a09-12875_110q.htm"
    },
    {
        "date": "2008-12-31",
        "symbol": "SRT",
        "reportedCurrency": "USD",
        "cik": "0001031029",
        "fillingDate": "2009-03-03",
        "acceptedDate": "2009-03-03 15:27:51",
        "calendarYear": "2008",
        "period": "Q4",
        "revenue": 73470000,
        "costOfRevenue": 65368000,
        "grossProfit": 8102000,
        "grossProfitRatio": 0.1102763033,
        "researchAndDevelopmentExpenses": 0,
        "generalAndAdministrativeExpenses": 10292000,
        "sellingAndMarketingExpenses": 0,
        "sellingGeneralAndAdministrativeExpenses": 10292000,
        "otherExpenses": -5954000,
        "operatingExpenses": 4338000,
        "costAndExpenses": 69706000,
        "interestIncome": 0,
        "interestExpense": 0,
        "depreciationAndAmortization": 4330000,
        "ebitda": 3350000,
        "ebitdaratio": 0.0455968422,
        "operatingIncome": -5461000,
        "operatingIncomeRatio": -0.0743296584,
        "totalOtherIncomeExpensesNet": -41000,
        "incomeBeforeTax": -5502000,
        "incomeBeforeTaxRatio": -0.0748877093,
        "incomeTaxExpense": -2361000,
        "netIncome": -3141000,
        "netIncomeRatio": -0.0427521437,
        "eps": -0.21,
        "epsdiluted": -0.21,
        "weightedAverageShsOut": 14734000,
        "weightedAverageShsOutDil": 14753000,
        "link": "https://www.sec.gov/Archives/edgar/data/1031029/000110465909013843/0001104659-09-013843-index.htm",
        "finalLink": "https://www.sec.gov/Archives/edgar/data/1031029/000110465909013843/a09-6519_110k.htm"
    },
    {
        "date": "2008-09-30",
        "symbol": "SRT",
        "reportedCurrency": "USD",
        "cik": "0001031029",
        "fillingDate": "2008-10-31",
        "acceptedDate": "2008-10-31 15:45:31",
        "calendarYear": "2008",
        "period": "Q3",
        "revenue": 69056000,
        "costOfRevenue": 60761000,
        "grossProfit": 8295000,
        "grossProfitRatio": 0.1201199027,
        "researchAndDevelopmentExpenses": 0,
        "generalAndAdministrativeExpenses": 10205000,
        "sellingAndMarketingExpenses": 0,
        "sellingGeneralAndAdministrativeExpenses": 10205000,
        "otherExpenses": 346000,
        "operatingExpenses": 10551000,
        "costAndExpenses": 71312000,
        "interestIncome": 0,
        "interestExpense": 304000,
        "depreciationAndAmortization": 4388000,
        "ebitda": 2478000,
        "ebitdaratio": 0.0358839203,
        "operatingIncome": -2256000,
        "operatingIncomeRatio": -0.0326691381,
        "totalOtherIncomeExpensesNet": -304000,
        "incomeBeforeTax": -2560000,
        "incomeBeforeTaxRatio": -0.0370713624,
        "incomeTaxExpense": -1111000,
        "netIncome": -1910000,
        "netIncomeRatio": -0.0276587118,
        "eps": -0.13,
        "epsdiluted": -0.13,
        "weightedAverageShsOut": 14708000,
        "weightedAverageShsOutDil": 14708000,
        "link": "https://www.sec.gov/Archives/edgar/data/1031029/000136231008006470/0001362310-08-006470-index.htm",
        "finalLink": "https://www.sec.gov/Archives/edgar/data/1031029/000136231008006470/c76567e10vq.htm"
    },
    {
        "date": "2008-06-30",
        "symbol": "SRT",
        "reportedCurrency": "USD",
        "cik": "0001031029",
        "fillingDate": "2008-08-11",
        "acceptedDate": "2008-08-11 13:57:37",
        "calendarYear": "2008",
        "period": "Q2",
        "revenue": 65619000,
        "costOfRevenue": 57205000,
        "grossProfit": 8414000,
        "grossProfitRatio": 0.1282250568,
        "researchAndDevelopmentExpenses": 0,
        "generalAndAdministrativeExpenses": 10227000,
        "sellingAndMarketingExpenses": 0,
        "sellingGeneralAndAdministrativeExpenses": 10227000,
        "otherExpenses": 5500000,
        "operatingExpenses": 15727000,
        "costAndExpenses": 72932000,
        "interestIncome": 90000,
        "interestExpense": 0,
        "depreciationAndAmortization": 4685000,
        "ebitda": 2872000,
        "ebitdaratio": 0.0437678112,
        "operatingIncome": -7313000,
        "operatingIncomeRatio": -0.1114463799,
        "totalOtherIncomeExpensesNet": -5410000,
        "incomeBeforeTax": -7223000,
        "incomeBeforeTaxRatio": -0.1100748259,
        "incomeTaxExpense": -2704000,
        "netIncome": -4519000,
        "netIncomeRatio": -0.0688672488,
        "eps": -0.31,
        "epsdiluted": -0.31,
        "weightedAverageShsOut": 14706000,
        "weightedAverageShsOutDil": 14706000,
        "link": "https://www.sec.gov/Archives/edgar/data/1031029/000136231008004420/0001362310-08-004420-index.htm",
        "finalLink": "https://www.sec.gov/Archives/edgar/data/1031029/000136231008004420/c74453e10vq.htm"
    },
    {
        "date": "2008-03-31",
        "symbol": "SRT",
        "reportedCurrency": "USD",
        "cik": "0001031029",
        "fillingDate": "2008-05-06",
        "acceptedDate": "2008-05-06 14:01:22",
        "calendarYear": "2008",
        "period": "Q1",
        "revenue": 64745000,
        "costOfRevenue": 55162000,
        "grossProfit": 9583000,
        "grossProfitRatio": 0.1480114295,
        "researchAndDevelopmentExpenses": 0,
        "generalAndAdministrativeExpenses": 10090000,
        "sellingAndMarketingExpenses": 0,
        "sellingGeneralAndAdministrativeExpenses": 10090000,
        "otherExpenses": 0,
        "operatingExpenses": 10090000,
        "costAndExpenses": 65252000,
        "interestIncome": 310000,
        "interestExpense": 0,
        "depreciationAndAmortization": 4400000,
        "ebitda": 4001000,
        "ebitdaratio": 0.0617962777,
        "operatingIncome": -615000,
        "operatingIncomeRatio": -0.009498803,
        "totalOtherIncomeExpensesNet": 202000,
        "incomeBeforeTax": -305000,
        "incomeBeforeTaxRatio": -0.0047107885,
        "incomeTaxExpense": 26000,
        "netIncome": -331000,
        "netIncomeRatio": -0.0051123639,
        "eps": -0.02,
        "epsdiluted": -0.02,
        "weightedAverageShsOut": 16550000,
        "weightedAverageShsOutDil": 16550000,
        "link": "https://www.sec.gov/Archives/edgar/data/1031029/000136231008002437/0001362310-08-002437-index.htm",
        "finalLink": "https://www.sec.gov/Archives/edgar/data/1031029/000136231008002437/c73214e10vq.htm"
    },
    {
        "date": "2007-12-31",
        "symbol": "SRT",
        "reportedCurrency": "USD",
        "cik": "0001031029",
        "fillingDate": "2008-02-29",
        "acceptedDate": "2008-02-29 13:38:16",
        "calendarYear": "2007",
        "period": "Q4",
        "revenue": 65656000,
        "costOfRevenue": 54202000,
        "grossProfit": 11454000,
        "grossProfitRatio": 0.1744547338,
        "researchAndDevelopmentExpenses": 0,
        "generalAndAdministrativeExpenses": 10866000,
        "sellingAndMarketingExpenses": 0,
        "sellingGeneralAndAdministrativeExpenses": 10866000,
        "otherExpenses": 275000,
        "operatingExpenses": 11141000,
        "costAndExpenses": 65343000,
        "interestIncome": 1016000,
        "interestExpense": 0,
        "depreciationAndAmortization": 4368000,
        "ebitda": 4936000,
        "ebitdaratio": 0.0751797246,
        "operatingIncome": 313000,
        "operatingIncomeRatio": 0.0047672718,
        "totalOtherIncomeExpensesNet": 182000,
        "incomeBeforeTax": 495000,
        "incomeBeforeTaxRatio": 0.0075392957,
        "incomeTaxExpense": 65000,
        "netIncome": 430000,
        "netIncomeRatio": 0.0065492872,
        "eps": 0.026,
        "epsdiluted": 0.026,
        "weightedAverageShsOut": 16550000,
        "weightedAverageShsOutDil": 16550000,
        "link": "https://www.sec.gov/Archives/edgar/data/1031029/000136231008001182/0001362310-08-001182-index.htm",
        "finalLink": "https://www.sec.gov/Archives/edgar/data/1031029/000136231008001182/c72571e10vk.htm"
    },
    {
        "date": "2007-09-30",
        "symbol": "SRT",
        "reportedCurrency": "USD",
        "cik": "0001031029",
        "fillingDate": "2007-11-06",
        "acceptedDate": "2007-11-06 16:10:46",
        "calendarYear": "2007",
        "period": "Q3",
        "revenue": 63169000,
        "costOfRevenue": 52853000,
        "grossProfit": 10316000,
        "grossProfitRatio": 0.1633079517,
        "researchAndDevelopmentExpenses": 0,
        "generalAndAdministrativeExpenses": 9693000,
        "sellingAndMarketingExpenses": 0,
        "sellingGeneralAndAdministrativeExpenses": 9693000,
        "otherExpenses": 1032000,
        "operatingExpenses": 10725000,
        "costAndExpenses": 63578000,
        "interestIncome": 232000,
        "interestExpense": 0,
        "depreciationAndAmortization": 4295000,
        "ebitda": 4918000,
        "ebitdaratio": 0.0778546439,
        "operatingIncome": -409000,
        "operatingIncomeRatio": -0.0064746949,
        "totalOtherIncomeExpensesNet": 232000,
        "incomeBeforeTax": -177000,
        "incomeBeforeTaxRatio": -0.0028020073,
        "incomeTaxExpense": -548000,
        "netIncome": 371000,
        "netIncomeRatio": 0.005873134,
        "eps": 0.03,
        "epsdiluted": 0.03,
        "weightedAverageShsOut": 12366667,
        "weightedAverageShsOutDil": 12366667,
        "link": "https://www.sec.gov/Archives/edgar/data/1031029/000136231007002739/0001362310-07-002739-index.htm",
        "finalLink": "https://www.sec.gov/Archives/edgar/data/1031029/000136231007002739/c71408e10vq.htm"
    },
    {
        "date": "2007-06-30",
        "symbol": "SRT",
        "reportedCurrency": "USD",
        "cik": "0001031029",
        "fillingDate": "2007-08-08",
        "acceptedDate": "2007-08-08 17:28:02",
        "calendarYear": "2007",
        "period": "Q2",
        "revenue": 58832000,
        "costOfRevenue": 50295000,
        "grossProfit": 8537000,
        "grossProfitRatio": 0.1451081044,
        "researchAndDevelopmentExpenses": 0,
        "generalAndAdministrativeExpenses": 9040000,
        "sellingAndMarketingExpenses": 0,
        "sellingGeneralAndAdministrativeExpenses": 9040000,
        "otherExpenses": 0,
        "operatingExpenses": 9040000,
        "costAndExpenses": 59335000,
        "interestIncome": 143000,
        "interestExpense": 143000,
        "depreciationAndAmortization": 4202000,
        "ebitda": -503000,
        "ebitdaratio": -0.0085497688,
        "operatingIncome": -503000,
        "operatingIncomeRatio": -0.0085497688,
        "totalOtherIncomeExpensesNet": -2875000,
        "incomeBeforeTax": -3378000,
        "incomeBeforeTaxRatio": -0.0574177318,
        "incomeTaxExpense": 65000,
        "netIncome": -3443000,
        "netIncomeRatio": -0.0585225727,
        "eps": -0.23,
        "epsdiluted": -0.23,
        "weightedAverageShsOut": 14969565,
        "weightedAverageShsOutDil": 14969565,
        "link": "https://www.sec.gov/Archives/edgar/data/1031029/000136231007001670/0001362310-07-001670-index.htm",
        "finalLink": "https://www.sec.gov/Archives/edgar/data/1031029/000136231007001670/c70926e10vq.htm"
    },
    {
        "date": "2007-03-31",
        "symbol": "SRT",
        "reportedCurrency": "USD",
        "cik": "0001031029",
        "fillingDate": "2007-05-08",
        "acceptedDate": "2007-05-08 17:13:28",
        "calendarYear": "2007",
        "period": "Q1",
        "revenue": 57647000,
        "costOfRevenue": 48737000,
        "grossProfit": 8910000,
        "grossProfitRatio": 0.1545613822,
        "researchAndDevelopmentExpenses": 0,
        "generalAndAdministrativeExpenses": 9392000,
        "sellingAndMarketingExpenses": 0,
        "sellingGeneralAndAdministrativeExpenses": 9392000,
        "otherExpenses": 0,
        "operatingExpenses": 9392000,
        "costAndExpenses": 58129000,
        "interestIncome": 0,
        "interestExpense": 0,
        "depreciationAndAmortization": 4227000,
        "ebitda": 3745000,
        "ebitdaratio": 0.064964352,
        "operatingIncome": -482000,
        "operatingIncomeRatio": -0.008361233,
        "totalOtherIncomeExpensesNet": 188000,
        "incomeBeforeTax": -294000,
        "incomeBeforeTaxRatio": -0.0051000052,
        "incomeTaxExpense": -105000,
        "netIncome": -189000,
        "netIncomeRatio": -0.0032785748,
        "eps": -0.01,
        "epsdiluted": -0.01,
        "weightedAverageShsOut": 18900000,
        "weightedAverageShsOutDil": 18900000,
        "link": "https://www.sec.gov/Archives/edgar/data/1031029/000136231007000709/0001362310-07-000709-index.htm",
        "finalLink": "https://www.sec.gov/Archives/edgar/data/1031029/000136231007000709/c70482e10vq.htm"
    },
    {
        "date": "2006-12-31",
        "symbol": "SRT",
        "reportedCurrency": "USD",
        "cik": "0001031029",
        "fillingDate": "2007-03-15",
        "acceptedDate": "2007-03-15 13:47:44",
        "calendarYear": "2006",
        "period": "Q4",
        "revenue": 59117000,
        "costOfRevenue": 50666000,
        "grossProfit": 8451000,
        "grossProfitRatio": 0.1429538035,
        "researchAndDevelopmentExpenses": 0,
        "generalAndAdministrativeExpenses": 7752000,
        "sellingAndMarketingExpenses": 0,
        "sellingGeneralAndAdministrativeExpenses": 7752000,
        "otherExpenses": 0,
        "operatingExpenses": 7752000,
        "costAndExpenses": 58418000,
        "interestIncome": 30000,
        "interestExpense": 0,
        "depreciationAndAmortization": 4290000,
        "ebitda": 4989000,
        "ebitdaratio": 0.0843919685,
        "operatingIncome": 699000,
        "operatingIncomeRatio": 0.01182401,
        "totalOtherIncomeExpensesNet": 723000,
        "incomeBeforeTax": 1422000,
        "incomeBeforeTaxRatio": 0.0240539946,
        "incomeTaxExpense": 189000,
        "netIncome": 1233000,
        "netIncomeRatio": 0.0208569447,
        "eps": 0.0652,
        "epsdiluted": 0.0652,
        "weightedAverageShsOut": 18900000,
        "weightedAverageShsOutDil": 18900000,
        "link": "https://www.sec.gov/Archives/edgar/data/1031029/000136231007000275/0001362310-07-000275-index.htm",
        "finalLink": "https://www.sec.gov/Archives/edgar/data/1031029/000136231007000275/c70272e10vk.htm"
    },
    {
        "date": "2006-09-30",
        "symbol": "SRT",
        "reportedCurrency": "USD",
        "cik": "0001031029",
        "fillingDate": "2006-11-09",
        "acceptedDate": "2006-11-09 15:36:17",
        "calendarYear": "2006",
        "period": "Q3",
        "revenue": 61865000,
        "costOfRevenue": 52104000,
        "grossProfit": 9761000,
        "grossProfitRatio": 0.157779035,
        "researchAndDevelopmentExpenses": 0,
        "generalAndAdministrativeExpenses": 7533000,
        "sellingAndMarketingExpenses": 0,
        "sellingGeneralAndAdministrativeExpenses": 7533000,
        "otherExpenses": 0,
        "operatingExpenses": 7533000,
        "costAndExpenses": 59637000,
        "interestIncome": 337000,
        "interestExpense": 0,
        "depreciationAndAmortization": 4315000,
        "ebitda": 6543000,
        "ebitdaratio": 0.1057625475,
        "operatingIncome": 2228000,
        "operatingIncomeRatio": 0.0360139012,
        "totalOtherIncomeExpensesNet": 337000,
        "incomeBeforeTax": 2565000,
        "incomeBeforeTaxRatio": 0.0414612463,
        "incomeTaxExpense": 995000,
        "netIncome": 1570000,
        "netIncomeRatio": 0.0253778388,
        "eps": 0.11,
        "epsdiluted": 0.11,
        "weightedAverageShsOut": 14272727,
        "weightedAverageShsOutDil": 14272727,
        "link": "https://www.sec.gov/Archives/edgar/data/1031029/000136231006000314/0001362310-06-000314-index.htm",
        "finalLink": "https://www.sec.gov/Archives/edgar/data/1031029/000136231006000314/c70070e10vq.htm"
    },
    {
        "date": "2006-06-30",
        "symbol": "SRT",
        "reportedCurrency": "USD",
        "cik": "0001031029",
        "fillingDate": "2006-08-09",
        "acceptedDate": "2006-08-09 15:13:16",
        "calendarYear": "2006",
        "period": "Q2",
        "revenue": 59525000,
        "costOfRevenue": 51321000,
        "grossProfit": 8204000,
        "grossProfitRatio": 0.1378244435,
        "researchAndDevelopmentExpenses": 0,
        "generalAndAdministrativeExpenses": 7389000,
        "sellingAndMarketingExpenses": 0,
        "sellingGeneralAndAdministrativeExpenses": 7389000,
        "otherExpenses": 0,
        "operatingExpenses": 7389000,
        "costAndExpenses": 58710000,
        "interestIncome": 533000,
        "interestExpense": 0,
        "depreciationAndAmortization": 4258000,
        "ebitda": 5073000,
        "ebitdaratio": 0.0852246955,
        "operatingIncome": 815000,
        "operatingIncomeRatio": 0.0136917262,
        "totalOtherIncomeExpensesNet": 533000,
        "incomeBeforeTax": 1348000,
        "incomeBeforeTaxRatio": 0.0226459471,
        "incomeTaxExpense": 523000,
        "netIncome": 825000,
        "netIncomeRatio": 0.0138597228,
        "eps": 0.06,
        "epsdiluted": 0.06,
        "weightedAverageShsOut": 13750000,
        "weightedAverageShsOutDil": 13750000,
        "link": "https://www.sec.gov/Archives/edgar/data/1031029/000103570406000539/0001035704-06-000539-index.htm",
        "finalLink": "https://www.sec.gov/Archives/edgar/data/1031029/000103570406000539/d38647e10vq.htm"
    },
    {
        "date": "2006-03-31",
        "symbol": "SRT",
        "reportedCurrency": "USD",
        "cik": "0001031029",
        "fillingDate": "2006-05-10",
        "acceptedDate": "2006-05-10 15:13:11",
        "calendarYear": "2006",
        "period": "Q1",
        "revenue": 57105000,
        "costOfRevenue": 47333000,
        "grossProfit": 9772000,
        "grossProfitRatio": 0.1711233692,
        "researchAndDevelopmentExpenses": 0,
        "generalAndAdministrativeExpenses": 7573000,
        "sellingAndMarketingExpenses": 0,
        "sellingGeneralAndAdministrativeExpenses": 7573000,
        "otherExpenses": 0,
        "operatingExpenses": 7573000,
        "costAndExpenses": 54906000,
        "interestIncome": 533000,
        "interestExpense": 0,
        "depreciationAndAmortization": 3895000,
        "ebitda": 6094000,
        "ebitdaratio": 0.1067156992,
        "operatingIncome": 2199000,
        "operatingIncomeRatio": 0.0385080116,
        "totalOtherIncomeExpensesNet": 533000,
        "incomeBeforeTax": 2732000,
        "incomeBeforeTaxRatio": 0.0478416951,
        "incomeTaxExpense": 596000,
        "netIncome": 2136000,
        "netIncomeRatio": 0.0374047807,
        "eps": 0.15,
        "epsdiluted": 0.14,
        "weightedAverageShsOut": 14240000,
        "weightedAverageShsOutDil": 15257143,
        "link": "https://www.sec.gov/Archives/edgar/data/1031029/000095013406009430/0000950134-06-009430-index.htm",
        "finalLink": "https://www.sec.gov/Archives/edgar/data/1031029/000095013406009430/d36037e10vq.htm"
    },
    {
        "date": "2005-12-31",
        "symbol": "SRT",
        "reportedCurrency": "USD",
        "cik": "0001031029",
        "fillingDate": "2006-03-16",
        "acceptedDate": "2006-03-16 16:25:42",
        "calendarYear": "2005",
        "period": "Q4",
        "revenue": 58165000,
        "costOfRevenue": 45578000,
        "grossProfit": 12587000,
        "grossProfitRatio": 0.2164016161,
        "researchAndDevelopmentExpenses": 0,
        "generalAndAdministrativeExpenses": 7033000,
        "sellingAndMarketingExpenses": 0,
        "sellingGeneralAndAdministrativeExpenses": 7033000,
        "otherExpenses": 0,
        "operatingExpenses": 7033000,
        "costAndExpenses": 52611000,
        "interestIncome": 0,
        "interestExpense": 0,
        "depreciationAndAmortization": 3620000,
        "ebitda": 9174000,
        "ebitdaratio": 0.157723717,
        "operatingIncome": 5554000,
        "operatingIncomeRatio": 0.0954869767,
        "totalOtherIncomeExpensesNet": 381000,
        "incomeBeforeTax": 5935000,
        "incomeBeforeTaxRatio": 0.1020373077,
        "incomeTaxExpense": 1593000,
        "netIncome": 4397000,
        "netIncomeRatio": 0.0755952893,
        "eps": 0.31,
        "epsdiluted": 0.31,
        "weightedAverageShsOut": 14240000,
        "weightedAverageShsOutDil": 14240000,
        "link": "https://www.sec.gov/Archives/edgar/data/1031029/000095013406005320/0000950134-06-005320-index.htm",
        "finalLink": "https://www.sec.gov/Archives/edgar/data/1031029/000095013406005320/d34065e10vk.htm"
    },
    {
        "date": "2005-09-30",
        "symbol": "SRT",
        "reportedCurrency": "USD",
        "cik": "0001031029",
        "fillingDate": "2005-11-09",
        "acceptedDate": "2005-11-09 16:16:13",
        "calendarYear": "2005",
        "period": "Q3",
        "revenue": 53877000,
        "costOfRevenue": 41353000,
        "grossProfit": 12524000,
        "grossProfitRatio": 0.2324554077,
        "researchAndDevelopmentExpenses": 0,
        "generalAndAdministrativeExpenses": 7190000,
        "sellingAndMarketingExpenses": 0,
        "sellingGeneralAndAdministrativeExpenses": 7190000,
        "otherExpenses": 0,
        "operatingExpenses": 7190000,
        "costAndExpenses": 48543000,
        "interestIncome": 0,
        "interestExpense": 0,
        "depreciationAndAmortization": 3284000,
        "ebitda": 5334000,
        "ebitdaratio": 0.0990032853,
        "operatingIncome": 5334000,
        "operatingIncomeRatio": 0.0990032853,
        "totalOtherIncomeExpensesNet": 1060000,
        "incomeBeforeTax": 6394000,
        "incomeBeforeTaxRatio": 0.1186777289,
        "incomeTaxExpense": 2743000,
        "netIncome": 3174000,
        "netIncomeRatio": 0.0589119661,
        "eps": 0.22,
        "epsdiluted": 0.22,
        "weightedAverageShsOut": 14427273,
        "weightedAverageShsOutDil": 14427273,
        "link": "https://www.sec.gov/Archives/edgar/data/1031029/000103570405000648/0001035704-05-000648-index.htm",
        "finalLink": "https://www.sec.gov/Archives/edgar/data/1031029/000103570405000648/d30168e10vq.htm"
    },
    {
        "date": "2005-06-30",
        "symbol": "SRT",
        "reportedCurrency": "USD",
        "cik": "0001031029",
        "fillingDate": "2005-08-09",
        "acceptedDate": "2005-08-09 16:27:25",
        "calendarYear": "2005",
        "period": "Q2",
        "revenue": 53193000,
        "costOfRevenue": 41617000,
        "grossProfit": 11576000,
        "grossProfitRatio": 0.2176226195,
        "researchAndDevelopmentExpenses": 0,
        "generalAndAdministrativeExpenses": 6717000,
        "sellingAndMarketingExpenses": 0,
        "sellingGeneralAndAdministrativeExpenses": 6717000,
        "otherExpenses": 0,
        "operatingExpenses": 6717000,
        "costAndExpenses": 48334000,
        "interestIncome": 0,
        "interestExpense": 407000,
        "depreciationAndAmortization": 3193000,
        "ebitda": 4859000,
        "ebitdaratio": 0.0913466058,
        "operatingIncome": 4859000,
        "operatingIncomeRatio": 0.0913466058,
        "totalOtherIncomeExpensesNet": -407000,
        "incomeBeforeTax": 4452000,
        "incomeBeforeTaxRatio": 0.0836952231,
        "incomeTaxExpense": 1809000,
        "netIncome": 2643000,
        "netIncomeRatio": 0.0496869889,
        "eps": 0.18,
        "epsdiluted": 0.18,
        "weightedAverageShsOut": 14683333,
        "weightedAverageShsOutDil": 14683333,
        "link": "https://www.sec.gov/Archives/edgar/data/1031029/000095013405015361/0000950134-05-015361-index.htm",
        "finalLink": "https://www.sec.gov/Archives/edgar/data/1031029/000095013405015361/d27848e10vq.htm"
    },
    {
        "date": "2005-03-31",
        "symbol": "SRT",
        "reportedCurrency": "USD",
        "cik": "0001031029",
        "fillingDate": "2005-05-10",
        "acceptedDate": "2005-05-10 17:16:00",
        "calendarYear": "2005",
        "period": "Q1",
        "revenue": 54318000,
        "costOfRevenue": 42592000,
        "grossProfit": 11726000,
        "grossProfitRatio": 0.2158768732,
        "researchAndDevelopmentExpenses": 0,
        "generalAndAdministrativeExpenses": 7881000,
        "sellingAndMarketingExpenses": 0,
        "sellingGeneralAndAdministrativeExpenses": 7881000,
        "otherExpenses": 0,
        "operatingExpenses": 7881000,
        "costAndExpenses": 50473000,
        "interestIncome": 444000,
        "interestExpense": 0,
        "depreciationAndAmortization": 3267000,
        "ebitda": 3845000,
        "ebitdaratio": 0.0707868478,
        "operatingIncome": 3845000,
        "operatingIncomeRatio": 0.0707868478,
        "totalOtherIncomeExpensesNet": 444000,
        "incomeBeforeTax": 4289000,
        "incomeBeforeTaxRatio": 0.0789609338,
        "incomeTaxExpense": 1644000,
        "netIncome": 2645000,
        "netIncomeRatio": 0.0486947237,
        "eps": 0.18,
        "epsdiluted": 0.18,
        "weightedAverageShsOut": 14700000,
        "weightedAverageShsOutDil": 14700000,
        "link": "https://www.sec.gov/Archives/edgar/data/1031029/000103570405000253/0001035704-05-000253-index.htm",
        "finalLink": "https://www.sec.gov/Archives/edgar/data/1031029/000103570405000253/d25158e10vq.htm"
    },
    {
        "date": "2004-12-31",
        "symbol": "SRT",
        "reportedCurrency": "USD",
        "cik": "0001031029",
        "fillingDate": "2005-03-16",
        "acceptedDate": "2005-03-16 16:53:44",
        "calendarYear": "2004",
        "period": "Q4",
        "revenue": 64768000,
        "costOfRevenue": 51796000,
        "grossProfit": 12972000,
        "grossProfitRatio": 0.2002840909,
        "researchAndDevelopmentExpenses": 0,
        "generalAndAdministrativeExpenses": 6623000,
        "sellingAndMarketingExpenses": 0,
        "sellingGeneralAndAdministrativeExpenses": 6623000,
        "otherExpenses": 0,
        "operatingExpenses": 6623000,
        "costAndExpenses": 58419000,
        "interestIncome": 0,
        "interestExpense": 0,
        "depreciationAndAmortization": 3094000,
        "ebitda": 9443000,
        "ebitdaratio": 0.1457973073,
        "operatingIncome": 6349000,
        "operatingIncomeRatio": 0.0980268034,
        "totalOtherIncomeExpensesNet": 966000,
        "incomeBeforeTax": 7315000,
        "incomeBeforeTaxRatio": 0.1129415761,
        "incomeTaxExpense": 2900000,
        "netIncome": 4415000,
        "netIncomeRatio": 0.0681663785,
        "eps": 0.3,
        "epsdiluted": 0.3,
        "weightedAverageShsOut": 14662219,
        "weightedAverageShsOutDil": 14694444,
        "link": "https://www.sec.gov/Archives/edgar/data/1031029/000095013405005256/0000950134-05-005256-index.htm",
        "finalLink": "https://www.sec.gov/Archives/edgar/data/1031029/000095013405005256/d23409e10vk.htm"
    },
    {
        "date": "2004-09-30",
        "symbol": "SRT",
        "reportedCurrency": "USD",
        "cik": "0001031029",
        "fillingDate": "2004-11-09",
        "acceptedDate": "2004-11-09 17:13:22",
        "calendarYear": "2004",
        "period": "Q3",
        "revenue": 66776000,
        "costOfRevenue": 52466000,
        "grossProfit": 14310000,
        "grossProfitRatio": 0.2142985504,
        "researchAndDevelopmentExpenses": 0,
        "generalAndAdministrativeExpenses": 7466000,
        "sellingAndMarketingExpenses": 0,
        "sellingGeneralAndAdministrativeExpenses": 7466000,
        "otherExpenses": 0,
        "operatingExpenses": 7466000,
        "costAndExpenses": 59932000,
        "interestIncome": 0,
        "interestExpense": 0,
        "depreciationAndAmortization": 3088000,
        "ebitda": 6844000,
        "ebitdaratio": 0.1024919133,
        "operatingIncome": 6844000,
        "operatingIncomeRatio": 0.1024919133,
        "totalOtherIncomeExpensesNet": 793000,
        "incomeBeforeTax": 7637000,
        "incomeBeforeTaxRatio": 0.1143674374,
        "incomeTaxExpense": 2677000,
        "netIncome": 3228000,
        "netIncomeRatio": 0.0483407212,
        "eps": 0.22,
        "epsdiluted": 0.22,
        "weightedAverageShsOut": 14672727,
        "weightedAverageShsOutDil": 14672727,
        "link": "https://www.sec.gov/Archives/edgar/data/1031029/000103570404000688/0001035704-04-000688-index.htm",
        "finalLink": "https://www.sec.gov/Archives/edgar/data/1031029/000103570404000688/d19967e10vq.htm"
    },
    {
        "date": "2004-06-30",
        "symbol": "SRT",
        "reportedCurrency": "USD",
        "cik": "0001031029",
        "fillingDate": "2004-08-09",
        "acceptedDate": "2004-08-09 16:23:50",
        "calendarYear": "2004",
        "period": "Q2",
        "revenue": 64204000,
        "costOfRevenue": 47603000,
        "grossProfit": 16601000,
        "grossProfitRatio": 0.2585664445,
        "researchAndDevelopmentExpenses": 0,
        "generalAndAdministrativeExpenses": 7263000,
        "sellingAndMarketingExpenses": 0,
        "sellingGeneralAndAdministrativeExpenses": 7263000,
        "otherExpenses": 0,
        "operatingExpenses": 7263000,
        "costAndExpenses": 54866000,
        "interestIncome": 1134000,
        "interestExpense": 0,
        "depreciationAndAmortization": 3279000,
        "ebitda": 9338000,
        "ebitdaratio": 0.1454426515,
        "operatingIncome": 9338000,
        "operatingIncomeRatio": 0.1454426515,
        "totalOtherIncomeExpensesNet": 1134000,
        "incomeBeforeTax": 10472000,
        "incomeBeforeTaxRatio": 0.1631051025,
        "incomeTaxExpense": 4011000,
        "netIncome": 6461000,
        "netIncomeRatio": 0.1006323594,
        "eps": 0.45,
        "epsdiluted": 0.44,
        "weightedAverageShsOut": 14357778,
        "weightedAverageShsOutDil": 14684091,
        "link": "https://www.sec.gov/Archives/edgar/data/1031029/000103570404000430/0001035704-04-000430-index.htm",
        "finalLink": "https://www.sec.gov/Archives/edgar/data/1031029/000103570404000430/d17378e10vq.htm"
    },
    {
        "date": "2004-03-31",
        "symbol": "SRT",
        "reportedCurrency": "USD",
        "cik": "0001031029",
        "fillingDate": "2004-05-05",
        "acceptedDate": "2004-05-04 21:41:24",
        "calendarYear": "2004",
        "period": "Q1",
        "revenue": 64695000,
        "costOfRevenue": 46346000,
        "grossProfit": 18349000,
        "grossProfitRatio": 0.2836231548,
        "researchAndDevelopmentExpenses": 0,
        "generalAndAdministrativeExpenses": 7824000,
        "sellingAndMarketingExpenses": 0,
        "sellingGeneralAndAdministrativeExpenses": 7824000,
        "otherExpenses": 0,
        "operatingExpenses": 7824000,
        "costAndExpenses": 54170000,
        "interestIncome": 612000,
        "interestExpense": 0,
        "depreciationAndAmortization": 3085000,
        "ebitda": 10525000,
        "ebitdaratio": 0.1626864518,
        "operatingIncome": 10525000,
        "operatingIncomeRatio": 0.1626864518,
        "totalOtherIncomeExpensesNet": 612000,
        "incomeBeforeTax": 11137000,
        "incomeBeforeTaxRatio": 0.1721462246,
        "incomeTaxExpense": 4265000,
        "netIncome": 6872000,
        "netIncomeRatio": 0.1062215009,
        "eps": 0.48,
        "epsdiluted": 0.46,
        "weightedAverageShsOut": 14316667,
        "weightedAverageShsOutDil": 14939130,
        "link": "https://www.sec.gov/Archives/edgar/data/1031029/000095013404006613/0000950134-04-006613-index.htm",
        "finalLink": "https://www.sec.gov/Archives/edgar/data/1031029/000095013404006613/d14998e10vq.htm"
    },
    {
        "date": "2003-12-31",
        "symbol": "SRT",
        "reportedCurrency": "USD",
        "cik": "0001031029",
        "fillingDate": "2004-03-09",
        "acceptedDate": "2004-03-09 06:02:38",
        "calendarYear": "2003",
        "period": "Q4",
        "revenue": 66131000,
        "costOfRevenue": 46852000,
        "grossProfit": 19279000,
        "grossProfitRatio": 0.2915274228,
        "researchAndDevelopmentExpenses": 0,
        "generalAndAdministrativeExpenses": 7790000,
        "sellingAndMarketingExpenses": 0,
        "sellingGeneralAndAdministrativeExpenses": 7790000,
        "otherExpenses": 0,
        "operatingExpenses": 7790000,
        "costAndExpenses": 54642000,
        "interestIncome": 1198000,
        "interestExpense": 0,
        "depreciationAndAmortization": 2567000,
        "ebitda": 14056000,
        "ebitdaratio": 0.2125478217,
        "operatingIncome": 11489000,
        "operatingIncomeRatio": 0.173730928,
        "totalOtherIncomeExpensesNet": 1198000,
        "incomeBeforeTax": 12687000,
        "incomeBeforeTaxRatio": 0.1918464865,
        "incomeTaxExpense": 4720000,
        "netIncome": 7967000,
        "netIncomeRatio": 0.1204730006,
        "eps": 0.55,
        "epsdiluted": 0.55,
        "weightedAverageShsOut": 14256227,
        "weightedAverageShsOutDil": 14358046,
        "link": "https://www.sec.gov/Archives/edgar/data/1031029/000095013404003096/0000950134-04-003096-index.htm",
        "finalLink": "https://www.sec.gov/Archives/edgar/data/1031029/000095013404003096/d13193e10vk.htm"
    },
    {
        "date": "2003-09-30",
        "symbol": "SRT",
        "reportedCurrency": "USD",
        "cik": "0001031029",
        "fillingDate": "2003-11-14",
        "acceptedDate": "2003-11-13 21:02:42",
        "calendarYear": "2003",
        "period": "Q3",
        "revenue": 60002000,
        "costOfRevenue": 44448000,
        "grossProfit": 15554000,
        "grossProfitRatio": 0.2592246925,
        "researchAndDevelopmentExpenses": 0,
        "generalAndAdministrativeExpenses": 7146000,
        "sellingAndMarketingExpenses": 0,
        "sellingGeneralAndAdministrativeExpenses": 7146000,
        "otherExpenses": 0,
        "operatingExpenses": 7146000,
        "costAndExpenses": 51594000,
        "interestIncome": 986000,
        "interestExpense": 0,
        "depreciationAndAmortization": 2729000,
        "ebitda": 8408000,
        "ebitdaratio": 0.1401286624,
        "operatingIncome": 8408000,
        "operatingIncomeRatio": 0.1401286624,
        "totalOtherIncomeExpensesNet": 986000,
        "incomeBeforeTax": 9394000,
        "incomeBeforeTaxRatio": 0.156561448,
        "incomeTaxExpense": 3494000,
        "netIncome": 5900000,
        "netIncomeRatio": 0.0983300557,
        "eps": 0.41,
        "epsdiluted": 0.4,
        "weightedAverageShsOut": 14248378,
        "weightedAverageShsOutDil": 14681052,
        "link": "https://www.sec.gov/Archives/edgar/data/1031029/000104746903037313/0001047469-03-037313-index.htm",
        "finalLink": "https://www.sec.gov/Archives/edgar/data/1031029/000104746903037313/a2122194z10-q.htm"
    },
    {
        "date": "2003-06-30",
        "symbol": "SRT",
        "reportedCurrency": "USD",
        "cik": "0001031029",
        "fillingDate": "2003-08-14",
        "acceptedDate": "2003-08-14 14:39:51",
        "calendarYear": "2003",
        "period": "Q2",
        "revenue": 54528000,
        "costOfRevenue": 41760000,
        "grossProfit": 12768000,
        "grossProfitRatio": 0.2341549296,
        "researchAndDevelopmentExpenses": 0,
        "generalAndAdministrativeExpenses": 7203000,
        "sellingAndMarketingExpenses": 0,
        "sellingGeneralAndAdministrativeExpenses": 7203000,
        "otherExpenses": 0,
        "operatingExpenses": 7203000,
        "costAndExpenses": 48963000,
        "interestIncome": 0,
        "interestExpense": 0,
        "depreciationAndAmortization": 2340000,
        "ebitda": 5565000,
        "ebitdaratio": 0.1020576585,
        "operatingIncome": 5565000,
        "operatingIncomeRatio": 0.1020576585,
        "totalOtherIncomeExpensesNet": 1085000,
        "incomeBeforeTax": 6650000,
        "incomeBeforeTaxRatio": 0.1219556925,
        "incomeTaxExpense": 2473000,
        "netIncome": 4177000,
        "netIncomeRatio": 0.0766028462,
        "eps": 0.29,
        "epsdiluted": 0.29,
        "weightedAverageShsOut": 14209061,
        "weightedAverageShsOutDil": 14501994,
        "link": "https://www.sec.gov/Archives/edgar/data/1031029/000104746903027700/0001047469-03-027700-index.htm",
        "finalLink": "https://www.sec.gov/Archives/edgar/data/1031029/000104746903027700/a2116821z10-q.htm"
    },
    {
        "date": "2003-03-31",
        "symbol": "SRT",
        "reportedCurrency": "USD",
        "cik": "0001031029",
        "fillingDate": "2003-05-13",
        "acceptedDate": "2003-05-13 15:10:59",
        "calendarYear": "2003",
        "period": "Q1",
        "revenue": 50528000,
        "costOfRevenue": 38341000,
        "grossProfit": 12187000,
        "grossProfitRatio": 0.2411930019,
        "researchAndDevelopmentExpenses": 0,
        "generalAndAdministrativeExpenses": 6350000,
        "sellingAndMarketingExpenses": 0,
        "sellingGeneralAndAdministrativeExpenses": 6350000,
        "otherExpenses": 0,
        "operatingExpenses": 6350000,
        "costAndExpenses": 44691000,
        "interestIncome": 0,
        "interestExpense": 0,
        "depreciationAndAmortization": 2409000,
        "ebitda": 5837000,
        "ebitdaratio": 0.1155201077,
        "operatingIncome": 5837000,
        "operatingIncomeRatio": 0.1155201077,
        "totalOtherIncomeExpensesNet": 779000,
        "incomeBeforeTax": 6616000,
        "incomeBeforeTaxRatio": 0.1309373021,
        "incomeTaxExpense": 2462000,
        "netIncome": 4154000,
        "netIncomeRatio": 0.0822118429,
        "eps": 0.29,
        "epsdiluted": 0.29,
        "weightedAverageShsOut": 14203794,
        "weightedAverageShsOutDil": 14479587,
        "link": "https://www.sec.gov/Archives/edgar/data/1031029/000110465903009429/0001104659-03-009429-index.htm",
        "finalLink": "https://www.sec.gov/Archives/edgar/data/1031029/000110465903009429/j0938_10q.htm"
    },
    {
        "date": "2002-12-31",
        "symbol": "SRT",
        "reportedCurrency": "USD",
        "cik": "0001031029",
        "fillingDate": "2003-03-27",
        "acceptedDate": "2003-03-27 17:12:03",
        "calendarYear": "2002",
        "period": "Q4",
        "revenue": 66458000,
        "costOfRevenue": 50975000,
        "grossProfit": 15483000,
        "grossProfitRatio": 0.2329742093,
        "researchAndDevelopmentExpenses": 0,
        "generalAndAdministrativeExpenses": 6429000,
        "sellingAndMarketingExpenses": 0,
        "sellingGeneralAndAdministrativeExpenses": 6429000,
        "otherExpenses": 0,
        "operatingExpenses": 6429000,
        "costAndExpenses": 57404000,
        "interestIncome": 1000000,
        "interestExpense": 0,
        "depreciationAndAmortization": 2338000,
        "ebitda": 11392000,
        "ebitdaratio": 0.1714165338,
        "operatingIncome": 9054000,
        "operatingIncomeRatio": 0.13623642,
        "totalOtherIncomeExpensesNet": -5237000,
        "incomeBeforeTax": 3817000,
        "incomeBeforeTaxRatio": 0.0574347708,
        "incomeTaxExpense": 1153000,
        "netIncome": 2664000,
        "netIncomeRatio": 0.0400854675,
        "eps": 0.19,
        "epsdiluted": 0.19,
        "weightedAverageShsOut": 14188408,
        "weightedAverageShsOutDil": 14203794,
        "link": "https://www.sec.gov/Archives/edgar/data/1031029/000110465903005138/0001104659-03-005138-index.htm",
        "finalLink": "https://www.sec.gov/Archives/edgar/data/1031029/000110465903005138/j8807_10k.htm"
    },
    {
        "date": "2002-09-30",
        "symbol": "SRT",
        "reportedCurrency": "USD",
        "cik": "0001031029",
        "fillingDate": "2002-11-12",
        "acceptedDate": "2002-11-12 16:50:11",
        "calendarYear": "2002",
        "period": "Q3",
        "revenue": 52095000,
        "costOfRevenue": 39016000,
        "grossProfit": 13079000,
        "grossProfitRatio": 0.2510605624,
        "researchAndDevelopmentExpenses": 0,
        "generalAndAdministrativeExpenses": 5834000,
        "sellingAndMarketingExpenses": 0,
        "sellingGeneralAndAdministrativeExpenses": 5834000,
        "otherExpenses": 0,
        "operatingExpenses": 5834000,
        "costAndExpenses": 44850000,
        "interestIncome": 47000,
        "interestExpense": 0,
        "depreciationAndAmortization": 2281000,
        "ebitda": 7245000,
        "ebitdaratio": 0.1390728477,
        "operatingIncome": 7245000,
        "operatingIncomeRatio": 0.1390728477,
        "totalOtherIncomeExpensesNet": 47000,
        "incomeBeforeTax": 7292000,
        "incomeBeforeTaxRatio": 0.1399750456,
        "incomeTaxExpense": 2786000,
        "netIncome": 4506000,
        "netIncomeRatio": 0.0864958249,
        "eps": 0.32,
        "epsdiluted": 0.31,
        "weightedAverageShsOut": 14168463,
        "weightedAverageShsOutDil": 14396454,
        "link": "https://www.sec.gov/Archives/edgar/data/1031029/000091205702042051/0000912057-02-042051-index.htm",
        "finalLink": "https://www.sec.gov/Archives/edgar/data/1031029/000091205702042051/a2093268z10-q.htm"
    },
    {
        "date": "2002-06-30",
        "symbol": "SRT",
        "reportedCurrency": "USD",
        "cik": "0001031029",
        "fillingDate": "2002-08-14",
        "acceptedDate": "2002-08-14 13:41:41",
        "calendarYear": "2002",
        "period": "Q2",
        "revenue": 43350000,
        "costOfRevenue": 32226000,
        "grossProfit": 11124000,
        "grossProfitRatio": 0.2566089965,
        "researchAndDevelopmentExpenses": 0,
        "generalAndAdministrativeExpenses": 5089000,
        "sellingAndMarketingExpenses": 0,
        "sellingGeneralAndAdministrativeExpenses": 5089000,
        "otherExpenses": 0,
        "operatingExpenses": 5089000,
        "costAndExpenses": 37315000,
        "interestIncome": 399000,
        "interestExpense": 0,
        "depreciationAndAmortization": 2369000,
        "ebitda": 6035000,
        "ebitdaratio": 0.1392156863,
        "operatingIncome": 6035000,
        "operatingIncomeRatio": 0.1392156863,
        "totalOtherIncomeExpensesNet": 399000,
        "incomeBeforeTax": 6434000,
        "incomeBeforeTaxRatio": 0.1484198385,
        "incomeTaxExpense": 2458000,
        "netIncome": 3976000,
        "netIncomeRatio": 0.0917185698,
        "eps": 0.28,
        "epsdiluted": 0.28,
        "weightedAverageShsOut": 14118729,
        "weightedAverageShsOutDil": 14410318,
        "link": "https://www.sec.gov/Archives/edgar/data/1031029/000091205702031932/0000912057-02-031932-index.htm",
        "finalLink": "https://www.sec.gov/Archives/edgar/data/1031029/000091205702031932/a2087276z10-q.htm"
    },
    {
        "date": "2002-03-31",
        "symbol": "SRT",
        "reportedCurrency": "USD",
        "cik": "0001031029",
        "fillingDate": "2002-05-15",
        "acceptedDate": "2002-05-15 15:47:00",
        "calendarYear": "2002",
        "period": "Q1",
        "revenue": 45960000,
        "costOfRevenue": 34791000,
        "grossProfit": 11169000,
        "grossProfitRatio": 0.2430156658,
        "researchAndDevelopmentExpenses": 0,
        "generalAndAdministrativeExpenses": 5217000,
        "sellingAndMarketingExpenses": 0,
        "sellingGeneralAndAdministrativeExpenses": 5217000,
        "otherExpenses": 0,
        "operatingExpenses": 5217000,
        "costAndExpenses": 40008000,
        "interestIncome": 578000,
        "interestExpense": 0,
        "depreciationAndAmortization": 2232000,
        "ebitda": 5952000,
        "ebitdaratio": 0.1295039164,
        "operatingIncome": 5952000,
        "operatingIncomeRatio": 0.1295039164,
        "totalOtherIncomeExpensesNet": 578000,
        "incomeBeforeTax": 6530000,
        "incomeBeforeTaxRatio": 0.1420800696,
        "incomeTaxExpense": 2510000,
        "netIncome": 4020000,
        "netIncomeRatio": 0.0874673629,
        "eps": 0.29,
        "epsdiluted": 0.28,
        "weightedAverageShsOut": 14086561,
        "weightedAverageShsOutDil": 14269254,
        "link": "https://www.sec.gov/Archives/edgar/data/1031029/000091205702020752/0000912057-02-020752-index.htm",
        "finalLink": "https://www.sec.gov/Archives/edgar/data/1031029/000091205702020752/a2080221z10-q.htm"
    },
    {
        "date": "2001-12-31",
        "symbol": "SRT",
        "reportedCurrency": "USD",
        "cik": "0001031029",
        "fillingDate": "2002-03-29",
        "acceptedDate": "2002-03-29 00:00:00",
        "calendarYear": "2001",
        "period": "Q4",
        "revenue": 64908000,
        "costOfRevenue": 49260000,
        "grossProfit": 15648000,
        "grossProfitRatio": 0.241079682,
        "researchAndDevelopmentExpenses": 0,
        "generalAndAdministrativeExpenses": 7815000,
        "sellingAndMarketingExpenses": 0,
        "sellingGeneralAndAdministrativeExpenses": 7815000,
        "otherExpenses": 0,
        "operatingExpenses": 7815000,
        "costAndExpenses": 57075000,
        "interestIncome": 797000,
        "interestExpense": 0,
        "depreciationAndAmortization": 2166000,
        "ebitda": -1616000,
        "ebitdaratio": -0.024896777,
        "operatingIncome": 7833000,
        "operatingIncomeRatio": 0.1206784988,
        "totalOtherIncomeExpensesNet": -11615000,
        "incomeBeforeTax": -3782000,
        "incomeBeforeTaxRatio": -0.0582670857,
        "incomeTaxExpense": -1398000,
        "netIncome": -2384000,
        "netIncomeRatio": -0.0367289086,
        "eps": -0.17,
        "epsdiluted": -0.17,
        "weightedAverageShsOut": 14082881,
        "weightedAverageShsOutDil": 14086561,
        "link": "https://www.sec.gov/Archives/edgar/data/1031029/000091205702012710/0000912057-02-012710-index.htm",
        "finalLink": "https://www.sec.gov/Archives/edgar/data/1031029/000091205702012710/a2074922z10-k405.htm"
    },
    {
        "date": "2001-09-30",
        "symbol": "SRT",
        "reportedCurrency": "USD",
        "cik": "0001031029",
        "fillingDate": "2001-11-14",
        "acceptedDate": "2001-11-14 00:00:00",
        "calendarYear": "2001",
        "period": "Q3",
        "revenue": 42893000,
        "costOfRevenue": 32715000,
        "grossProfit": 10178000,
        "grossProfitRatio": 0.2372881356,
        "researchAndDevelopmentExpenses": 0,
        "generalAndAdministrativeExpenses": 6110000,
        "sellingAndMarketingExpenses": 0,
        "sellingGeneralAndAdministrativeExpenses": 6110000,
        "otherExpenses": 0,
        "operatingExpenses": 6110000,
        "costAndExpenses": 38825000,
        "interestIncome": 257000,
        "interestExpense": 0,
        "depreciationAndAmortization": 1810000,
        "ebitda": 5878000,
        "ebitdaratio": 0.1370386776,
        "operatingIncome": 4068000,
        "operatingIncomeRatio": 0.09484065,
        "totalOtherIncomeExpensesNet": 257000,
        "incomeBeforeTax": 4325000,
        "incomeBeforeTaxRatio": 0.1008323036,
        "incomeTaxExpense": 1650000,
        "netIncome": 2675000,
        "netIncomeRatio": 0.0623644884,
        "eps": 0.19,
        "epsdiluted": 0.19,
        "weightedAverageShsOut": 14061337,
        "weightedAverageShsOutDil": 14338413,
        "link": "https://www.sec.gov/Archives/edgar/data/1031029/000095013401508584/0000950134-01-508584-index.htm",
        "finalLink": "https://www.sec.gov/Archives/edgar/data/1031029/000095013401508584/d92100e10-q.txt"
    },
    {
        "date": "2001-06-30",
        "symbol": "SRT",
        "reportedCurrency": "USD",
        "cik": "0001031029",
        "fillingDate": "2001-08-14",
        "acceptedDate": "2001-08-14 00:00:00",
        "calendarYear": "2001",
        "period": "Q2",
        "revenue": 42342000,
        "costOfRevenue": 31965000,
        "grossProfit": 10377000,
        "grossProfitRatio": 0.2450758113,
        "researchAndDevelopmentExpenses": 0,
        "generalAndAdministrativeExpenses": 6211000,
        "sellingAndMarketingExpenses": 0,
        "sellingGeneralAndAdministrativeExpenses": 6211000,
        "otherExpenses": 0,
        "operatingExpenses": 6211000,
        "costAndExpenses": 38176000,
        "interestIncome": 1600000,
        "interestExpense": 0,
        "depreciationAndAmortization": 1468000,
        "ebitda": 5634000,
        "ebitdaratio": 0.1330593737,
        "operatingIncome": 4166000,
        "operatingIncomeRatio": 0.0983893061,
        "totalOtherIncomeExpensesNet": 1600000,
        "incomeBeforeTax": 5766000,
        "incomeBeforeTaxRatio": 0.1361768457,
        "incomeTaxExpense": 2179000,
        "netIncome": 3587000,
        "netIncomeRatio": 0.0847149402,
        "eps": 0.26,
        "epsdiluted": 0.25,
        "weightedAverageShsOut": 14035404,
        "weightedAverageShsOutDil": 14115537,
        "link": "https://www.sec.gov/Archives/edgar/data/1031029/000095013401505461/0000950134-01-505461-index.htm",
        "finalLink": "https://www.sec.gov/Archives/edgar/data/1031029/000095013401505461/d89453e10-q.txt"
    },
    {
        "date": "2001-03-31",
        "symbol": "SRT",
        "reportedCurrency": "USD",
        "cik": "0001031029",
        "fillingDate": "2001-05-14",
        "acceptedDate": "2001-05-14 00:00:00",
        "calendarYear": "2001",
        "period": "Q1",
        "revenue": 32432000,
        "costOfRevenue": 22228000,
        "grossProfit": 10204000,
        "grossProfitRatio": 0.3146275284,
        "researchAndDevelopmentExpenses": 0,
        "generalAndAdministrativeExpenses": 5802000,
        "sellingAndMarketingExpenses": 0,
        "sellingGeneralAndAdministrativeExpenses": 5802000,
        "otherExpenses": 0,
        "operatingExpenses": 5802000,
        "costAndExpenses": 28030000,
        "interestIncome": 1665000,
        "interestExpense": 0,
        "depreciationAndAmortization": 1454000,
        "ebitda": 8896000,
        "ebitdaratio": 0.2742969906,
        "operatingIncome": 2948000,
        "operatingIncomeRatio": 0.0908978786,
        "totalOtherIncomeExpensesNet": -1375000,
        "incomeBeforeTax": 1573000,
        "incomeBeforeTaxRatio": 0.04850148,
        "incomeTaxExpense": 580000,
        "netIncome": 993000,
        "netIncomeRatio": 0.0306179082,
        "eps": 0.07,
        "epsdiluted": 0.07,
        "weightedAverageShsOut": 14034015,
        "weightedAverageShsOutDil": 14064808,
        "link": "https://www.sec.gov/Archives/edgar/data/1031029/000095013401501721/0000950134-01-501721-index.htm",
        "finalLink": "https://www.sec.gov/Archives/edgar/data/1031029/000095013401501721/d86943e10-q.txt"
    },
    {
        "date": "2000-12-31",
        "symbol": "SRT",
        "reportedCurrency": "USD",
        "cik": "0001031029",
        "fillingDate": "2001-03-29",
        "acceptedDate": "2001-03-29 00:00:00",
        "calendarYear": "2000",
        "period": "Q4",
        "revenue": 57983000,
        "costOfRevenue": 42451000,
        "grossProfit": 15532000,
        "grossProfitRatio": 0.2678716175,
        "researchAndDevelopmentExpenses": 0,
        "generalAndAdministrativeExpenses": 5625000,
        "sellingAndMarketingExpenses": 0,
        "sellingGeneralAndAdministrativeExpenses": 5625000,
        "otherExpenses": 1819000,
        "operatingExpenses": 7444000,
        "costAndExpenses": 49895000,
        "interestIncome": 1521000,
        "interestExpense": 0,
        "depreciationAndAmortization": 1819000,
        "ebitda": 9907000,
        "ebitdaratio": 0.1708604246,
        "operatingIncome": 8088000,
        "operatingIncomeRatio": 0.1394891606,
        "totalOtherIncomeExpensesNet": 1521000,
        "incomeBeforeTax": 9609000,
        "incomeBeforeTaxRatio": 0.1657209872,
        "incomeTaxExpense": 3535000,
        "netIncome": 6074000,
        "netIncomeRatio": 0.1047548419,
        "eps": 0.43,
        "epsdiluted": 0.43,
        "weightedAverageShsOut": 14033339,
        "weightedAverageShsOutDil": 14034015,
        "link": "https://www.sec.gov/Archives/edgar/data/1031029/000103570401000277/0001035704-01-000277-index.htm",
        "finalLink": "https://www.sec.gov/Archives/edgar/data/1031029/000103570401000277/d84611e10-k405.txt"
    },
    {
        "date": "2000-09-30",
        "symbol": "SRT",
        "reportedCurrency": "USD",
        "cik": "0001031029",
        "fillingDate": "2000-11-14",
        "acceptedDate": "2000-11-14 00:00:00",
        "calendarYear": "2000",
        "period": "Q3",
        "revenue": 51510000,
        "costOfRevenue": 38384000,
        "grossProfit": 13126000,
        "grossProfitRatio": 0.254824306,
        "researchAndDevelopmentExpenses": 0,
        "generalAndAdministrativeExpenses": 5284000,
        "sellingAndMarketingExpenses": 0,
        "sellingGeneralAndAdministrativeExpenses": 5284000,
        "otherExpenses": 1293000,
        "operatingExpenses": 6577000,
        "costAndExpenses": 44961000,
        "interestIncome": 1316000,
        "interestExpense": 0,
        "depreciationAndAmortization": 1293000,
        "ebitda": 7842000,
        "ebitdaratio": 0.1522422831,
        "operatingIncome": 6549000,
        "operatingIncomeRatio": 0.1271403611,
        "totalOtherIncomeExpensesNet": 1316000,
        "incomeBeforeTax": 7865000,
        "incomeBeforeTaxRatio": 0.1526887983,
        "incomeTaxExpense": 2918000,
        "netIncome": 4947000,
        "netIncomeRatio": 0.096039604,
        "eps": 0.35,
        "epsdiluted": 0.35,
        "weightedAverageShsOut": 14031771,
        "weightedAverageShsOutDil": 14292144,
        "link": "https://www.sec.gov/Archives/edgar/data/1031029/000095013400009681/0000950134-00-009681-index.htm",
        "finalLink": "https://www.sec.gov/Archives/edgar/data/1031029/000095013400009681/d81411e10-q.txt"
    },
    {
        "date": "2000-06-30",
        "symbol": "SRT",
        "reportedCurrency": "USD",
        "cik": "0001031029",
        "fillingDate": "2000-08-14",
        "acceptedDate": "2000-08-14 00:00:00",
        "calendarYear": "2000",
        "period": "Q2",
        "revenue": 41589000,
        "costOfRevenue": 31224000,
        "grossProfit": 10365000,
        "grossProfitRatio": 0.2492245546,
        "researchAndDevelopmentExpenses": 0,
        "generalAndAdministrativeExpenses": 4857000,
        "sellingAndMarketingExpenses": 0,
        "sellingGeneralAndAdministrativeExpenses": 4857000,
        "otherExpenses": 0,
        "operatingExpenses": 4857000,
        "costAndExpenses": 36081000,
        "interestIncome": 0,
        "interestExpense": 0,
        "depreciationAndAmortization": 1238000,
        "ebitda": 6746000,
        "ebitdaratio": 0.1622063526,
        "operatingIncome": 5508000,
        "operatingIncomeRatio": 0.132438866,
        "totalOtherIncomeExpensesNet": 1102000,
        "incomeBeforeTax": 6610000,
        "incomeBeforeTaxRatio": 0.1589362572,
        "incomeTaxExpense": 2452000,
        "netIncome": 4158000,
        "netIncomeRatio": 0.0999783597,
        "eps": 0.3,
        "epsdiluted": 0.29,
        "weightedAverageShsOut": 13860000,
        "weightedAverageShsOutDil": 14337931,
        "link": "https://www.sec.gov/Archives/edgar/data/1031029/000095013400007014/0000950134-00-007014-index.htm",
        "finalLink": "https://www.sec.gov/Archives/edgar/data/1031029/000095013400007014/e10-q.txt"
    },
    {
        "date": "2000-03-31",
        "symbol": "SRT",
        "reportedCurrency": "USD",
        "cik": "0001031029",
        "fillingDate": "2000-05-15",
        "acceptedDate": "2000-05-15 00:00:00",
        "calendarYear": "2000",
        "period": "Q1",
        "revenue": 49668000,
        "costOfRevenue": 37325000,
        "grossProfit": 12343000,
        "grossProfitRatio": 0.2485101071,
        "researchAndDevelopmentExpenses": 0,
        "generalAndAdministrativeExpenses": 5185000,
        "sellingAndMarketingExpenses": 0,
        "sellingGeneralAndAdministrativeExpenses": 5185000,
        "otherExpenses": 1132000,
        "operatingExpenses": 6317000,
        "costAndExpenses": 43642000,
        "interestIncome": 716000,
        "interestExpense": 0,
        "depreciationAndAmortization": 1132000,
        "ebitda": 7158000,
        "ebitdaratio": 0.1441169365,
        "operatingIncome": 6026000,
        "operatingIncomeRatio": 0.121325602,
        "totalOtherIncomeExpensesNet": 716000,
        "incomeBeforeTax": 6742000,
        "incomeBeforeTaxRatio": 0.1357413224,
        "incomeTaxExpense": 2501000,
        "netIncome": 4241000,
        "netIncomeRatio": 0.0853869695,
        "eps": 0.3,
        "epsdiluted": 0.3,
        "weightedAverageShsOut": 14136667,
        "weightedAverageShsOutDil": 14136667,
        "link": "https://www.sec.gov/Archives/edgar/data/1031029/000095013400004546/0000950134-00-004546-index.html",
        "finalLink": "https://www.sec.gov/Archives/edgar/data/1031029/000095013400004546/"
    },
    {
        "date": "1999-12-31",
        "symbol": "SRT",
        "reportedCurrency": "USD",
        "cik": "0001031029",
        "fillingDate": "2000-03-08",
        "acceptedDate": "2000-03-08 00:00:00",
        "calendarYear": "1999",
        "period": "Q4",
        "revenue": 66300000,
        "costOfRevenue": 52600000,
        "grossProfit": 13700000,
        "grossProfitRatio": 0.2066365008,
        "researchAndDevelopmentExpenses": 0,
        "generalAndAdministrativeExpenses": 5100000,
        "sellingAndMarketingExpenses": 0,
        "sellingGeneralAndAdministrativeExpenses": 5100000,
        "otherExpenses": 1300000,
        "operatingExpenses": 6400000,
        "costAndExpenses": 59000000,
        "interestIncome": 0,
        "interestExpense": 0,
        "depreciationAndAmortization": 1300000,
        "ebitda": 8600000,
        "ebitdaratio": 0.1297134238,
        "operatingIncome": 7300000,
        "operatingIncomeRatio": 0.1101055807,
        "totalOtherIncomeExpensesNet": 800000,
        "incomeBeforeTax": 8100000,
        "incomeBeforeTaxRatio": 0.1221719457,
        "incomeTaxExpense": 3100000,
        "netIncome": 5000000,
        "netIncomeRatio": 0.0754147813,
        "eps": 0.35,
        "epsdiluted": 0.35,
        "weightedAverageShsOut": 14136667,
        "weightedAverageShsOutDil": 14136667,
        "link": "https://www.sec.gov/Archives/edgar/data/1031029/000095013400001723/0000950134-00-001723-index.html",
        "finalLink": "https://www.sec.gov/Archives/edgar/data/1031029/000095013400001723/"
    },
    {
        "date": "1999-09-30",
        "symbol": "SRT",
        "reportedCurrency": "USD",
        "cik": "0001031029",
        "fillingDate": "1999-11-15",
        "acceptedDate": "1999-11-15 00:00:00",
        "calendarYear": "1999",
        "period": "Q3",
        "revenue": 52300000,
        "costOfRevenue": 41100000,
        "grossProfit": 11200000,
        "grossProfitRatio": 0.2141491396,
        "researchAndDevelopmentExpenses": 0,
        "generalAndAdministrativeExpenses": 5600000,
        "sellingAndMarketingExpenses": 0,
        "sellingGeneralAndAdministrativeExpenses": 5600000,
        "otherExpenses": 1500000,
        "operatingExpenses": 7100000,
        "costAndExpenses": 48200000,
        "interestIncome": 800000,
        "interestExpense": 0,
        "depreciationAndAmortization": 1500000,
        "ebitda": 5600000,
        "ebitdaratio": 0.1070745698,
        "operatingIncome": 4100000,
        "operatingIncomeRatio": 0.0783938815,
        "totalOtherIncomeExpensesNet": 700000,
        "incomeBeforeTax": 4800000,
        "incomeBeforeTaxRatio": 0.0917782027,
        "incomeTaxExpense": 1800000,
        "netIncome": 3000000,
        "netIncomeRatio": 0.0573613767,
        "eps": 0.22,
        "epsdiluted": 0.21,
        "weightedAverageShsOut": 13636364,
        "weightedAverageShsOutDil": 14285714,
        "link": "https://www.sec.gov/Archives/edgar/data/1031029/000095013499010144/0000950134-99-010144-index.html",
        "finalLink": "https://www.sec.gov/Archives/edgar/data/1031029/000095013499010144/"
    },
    {
        "date": "1999-06-30",
        "symbol": "SRT",
        "reportedCurrency": "USD",
        "cik": "0001031029",
        "fillingDate": "1999-08-16",
        "acceptedDate": "1999-08-16 00:00:00",
        "calendarYear": "1999",
        "period": "Q2",
        "revenue": 45700000,
        "costOfRevenue": 36200000,
        "grossProfit": 9500000,
        "grossProfitRatio": 0.2078774617,
        "researchAndDevelopmentExpenses": 0,
        "generalAndAdministrativeExpenses": 5200000,
        "sellingAndMarketingExpenses": 0,
        "sellingGeneralAndAdministrativeExpenses": 5200000,
        "otherExpenses": 1000000,
        "operatingExpenses": 6200000,
        "costAndExpenses": 42400000,
        "interestIncome": 0,
        "interestExpense": 0,
        "depreciationAndAmortization": 1000000,
        "ebitda": 3600000,
        "ebitdaratio": 0.0787746171,
        "operatingIncome": 3300000,
        "operatingIncomeRatio": 0.0722100656,
        "totalOtherIncomeExpensesNet": 700000,
        "incomeBeforeTax": 4000000,
        "incomeBeforeTaxRatio": 0.0875273523,
        "incomeTaxExpense": 1500000,
        "netIncome": 2500000,
        "netIncomeRatio": 0.0547045952,
        "eps": 0.18,
        "epsdiluted": 0.18,
        "weightedAverageShsOut": 13832000,
        "weightedAverageShsOutDil": 13832000,
        "link": "https://www.sec.gov/Archives/edgar/data/1031029/000095013499007530/0000950134-99-007530-index.html",
        "finalLink": "https://www.sec.gov/Archives/edgar/data/1031029/000095013499007530/"
    },
    {
        "date": "1999-03-31",
        "symbol": "SRT",
        "reportedCurrency": "USD",
        "cik": "0001031029",
        "fillingDate": "1999-05-17",
        "acceptedDate": "1999-05-17 00:00:00",
        "calendarYear": "1999",
        "period": "Q1",
        "revenue": 40900000,
        "costOfRevenue": 32300000,
        "grossProfit": 8600000,
        "grossProfitRatio": 0.2102689487,
        "researchAndDevelopmentExpenses": 0,
        "generalAndAdministrativeExpenses": 4400000,
        "sellingAndMarketingExpenses": 0,
        "sellingGeneralAndAdministrativeExpenses": 4400000,
        "otherExpenses": 900000,
        "operatingExpenses": 5300000,
        "costAndExpenses": 37600000,
        "interestIncome": 0,
        "interestExpense": 0,
        "depreciationAndAmortization": 900000,
        "ebitda": 3600000,
        "ebitdaratio": 0.0880195599,
        "operatingIncome": 3300000,
        "operatingIncomeRatio": 0.0806845966,
        "totalOtherIncomeExpensesNet": 500000,
        "incomeBeforeTax": 3800000,
        "incomeBeforeTaxRatio": 0.0929095355,
        "incomeTaxExpense": 1400000,
        "netIncome": 2400000,
        "netIncomeRatio": 0.0586797066,
        "eps": 0.18,
        "epsdiluted": 0.18,
        "weightedAverageShsOut": 13333333,
        "weightedAverageShsOutDil": 13333333,
        "link": "https://www.sec.gov/Archives/edgar/data/1031029/000095013499004385/0000950134-99-004385-index.html",
        "finalLink": "https://www.sec.gov/Archives/edgar/data/1031029/"
    },
    {
        "date": "1998-12-31",
        "symbol": "SRT",
        "reportedCurrency": "USD",
        "cik": "0001031029",
        "fillingDate": "1999-03-31",
        "acceptedDate": "1999-03-31 00:00:00",
        "calendarYear": "1998",
        "period": "Q4",
        "revenue": 60400000,
        "costOfRevenue": 48600000,
        "grossProfit": 11800000,
        "grossProfitRatio": 0.1953642384,
        "researchAndDevelopmentExpenses": 0,
        "generalAndAdministrativeExpenses": 5200000,
        "sellingAndMarketingExpenses": 0,
        "sellingGeneralAndAdministrativeExpenses": 5200000,
        "otherExpenses": 900000,
        "operatingExpenses": 6100000,
        "costAndExpenses": 54700000,
        "interestIncome": 0,
        "interestExpense": 0,
        "depreciationAndAmortization": 900000,
        "ebitda": 6000000,
        "ebitdaratio": 0.0993377483,
        "operatingIncome": 5700000,
        "operatingIncomeRatio": 0.0943708609,
        "totalOtherIncomeExpensesNet": 500000,
        "incomeBeforeTax": 6200000,
        "incomeBeforeTaxRatio": 0.1026490066,
        "incomeTaxExpense": 2300000,
        "netIncome": 3900000,
        "netIncomeRatio": 0.0645695364,
        "eps": 0.29,
        "epsdiluted": 0.29,
        "weightedAverageShsOut": 13333333,
        "weightedAverageShsOutDil": 13333333,
        "link": "https://www.sec.gov/Archives/edgar/data/1031029/000095013499002340/0000950134-99-002340-index.html",
        "finalLink": "https://www.sec.gov/Archives/edgar/data/1031029/"
    },
    {
        "date": "1998-09-30",
        "symbol": "SRT",
        "reportedCurrency": "USD",
        "cik": "0001031029",
        "fillingDate": "1998-11-16",
        "acceptedDate": "1998-11-16 00:00:00",
        "calendarYear": "1998",
        "period": "Q3",
        "revenue": 31600000,
        "costOfRevenue": 25000000,
        "grossProfit": 6600000,
        "grossProfitRatio": 0.2088607595,
        "researchAndDevelopmentExpenses": 0,
        "generalAndAdministrativeExpenses": 3500000,
        "sellingAndMarketingExpenses": 0,
        "sellingGeneralAndAdministrativeExpenses": 3500000,
        "otherExpenses": 800000,
        "operatingExpenses": 4300000,
        "costAndExpenses": 29300000,
        "interestIncome": 0,
        "interestExpense": 0,
        "depreciationAndAmortization": 800000,
        "ebitda": 2700000,
        "ebitdaratio": 0.085443038,
        "operatingIncome": 2300000,
        "operatingIncomeRatio": 0.0727848101,
        "totalOtherIncomeExpensesNet": 500000,
        "incomeBeforeTax": 2800000,
        "incomeBeforeTaxRatio": 0.0886075949,
        "incomeTaxExpense": 1000000,
        "netIncome": 1800000,
        "netIncomeRatio": 0.0569620253,
        "eps": 0.13,
        "epsdiluted": 0.13,
        "weightedAverageShsOut": 13846154,
        "weightedAverageShsOutDil": 13846154,
        "link": "https://www.sec.gov/Archives/edgar/data/1031029/000095013498009028/0000950134-98-009028-index.html",
        "finalLink": "https://www.sec.gov/Archives/edgar/data/1031029/"
    },
    {
        "date": "1998-06-30",
        "symbol": "SRT",
        "reportedCurrency": "USD",
        "cik": "0001031029",
        "fillingDate": "1998-08-14",
        "acceptedDate": "1998-08-14 00:00:00",
        "calendarYear": "1998",
        "period": "Q2",
        "revenue": 24700000,
        "costOfRevenue": 19400000,
        "grossProfit": 5300000,
        "grossProfitRatio": 0.2145748988,
        "researchAndDevelopmentExpenses": 0,
        "generalAndAdministrativeExpenses": 3300000,
        "sellingAndMarketingExpenses": 0,
        "sellingGeneralAndAdministrativeExpenses": 3300000,
        "otherExpenses": 600000,
        "operatingExpenses": 3900000,
        "costAndExpenses": 23300000,
        "interestIncome": 0,
        "interestExpense": 0,
        "depreciationAndAmortization": 600000,
        "ebitda": 1300000,
        "ebitdaratio": 0.0526315789,
        "operatingIncome": 1400000,
        "operatingIncomeRatio": 0.0566801619,
        "totalOtherIncomeExpensesNet": 700000,
        "incomeBeforeTax": 2100000,
        "incomeBeforeTaxRatio": 0.0850202429,
        "incomeTaxExpense": 800000,
        "netIncome": 1300000,
        "netIncomeRatio": 0.0526315789,
        "eps": 0.1,
        "epsdiluted": 0.1,
        "weightedAverageShsOut": 13000000,
        "weightedAverageShsOutDil": 13000000,
        "link": "https://www.sec.gov/Archives/edgar/data/1031029/000095013498006951/0000950134-98-006951-index.html",
        "finalLink": "https://www.sec.gov/Archives/edgar/data/1031029/"
    },
    {
        "date": "1998-03-31",
        "symbol": "SRT",
        "reportedCurrency": "USD",
        "cik": "0001031029",
        "fillingDate": "1998-05-14",
        "acceptedDate": "1998-05-14 00:00:00",
        "calendarYear": "1998",
        "period": "Q1",
        "revenue": 24300000,
        "costOfRevenue": 19200000,
        "grossProfit": 5100000,
        "grossProfitRatio": 0.2098765432,
        "researchAndDevelopmentExpenses": 0,
        "generalAndAdministrativeExpenses": 2700000,
        "sellingAndMarketingExpenses": 0,
        "sellingGeneralAndAdministrativeExpenses": 2700000,
        "otherExpenses": 600000,
        "operatingExpenses": 3300000,
        "costAndExpenses": 22500000,
        "interestIncome": 0,
        "interestExpense": 0,
        "depreciationAndAmortization": 600000,
        "ebitda": 1900000,
        "ebitdaratio": 0.0781893004,
        "operatingIncome": 1800000,
        "operatingIncomeRatio": 0.0740740741,
        "totalOtherIncomeExpensesNet": 600000,
        "incomeBeforeTax": 2400000,
        "incomeBeforeTaxRatio": 0.0987654321,
        "incomeTaxExpense": 900000,
        "netIncome": 1500000,
        "netIncomeRatio": 0.0617283951,
        "eps": 0.11,
        "epsdiluted": 0.11,
        "weightedAverageShsOut": 13636364,
        "weightedAverageShsOutDil": 13636364,
        "link": "https://www.sec.gov/Archives/edgar/data/1031029/000095013498004361/0000950134-98-004361-index.html",
        "finalLink": "https://www.sec.gov/Archives/edgar/data/1031029/"
    },
    {
        "date": "1997-12-31",
        "symbol": "SRT",
        "reportedCurrency": "USD",
        "cik": "0001031029",
        "fillingDate": "1998-03-31",
        "acceptedDate": "1998-03-31 00:00:00",
        "calendarYear": "1997",
        "period": "Q4",
        "revenue": 36200000,
        "costOfRevenue": 29800000,
        "grossProfit": 6400000,
        "grossProfitRatio": 0.1767955801,
        "researchAndDevelopmentExpenses": 0,
        "generalAndAdministrativeExpenses": 2400000,
        "sellingAndMarketingExpenses": 0,
        "sellingGeneralAndAdministrativeExpenses": 2400000,
        "otherExpenses": 600000,
        "operatingExpenses": 3000000,
        "costAndExpenses": 32800000,
        "interestIncome": 0,
        "interestExpense": 0,
        "depreciationAndAmortization": 600000,
        "ebitda": 3500000,
        "ebitdaratio": 0.0966850829,
        "operatingIncome": 3400000,
        "operatingIncomeRatio": 0.0939226519,
        "totalOtherIncomeExpensesNet": 500000,
        "incomeBeforeTax": 3900000,
        "incomeBeforeTaxRatio": 0.1077348066,
        "incomeTaxExpense": 1400000,
        "netIncome": 2500000,
        "netIncomeRatio": 0.0690607735,
        "eps": 0.18,
        "epsdiluted": 0.18,
        "weightedAverageShsOut": 13636364,
        "weightedAverageShsOutDil": 13636364,
        "link": "https://www.sec.gov/Archives/edgar/data/1031029/000095013498002763/0000950134-98-002763-index.html",
        "finalLink": "https://www.sec.gov/Archives/edgar/data/1031029/"
    },
    {
        "date": "1997-09-30",
        "symbol": "SRT",
        "reportedCurrency": "USD",
        "cik": "0001031029",
        "fillingDate": "1997-11-13",
        "acceptedDate": "1997-11-13 00:00:00",
        "calendarYear": "1997",
        "period": "Q3",
        "revenue": 20200000,
        "costOfRevenue": 16000000,
        "grossProfit": 4200000,
        "grossProfitRatio": 0.2079207921,
        "researchAndDevelopmentExpenses": 0,
        "generalAndAdministrativeExpenses": 2100000,
        "sellingAndMarketingExpenses": 0,
        "sellingGeneralAndAdministrativeExpenses": 2100000,
        "otherExpenses": 300000,
        "operatingExpenses": 2400000,
        "costAndExpenses": 18400000,
        "interestIncome": 0,
        "interestExpense": 0,
        "depreciationAndAmortization": 300000,
        "ebitda": 1600000,
        "ebitdaratio": 0.0792079208,
        "operatingIncome": 1800000,
        "operatingIncomeRatio": 0.0891089109,
        "totalOtherIncomeExpensesNet": 600000,
        "incomeBeforeTax": 2400000,
        "incomeBeforeTaxRatio": 0.1188118812,
        "incomeTaxExpense": 900000,
        "netIncome": 1500000,
        "netIncomeRatio": 0.0742574257,
        "eps": 0.11,
        "epsdiluted": 0.11,
        "weightedAverageShsOut": 13636364,
        "weightedAverageShsOutDil": 13636364,
        "link": "https://www.sec.gov/Archives/edgar/data/1031029/000103570497000372/0001035704-97-000372-index.html",
        "finalLink": "https://www.sec.gov/Archives/edgar/data/1031029/"
    },
    {
        "date": "1997-06-30",
        "symbol": "SRT",
        "reportedCurrency": "USD",
        "cik": "0001031029",
        "fillingDate": "1997-08-14",
        "acceptedDate": "1997-08-14 00:00:00",
        "calendarYear": "1997",
        "period": "Q2",
        "revenue": 16100000,
        "costOfRevenue": 11600000,
        "grossProfit": 4500000,
        "grossProfitRatio": 0.2795031056,
        "researchAndDevelopmentExpenses": 0,
        "generalAndAdministrativeExpenses": 0,
        "sellingAndMarketingExpenses": 0,
        "sellingGeneralAndAdministrativeExpenses": 2000000,
        "otherExpenses": 900000,
        "operatingExpenses": 2900000,
        "costAndExpenses": 14500000,
        "interestIncome": 0,
        "interestExpense": 100000,
        "depreciationAndAmortization": 900000,
        "ebitda": 2500000,
        "ebitdaratio": 0.1552795031,
        "operatingIncome": 1600000,
        "operatingIncomeRatio": 0.099378882,
        "totalOtherIncomeExpensesNet": -100000,
        "incomeBeforeTax": 1500000,
        "incomeBeforeTaxRatio": 0.0931677019,
        "incomeTaxExpense": 600000,
        "netIncome": 900000,
        "netIncomeRatio": 0.0559006211,
        "eps": 0.08,
        "epsdiluted": 0.08,
        "weightedAverageShsOut": 11250000,
        "weightedAverageShsOutDil": 11250000,
        "link": "https://www.sec.gov/Archives/edgar/data/1031029/000091205797027944/0000912057-97-027944-index.html",
        "finalLink": "https://www.sec.gov/Archives/edgar/data/1031029/"
    },
    {
        "date": "1997-03-31",
        "symbol": "SRT",
        "reportedCurrency": "USD",
        "cik": "0001031029",
        "fillingDate": "1997-03-31",
        "acceptedDate": "1997-03-30 19:00:00",
        "calendarYear": "1997",
        "period": "Q1",
        "revenue": 16600000,
        "costOfRevenue": 0,
        "grossProfit": 16600000,
        "grossProfitRatio": 1,
        "researchAndDevelopmentExpenses": 0,
        "generalAndAdministrativeExpenses": 0,
        "sellingAndMarketingExpenses": 0,
        "sellingGeneralAndAdministrativeExpenses": 0,
        "otherExpenses": 0,
        "operatingExpenses": 0,
        "costAndExpenses": 0,
        "interestIncome": 0,
        "interestExpense": 0,
        "depreciationAndAmortization": 0,
        "ebitda": 16600000,
        "ebitdaratio": 1,
        "operatingIncome": 16600000,
        "operatingIncomeRatio": 1,
        "totalOtherIncomeExpensesNet": 0,
        "incomeBeforeTax": 0,
        "incomeBeforeTaxRatio": 0,
        "incomeTaxExpense": -1100000,
        "netIncome": 1100000,
        "netIncomeRatio": 0.0662650602,
        "eps": 0.09,
        "epsdiluted": 0.09,
        "weightedAverageShsOut": 12222222,
        "weightedAverageShsOutDil": 12222222,
        "link": "",
        "finalLink": ""
    }
]