[
    {
        "date": "2025-06-30",
        "symbol": "SSP",
        "reportedCurrency": "USD",
        "cik": "0000832428",
        "fillingDate": "2025-08-08",
        "acceptedDate": "2025-08-08 12:52:09",
        "calendarYear": "2025",
        "period": "Q2",
        "revenue": 540080000,
        "costOfRevenue": 313689000,
        "grossProfit": 226391000,
        "grossProfitRatio": 0.4191804918,
        "researchAndDevelopmentExpenses": 0,
        "generalAndAdministrativeExpenses": 0,
        "sellingAndMarketingExpenses": 335530000,
        "sellingGeneralAndAdministrativeExpenses": 143386000,
        "otherExpenses": 6401000,
        "operatingExpenses": 149787000,
        "costAndExpenses": 463476000,
        "interestIncome": 0,
        "interestExpense": 58653000,
        "depreciationAndAmortization": 37198000,
        "ebitda": 70739000,
        "ebitdaratio": 0.1309787439,
        "operatingIncome": 76604000,
        "operatingIncomeRatio": 0.1418382462,
        "totalOtherIncomeExpensesNet": 0,
        "incomeBeforeTax": -25112000,
        "incomeBeforeTaxRatio": -0.0464968153,
        "incomeTaxExpense": 10850000,
        "netIncome": -35962000,
        "netIncomeRatio": -0.0665864316,
        "eps": -0.59,
        "epsdiluted": -0.59,
        "weightedAverageShsOut": 87925000,
        "weightedAverageShsOutDil": 87925000,
        "link": "https://www.sec.gov/Archives/edgar/data/832428/000083242825000048/0000832428-25-000048-index.htm",
        "finalLink": "https://www.sec.gov/Archives/edgar/data/832428/000083242825000048/ssp-20250630.htm"
    },
    {
        "date": "2025-03-31",
        "symbol": "SSP",
        "reportedCurrency": "USD",
        "cik": "0000832428",
        "fillingDate": "2025-05-09",
        "acceptedDate": "2025-05-09 13:41:10",
        "calendarYear": "2025",
        "period": "Q1",
        "revenue": 524393000,
        "costOfRevenue": 317153000,
        "grossProfit": 207240000,
        "grossProfitRatio": 0.3951997834,
        "researchAndDevelopmentExpenses": 0,
        "generalAndAdministrativeExpenses": 137239000,
        "sellingAndMarketingExpenses": 0,
        "sellingGeneralAndAdministrativeExpenses": 137239000,
        "otherExpenses": 42526000,
        "operatingExpenses": 179765000,
        "costAndExpenses": 496918000,
        "interestIncome": 0,
        "interestExpense": 43750000,
        "depreciationAndAmortization": 38460000,
        "ebitda": 65753000,
        "ebitdaratio": 0.1253887828,
        "operatingIncome": 27475000,
        "operatingIncomeRatio": 0.0523939107,
        "totalOtherIncomeExpensesNet": -43932000,
        "incomeBeforeTax": -16457000,
        "incomeBeforeTaxRatio": -0.0313829513,
        "incomeTaxExpense": -13002000,
        "netIncome": -3455000,
        "netIncomeRatio": -0.00658857,
        "eps": -0.22,
        "epsdiluted": -0.22,
        "weightedAverageShsOut": 86912000,
        "weightedAverageShsOutDil": 86912000,
        "link": "https://www.sec.gov/Archives/edgar/data/832428/000083242825000026/0000832428-25-000026-index.htm",
        "finalLink": "https://www.sec.gov/Archives/edgar/data/832428/000083242825000026/ssp-20250331.htm"
    },
    {
        "date": "2024-12-31",
        "symbol": "SSP",
        "reportedCurrency": "USD",
        "cik": "0000832428",
        "fillingDate": "2025-03-12",
        "acceptedDate": "2025-03-12 15:34:31",
        "calendarYear": "2024",
        "period": "Q4",
        "revenue": 728379000,
        "costOfRevenue": 347648000,
        "grossProfit": 380731000,
        "grossProfitRatio": 0.5227100177,
        "researchAndDevelopmentExpenses": 0,
        "generalAndAdministrativeExpenses": 154172000,
        "sellingAndMarketingExpenses": 0,
        "sellingGeneralAndAdministrativeExpenses": 154172000,
        "otherExpenses": 34942000,
        "operatingExpenses": 189114000,
        "costAndExpenses": 536762000,
        "interestIncome": 0,
        "interestExpense": 48862000,
        "depreciationAndAmortization": 39211000,
        "ebitda": 221307000,
        "ebitdaratio": 0.3038349541,
        "operatingIncome": 191617000,
        "operatingIncomeRatio": 0.2630732078,
        "totalOtherIncomeExpensesNet": -58383000,
        "incomeBeforeTax": 133234000,
        "incomeBeforeTaxRatio": 0.1829185081,
        "incomeTaxExpense": 37847000,
        "netIncome": 95387000,
        "netIncomeRatio": 0.1309579216,
        "eps": 0.93,
        "epsdiluted": 0.92,
        "weightedAverageShsOut": 85738000,
        "weightedAverageShsOutDil": 86613000,
        "link": "https://www.sec.gov/Archives/edgar/data/832428/000083242825000012/0000832428-25-000012-index.htm",
        "finalLink": "https://www.sec.gov/Archives/edgar/data/832428/000083242825000012/ssp-20241231.htm"
    },
    {
        "date": "2024-09-30",
        "symbol": "SSP",
        "reportedCurrency": "USD",
        "cik": "0000832428",
        "fillingDate": "2024-11-05",
        "acceptedDate": "2024-11-05 14:55:51",
        "calendarYear": "2024",
        "period": "Q3",
        "revenue": 646300000,
        "costOfRevenue": 317486000,
        "grossProfit": 328814000,
        "grossProfitRatio": 0.508763732,
        "researchAndDevelopmentExpenses": 0,
        "generalAndAdministrativeExpenses": -292471000,
        "sellingAndMarketingExpenses": 447252000,
        "sellingGeneralAndAdministrativeExpenses": 154781000,
        "otherExpenses": 52253000,
        "operatingExpenses": 207034000,
        "costAndExpenses": 524520000,
        "interestIncome": 0,
        "interestExpense": 54442000,
        "depreciationAndAmortization": 38861000,
        "ebitda": 161240000,
        "ebitdaratio": 0.2494816649,
        "operatingIncome": 121780000,
        "operatingIncomeRatio": 0.1884264274,
        "totalOtherIncomeExpensesNet": -53843000,
        "incomeBeforeTax": 67937000,
        "incomeBeforeTaxRatio": 0.1051168188,
        "incomeTaxExpense": 20161000,
        "netIncome": 47776000,
        "netIncomeRatio": 0.0739223271,
        "eps": 0.37,
        "epsdiluted": 0.37,
        "weightedAverageShsOut": 86067000,
        "weightedAverageShsOutDil": 86067000,
        "link": "https://www.sec.gov/Archives/edgar/data/832428/000083242824000045/0000832428-24-000045-index.htm",
        "finalLink": "https://www.sec.gov/Archives/edgar/data/832428/000083242824000045/ssp-20240930.htm"
    },
    {
        "date": "2024-06-30",
        "symbol": "SSP",
        "reportedCurrency": "USD",
        "cik": "0000832428",
        "fillingDate": "2024-08-09",
        "acceptedDate": "2024-08-09 13:33:26",
        "calendarYear": "2024",
        "period": "Q2",
        "revenue": 573629000,
        "costOfRevenue": 365575000,
        "grossProfit": 208054000,
        "grossProfitRatio": 0.3626978413,
        "researchAndDevelopmentExpenses": 0,
        "generalAndAdministrativeExpenses": 151532000,
        "sellingAndMarketingExpenses": 0,
        "sellingGeneralAndAdministrativeExpenses": 151532000,
        "otherExpenses": 0,
        "operatingExpenses": 151532000,
        "costAndExpenses": 517107000,
        "interestIncome": 0,
        "interestExpense": 52123000,
        "depreciationAndAmortization": 38468000,
        "ebitda": 95167000,
        "ebitdaratio": 0.1659033975,
        "operatingIncome": 55706000,
        "operatingIncomeRatio": 0.0971115477,
        "totalOtherIncomeExpensesNet": -52365000,
        "incomeBeforeTax": 3341000,
        "incomeBeforeTaxRatio": 0.005824322,
        "incomeTaxExpense": 1912000,
        "netIncome": 1429000,
        "netIncomeRatio": 0.0024911572,
        "eps": -0.15,
        "epsdiluted": -0.15,
        "weightedAverageShsOut": 85673000,
        "weightedAverageShsOutDil": 85673000,
        "link": "https://www.sec.gov/Archives/edgar/data/832428/000083242824000035/0000832428-24-000035-index.htm",
        "finalLink": "https://www.sec.gov/Archives/edgar/data/832428/000083242824000035/ssp-20240630.htm"
    },
    {
        "date": "2024-03-31",
        "symbol": "SSP",
        "reportedCurrency": "USD",
        "cik": "0000832428",
        "fillingDate": "2024-05-10",
        "acceptedDate": "2024-05-10 13:48:09",
        "calendarYear": "2024",
        "period": "Q1",
        "revenue": 561464000,
        "costOfRevenue": 367221000,
        "grossProfit": 194243000,
        "grossProfitRatio": 0.3459580668,
        "researchAndDevelopmentExpenses": 0,
        "generalAndAdministrativeExpenses": 145693000,
        "sellingAndMarketingExpenses": 0,
        "sellingGeneralAndAdministrativeExpenses": 145693000,
        "otherExpenses": 0,
        "operatingExpenses": 145693000,
        "costAndExpenses": 512914000,
        "interestIncome": 0,
        "interestExpense": 54917000,
        "depreciationAndAmortization": 38688000,
        "ebitda": 87415000,
        "ebitdaratio": 0.155691193,
        "operatingIncome": 48550000,
        "operatingIncomeRatio": 0.0864703703,
        "totalOtherIncomeExpensesNet": -43081000,
        "incomeBeforeTax": 5469000,
        "incomeBeforeTaxRatio": 0.0097406067,
        "incomeTaxExpense": 3843000,
        "netIncome": 1626000,
        "netIncomeRatio": 0.0028960005,
        "eps": -0.15,
        "epsdiluted": -0.15,
        "weightedAverageShsOut": 84891000,
        "weightedAverageShsOutDil": 84891000,
        "link": "https://www.sec.gov/Archives/edgar/data/832428/000083242824000023/0000832428-24-000023-index.htm",
        "finalLink": "https://www.sec.gov/Archives/edgar/data/832428/000083242824000023/ssp-20240331.htm"
    },
    {
        "date": "2023-12-31",
        "symbol": "SSP",
        "reportedCurrency": "USD",
        "cik": "0000832428",
        "fillingDate": "2024-02-23",
        "acceptedDate": "2024-02-23 15:24:29",
        "calendarYear": "2023",
        "period": "Q4",
        "revenue": 615769000,
        "costOfRevenue": 376159000,
        "grossProfit": 239610000,
        "grossProfitRatio": 0.3891231939,
        "researchAndDevelopmentExpenses": 0,
        "generalAndAdministrativeExpenses": 165641000,
        "sellingAndMarketingExpenses": 131000,
        "sellingGeneralAndAdministrativeExpenses": 165772000,
        "otherExpenses": 314774000,
        "operatingExpenses": 480546000,
        "costAndExpenses": 817359000,
        "interestIncome": 0,
        "interestExpense": 55483000,
        "depreciationAndAmortization": 39346000,
        "ebitda": -163651000,
        "ebitdaratio": -0.2657668704,
        "operatingIncome": -201590000,
        "operatingIncomeRatio": -0.3273792607,
        "totalOtherIncomeExpensesNet": -56890000,
        "incomeBeforeTax": -258480000,
        "incomeBeforeTaxRatio": -0.4197678025,
        "incomeTaxExpense": -2718000,
        "netIncome": -255762000,
        "netIncomeRatio": -0.4153538096,
        "eps": -3.17,
        "epsdiluted": -3.17,
        "weightedAverageShsOut": 84574000,
        "weightedAverageShsOutDil": 84574000,
        "link": "https://www.sec.gov/Archives/edgar/data/832428/000083242824000015/0000832428-24-000015-index.htm",
        "finalLink": "https://www.sec.gov/Archives/edgar/data/832428/000083242824000015/ssp-20231231.htm"
    },
    {
        "date": "2023-09-30",
        "symbol": "SSP",
        "reportedCurrency": "USD",
        "cik": "0000832428",
        "fillingDate": "2023-11-03",
        "acceptedDate": "2023-11-03 13:35:48",
        "calendarYear": "2023",
        "period": "Q3",
        "revenue": 566529000,
        "costOfRevenue": 469076000,
        "grossProfit": 245302000,
        "grossProfitRatio": 0.4329910737,
        "researchAndDevelopmentExpenses": 0,
        "generalAndAdministrativeExpenses": -207318000,
        "sellingAndMarketingExpenses": 355167000,
        "sellingGeneralAndAdministrativeExpenses": 147849000,
        "otherExpenses": 44359000,
        "operatingExpenses": 192208000,
        "costAndExpenses": 513435000,
        "interestIncome": 0,
        "interestExpense": 56916000,
        "depreciationAndAmortization": 38588000,
        "ebitda": 97704000,
        "ebitdaratio": 0.1724607213,
        "operatingIncome": 53094000,
        "operatingIncomeRatio": 0.0937180621,
        "totalOtherIncomeExpensesNet": -55356000,
        "incomeBeforeTax": -2262000,
        "incomeBeforeTaxRatio": -0.0039927347,
        "incomeTaxExpense": 1391000,
        "netIncome": -3653000,
        "netIncomeRatio": -0.0064480371,
        "eps": -0.19,
        "epsdiluted": -0.19,
        "weightedAverageShsOut": 84433000,
        "weightedAverageShsOutDil": 84433000,
        "link": "https://www.sec.gov/Archives/edgar/data/832428/000083242823000034/0000832428-23-000034-index.htm",
        "finalLink": "https://www.sec.gov/Archives/edgar/data/832428/000083242823000034/ssp-20230930.htm"
    },
    {
        "date": "2023-06-30",
        "symbol": "SSP",
        "reportedCurrency": "USD",
        "cik": "0000832428",
        "fillingDate": "2023-08-04",
        "acceptedDate": "2023-08-04 13:31:00",
        "calendarYear": "2023",
        "period": "Q2",
        "revenue": 582836000,
        "costOfRevenue": 471086000,
        "grossProfit": 111750000,
        "grossProfitRatio": 0.1917348963,
        "researchAndDevelopmentExpenses": 0,
        "generalAndAdministrativeExpenses": -216841000,
        "sellingAndMarketingExpenses": 371103000,
        "sellingGeneralAndAdministrativeExpenses": 154262000,
        "otherExpenses": -541000,
        "operatingExpenses": 38628000,
        "costAndExpenses": 509714000,
        "interestIncome": 0,
        "interestExpense": 52275000,
        "depreciationAndAmortization": 38628000,
        "ebitda": -583141000,
        "ebitdaratio": -1.0005233033,
        "operatingIncome": -621228000,
        "operatingIncomeRatio": -1.0658710169,
        "totalOtherIncomeExpensesNet": -52816000,
        "incomeBeforeTax": -674044000,
        "incomeBeforeTaxRatio": -1.1564899903,
        "incomeTaxExpense": -4215000,
        "netIncome": -669829000,
        "netIncomeRatio": -1.1492581103,
        "eps": -7.95,
        "epsdiluted": -7.95,
        "weightedAverageShsOut": 84296000,
        "weightedAverageShsOutDil": 84296000,
        "link": "https://www.sec.gov/Archives/edgar/data/832428/000083242823000026/0000832428-23-000026-index.htm",
        "finalLink": "https://www.sec.gov/Archives/edgar/data/832428/000083242823000026/ssp-20230630.htm"
    },
    {
        "date": "2023-03-31",
        "symbol": "SSP",
        "reportedCurrency": "USD",
        "cik": "0000832428",
        "fillingDate": "2023-05-05",
        "acceptedDate": "2023-05-05 12:37:09",
        "calendarYear": "2023",
        "period": "Q1",
        "revenue": 527778000,
        "costOfRevenue": 308460000,
        "grossProfit": 219318000,
        "grossProfitRatio": 0.4155497198,
        "researchAndDevelopmentExpenses": 0,
        "generalAndAdministrativeExpenses": 146886000,
        "sellingAndMarketingExpenses": 0,
        "sellingGeneralAndAdministrativeExpenses": 146886000,
        "otherExpenses": 55950000,
        "operatingExpenses": 202836000,
        "costAndExpenses": 511296000,
        "interestIncome": 0,
        "interestExpense": 48838000,
        "depreciationAndAmortization": 38543000,
        "ebitda": 54656000,
        "ebitdaratio": 0.1035586932,
        "operatingIncome": 16482000,
        "operatingIncomeRatio": 0.0312290395,
        "totalOtherIncomeExpensesNet": -49207000,
        "incomeBeforeTax": -32725000,
        "incomeBeforeTaxRatio": -0.0620052371,
        "incomeTaxExpense": -14185000,
        "netIncome": -18540000,
        "netIncomeRatio": -0.0351284063,
        "eps": -0.37,
        "epsdiluted": -0.37,
        "weightedAverageShsOut": 83751000,
        "weightedAverageShsOutDil": 83751000,
        "link": "https://www.sec.gov/Archives/edgar/data/832428/000083242823000019/0000832428-23-000019-index.htm",
        "finalLink": "https://www.sec.gov/Archives/edgar/data/832428/000083242823000019/ssp-20230331.htm"
    },
    {
        "date": "2022-12-31",
        "symbol": "SSP",
        "reportedCurrency": "USD",
        "cik": "0000832428",
        "fillingDate": "2023-02-24",
        "acceptedDate": "2023-02-24 14:39:30",
        "calendarYear": "2022",
        "period": "Q4",
        "revenue": 680941000,
        "costOfRevenue": 476565000,
        "grossProfit": 204376000,
        "grossProfitRatio": 0.3001376037,
        "researchAndDevelopmentExpenses": 0,
        "generalAndAdministrativeExpenses": -1596195000,
        "sellingAndMarketingExpenses": 1757389000,
        "sellingGeneralAndAdministrativeExpenses": 161194000,
        "otherExpenses": -121090000,
        "operatingExpenses": 40104000,
        "costAndExpenses": 516669000,
        "interestIncome": 0,
        "interestExpense": 46703000,
        "depreciationAndAmortization": 40104000,
        "ebitda": 204981000,
        "ebitdaratio": 0.3010260801,
        "operatingIncome": 164057000,
        "operatingIncomeRatio": 0.2409268938,
        "totalOtherIncomeExpensesNet": -41965000,
        "incomeBeforeTax": 122092000,
        "incomeBeforeTaxRatio": 0.1792989407,
        "incomeTaxExpense": 36543000,
        "netIncome": 85549000,
        "netIncomeRatio": 0.1256334984,
        "eps": 0.85,
        "epsdiluted": 0.84,
        "weightedAverageShsOut": 83455000,
        "weightedAverageShsOutDil": 84792000,
        "link": "https://www.sec.gov/Archives/edgar/data/832428/000083242823000009/0000832428-23-000009-index.htm",
        "finalLink": "https://www.sec.gov/Archives/edgar/data/832428/000083242823000009/ssp-20221231.htm"
    },
    {
        "date": "2022-09-30",
        "symbol": "SSP",
        "reportedCurrency": "USD",
        "cik": "0000832428",
        "fillingDate": "2022-11-08",
        "acceptedDate": "2022-11-08 13:04:38",
        "calendarYear": "2022",
        "period": "Q3",
        "revenue": 612101000,
        "costOfRevenue": 312054000,
        "grossProfit": 300047000,
        "grossProfitRatio": 0.4901919781,
        "researchAndDevelopmentExpenses": 0,
        "generalAndAdministrativeExpenses": -281921000,
        "sellingAndMarketingExpenses": 436779000,
        "sellingGeneralAndAdministrativeExpenses": 154858000,
        "otherExpenses": 39565000,
        "operatingExpenses": 194423000,
        "costAndExpenses": 506477000,
        "interestIncome": 0,
        "interestExpense": 41917000,
        "depreciationAndAmortization": 39565000,
        "ebitda": 145872000,
        "ebitdaratio": 0.2383136116,
        "operatingIncome": 104031000,
        "operatingIncomeRatio": 0.1699572456,
        "totalOtherIncomeExpensesNet": -41728000,
        "incomeBeforeTax": 62303000,
        "incomeBeforeTaxRatio": 0.1017854896,
        "incomeTaxExpense": 16055000,
        "netIncome": 46248000,
        "netIncomeRatio": 0.0755561582,
        "eps": 0.55,
        "epsdiluted": 0.54,
        "weightedAverageShsOut": 83360000,
        "weightedAverageShsOutDil": 85324000,
        "link": "https://www.sec.gov/Archives/edgar/data/832428/000083242822000037/0000832428-22-000037-index.htm",
        "finalLink": "https://www.sec.gov/Archives/edgar/data/832428/000083242822000037/ssp-20220930.htm"
    },
    {
        "date": "2022-06-30",
        "symbol": "SSP",
        "reportedCurrency": "USD",
        "cik": "0000832428",
        "fillingDate": "2022-08-05",
        "acceptedDate": "2022-08-05 13:27:12",
        "calendarYear": "2022",
        "period": "Q2",
        "revenue": 594467000,
        "costOfRevenue": 308510000,
        "grossProfit": 285957000,
        "grossProfitRatio": 0.4810309067,
        "researchAndDevelopmentExpenses": 0,
        "generalAndAdministrativeExpenses": -242270000,
        "sellingAndMarketingExpenses": 396652000,
        "sellingGeneralAndAdministrativeExpenses": 154382000,
        "otherExpenses": 2832000,
        "operatingExpenses": 195401000,
        "costAndExpenses": 503911000,
        "interestIncome": 0,
        "interestExpense": 36011000,
        "depreciationAndAmortization": 41019000,
        "ebitda": 132237000,
        "ebitdaratio": 0.2224463259,
        "operatingIncome": 88979000,
        "operatingIncomeRatio": 0.1496786197,
        "totalOtherIncomeExpensesNet": -33179000,
        "incomeBeforeTax": 55800000,
        "incomeBeforeTaxRatio": 0.0938655972,
        "incomeTaxExpense": 14060000,
        "netIncome": 41740000,
        "netIncomeRatio": 0.0702141582,
        "eps": 0.34,
        "epsdiluted": 0.32,
        "weightedAverageShsOut": 83270000,
        "weightedAverageShsOutDil": 87820000,
        "link": "https://www.sec.gov/Archives/edgar/data/832428/000083242822000030/0000832428-22-000030-index.htm",
        "finalLink": "https://www.sec.gov/Archives/edgar/data/832428/000083242822000030/ssp-20220630.htm"
    },
    {
        "date": "2022-03-31",
        "symbol": "SSP",
        "reportedCurrency": "USD",
        "cik": "0000832428",
        "fillingDate": "2022-05-06",
        "acceptedDate": "2022-05-06 13:11:13",
        "calendarYear": "2022",
        "period": "Q1",
        "revenue": 565706000,
        "costOfRevenue": 297834000,
        "grossProfit": 267872000,
        "grossProfitRatio": 0.4735180465,
        "researchAndDevelopmentExpenses": 0,
        "generalAndAdministrativeExpenses": 152727000,
        "sellingAndMarketingExpenses": 0,
        "sellingGeneralAndAdministrativeExpenses": 152727000,
        "otherExpenses": 39745000,
        "operatingExpenses": 192472000,
        "costAndExpenses": 490306000,
        "interestIncome": 0,
        "interestExpense": 36499000,
        "depreciationAndAmortization": 39745000,
        "ebitda": 115808000,
        "ebitdaratio": 0.2047141094,
        "operatingIncome": 71277000,
        "operatingIncomeRatio": 0.1259965424,
        "totalOtherIncomeExpensesNet": -35009000,
        "incomeBeforeTax": 36268000,
        "incomeBeforeTaxRatio": 0.06411104,
        "incomeTaxExpense": 13903000,
        "netIncome": 22365000,
        "netIncomeRatio": 0.03953467,
        "eps": 0.24,
        "epsdiluted": 0.24,
        "weightedAverageShsOut": 92273000,
        "weightedAverageShsOutDil": 92273000,
        "link": "https://www.sec.gov/Archives/edgar/data/832428/000083242822000018/0000832428-22-000018-index.htm",
        "finalLink": "https://www.sec.gov/Archives/edgar/data/832428/000083242822000018/ssp-20220331.htm"
    },
    {
        "date": "2021-12-31",
        "symbol": "SSP",
        "reportedCurrency": "USD",
        "cik": "0000832428",
        "fillingDate": "2022-02-25",
        "acceptedDate": "2022-02-25 13:48:11",
        "calendarYear": "2021",
        "period": "Q4",
        "revenue": 622291000,
        "costOfRevenue": 453594000,
        "grossProfit": 168697000,
        "grossProfitRatio": 0.2710902134,
        "researchAndDevelopmentExpenses": 0,
        "generalAndAdministrativeExpenses": 166221000,
        "sellingAndMarketingExpenses": 0,
        "sellingGeneralAndAdministrativeExpenses": 166221000,
        "otherExpenses": -8678000,
        "operatingExpenses": 39578000,
        "costAndExpenses": 493172000,
        "interestIncome": 0,
        "interestExpense": 38259000,
        "depreciationAndAmortization": 39578000,
        "ebitda": 168604000,
        "ebitdaratio": 0.2709407657,
        "operatingIncome": 123649000,
        "operatingIncomeRatio": 0.1986996437,
        "totalOtherIncomeExpensesNet": -48509000,
        "incomeBeforeTax": 75140000,
        "incomeBeforeTaxRatio": 0.1207473674,
        "incomeTaxExpense": 22323000,
        "netIncome": 52803000,
        "netIncomeRatio": 0.084852585,
        "eps": 0.43,
        "epsdiluted": 0.43,
        "weightedAverageShsOut": 82533000,
        "weightedAverageShsOutDil": 91206000,
        "link": "https://www.sec.gov/Archives/edgar/data/832428/000083242822000009/0000832428-22-000009-index.htm",
        "finalLink": "https://www.sec.gov/Archives/edgar/data/832428/000083242822000009/ssp-20211231.htm"
    },
    {
        "date": "2021-09-30",
        "symbol": "SSP",
        "reportedCurrency": "USD",
        "cik": "0000832428",
        "fillingDate": "2021-11-05",
        "acceptedDate": "2021-11-05 15:38:00",
        "calendarYear": "2021",
        "period": "Q3",
        "revenue": 555243000,
        "costOfRevenue": 285775000,
        "grossProfit": 269468000,
        "grossProfitRatio": 0.4853154385,
        "researchAndDevelopmentExpenses": 0,
        "generalAndAdministrativeExpenses": -253985000,
        "sellingAndMarketingExpenses": 394730000,
        "sellingGeneralAndAdministrativeExpenses": 140745000,
        "otherExpenses": 410000,
        "operatingExpenses": 182831000,
        "costAndExpenses": 468606000,
        "interestIncome": 0,
        "interestExpense": 41013000,
        "depreciationAndAmortization": 42086000,
        "ebitda": 128459000,
        "ebitdaratio": 0.2313563611,
        "operatingIncome": 115623000,
        "operatingIncomeRatio": 0.208238555,
        "totalOtherIncomeExpensesNet": -40603000,
        "incomeBeforeTax": 75020000,
        "incomeBeforeTaxRatio": 0.135112014,
        "incomeTaxExpense": 16654000,
        "netIncome": 58698000,
        "netIncomeRatio": 0.1057158758,
        "eps": 0.54,
        "epsdiluted": 0.5,
        "weightedAverageShsOut": 82482000,
        "weightedAverageShsOutDil": 90131000,
        "link": "https://www.sec.gov/Archives/edgar/data/832428/000083242821000059/0000832428-21-000059-index.htm",
        "finalLink": "https://www.sec.gov/Archives/edgar/data/832428/000083242821000059/ssp-20210930.htm"
    },
    {
        "date": "2021-06-30",
        "symbol": "SSP",
        "reportedCurrency": "USD",
        "cik": "0000832428",
        "fillingDate": "2021-08-06",
        "acceptedDate": "2021-08-06 14:31:08",
        "calendarYear": "2021",
        "period": "Q2",
        "revenue": 565077000,
        "costOfRevenue": 268683000,
        "grossProfit": 296394000,
        "grossProfitRatio": 0.5245196672,
        "researchAndDevelopmentExpenses": 0,
        "generalAndAdministrativeExpenses": -252539000,
        "sellingAndMarketingExpenses": 396652000,
        "sellingGeneralAndAdministrativeExpenses": 144113000,
        "otherExpenses": -2700000,
        "operatingExpenses": 184864000,
        "costAndExpenses": 453547000,
        "interestIncome": 0,
        "interestExpense": 42010000,
        "depreciationAndAmortization": 40751000,
        "ebitda": 152288000,
        "ebitdaratio": 0.2694995549,
        "operatingIncome": 104255000,
        "operatingIncomeRatio": 0.1844969801,
        "totalOtherIncomeExpensesNet": -90359000,
        "incomeBeforeTax": 13896000,
        "incomeBeforeTaxRatio": 0.0245913389,
        "incomeTaxExpense": 12683000,
        "netIncome": 5644000,
        "netIncomeRatio": 0.0099880193,
        "eps": -0.09,
        "epsdiluted": -0.09,
        "weightedAverageShsOut": 81164285,
        "weightedAverageShsOutDil": 82381000,
        "link": "https://www.sec.gov/Archives/edgar/data/832428/000083242821000053/0000832428-21-000053-index.htm",
        "finalLink": "https://www.sec.gov/Archives/edgar/data/832428/000083242821000053/ssp-20210630.htm"
    },
    {
        "date": "2021-03-31",
        "symbol": "SSP",
        "reportedCurrency": "USD",
        "cik": "0000832428",
        "fillingDate": "2021-05-10",
        "acceptedDate": "2021-05-10 15:35:33",
        "calendarYear": "2021",
        "period": "Q1",
        "revenue": 540921000,
        "costOfRevenue": 408421000,
        "grossProfit": 132500000,
        "grossProfitRatio": 0.2449525901,
        "researchAndDevelopmentExpenses": 0,
        "generalAndAdministrativeExpenses": -7000,
        "sellingAndMarketingExpenses": 0,
        "sellingGeneralAndAdministrativeExpenses": -7000,
        "otherExpenses": -4844000,
        "operatingExpenses": 39507000,
        "costAndExpenses": 447928000,
        "interestIncome": 0,
        "interestExpense": 43882000,
        "depreciationAndAmortization": 39507000,
        "ebitda": 132507000,
        "ebitdaratio": 0.244965531,
        "operatingIncome": 57218000,
        "operatingIncomeRatio": 0.1057788476,
        "totalOtherIncomeExpensesNet": -34186000,
        "incomeBeforeTax": 23032000,
        "incomeBeforeTaxRatio": 0.0425792306,
        "incomeTaxExpense": 19529000,
        "netIncome": 5567000,
        "netIncomeRatio": 0.0102917062,
        "eps": -0.07,
        "epsdiluted": -0.07,
        "weightedAverageShsOut": 81400000,
        "weightedAverageShsOutDil": 81902000,
        "link": "https://www.sec.gov/Archives/edgar/data/832428/000083242821000035/0000832428-21-000035-index.htm",
        "finalLink": "https://www.sec.gov/Archives/edgar/data/832428/000083242821000035/ssp-20210331.htm"
    },
    {
        "date": "2020-12-31",
        "symbol": "SSP",
        "reportedCurrency": "USD",
        "cik": "0000832428",
        "fillingDate": "2021-02-26",
        "acceptedDate": "2021-02-26 15:35:36",
        "calendarYear": "2020",
        "period": "Q4",
        "revenue": 591110000,
        "costOfRevenue": 293016000,
        "grossProfit": 298094000,
        "grossProfitRatio": 0.5042953088,
        "researchAndDevelopmentExpenses": 0,
        "generalAndAdministrativeExpenses": 1075000,
        "sellingAndMarketingExpenses": 0,
        "sellingGeneralAndAdministrativeExpenses": 1075000,
        "otherExpenses": 789000,
        "operatingExpenses": 121761000,
        "costAndExpenses": 414777000,
        "interestIncome": 0,
        "interestExpense": 22810000,
        "depreciationAndAmortization": 26309000,
        "ebitda": 201567000,
        "ebitdaratio": 0.3409974455,
        "operatingIncome": 173781000,
        "operatingIncomeRatio": 0.2939909661,
        "totalOtherIncomeExpensesNet": -22021000,
        "incomeBeforeTax": 151760000,
        "incomeBeforeTaxRatio": 0.2567373247,
        "incomeTaxExpense": 37459000,
        "netIncome": 244667000,
        "netIncomeRatio": 0.4139111164,
        "eps": 1.4,
        "epsdiluted": 1.4,
        "weightedAverageShsOut": 81522000,
        "weightedAverageShsOutDil": 81522000,
        "link": "https://www.sec.gov/Archives/edgar/data/832428/000083242821000019/0000832428-21-000019-index.htm",
        "finalLink": "https://www.sec.gov/Archives/edgar/data/832428/000083242821000019/ssp-20201231.htm"
    },
    {
        "date": "2020-09-30",
        "symbol": "SSP",
        "reportedCurrency": "USD",
        "cik": "0000832428",
        "fillingDate": "2020-11-06",
        "acceptedDate": "2020-11-06 14:10:55",
        "calendarYear": "2020",
        "period": "Q3",
        "revenue": 493262000,
        "costOfRevenue": 271805000,
        "grossProfit": 221457000,
        "grossProfitRatio": 0.4489642421,
        "researchAndDevelopmentExpenses": 0,
        "generalAndAdministrativeExpenses": 1261000,
        "sellingAndMarketingExpenses": 0,
        "sellingGeneralAndAdministrativeExpenses": 1261000,
        "otherExpenses": 227000,
        "operatingExpenses": 105308000,
        "costAndExpenses": 377113000,
        "interestIncome": 0,
        "interestExpense": 21387000,
        "depreciationAndAmortization": 26856000,
        "ebitda": 141744000,
        "ebitdaratio": 0.2873604697,
        "operatingIncome": 107233000,
        "operatingIncomeRatio": 0.2173956234,
        "totalOtherIncomeExpensesNet": -21160000,
        "incomeBeforeTax": 86073000,
        "incomeBeforeTaxRatio": 0.1744975287,
        "incomeTaxExpense": 22100000,
        "netIncome": 58518000,
        "netIncomeRatio": 0.1186347215,
        "eps": 0.7,
        "epsdiluted": 0.69,
        "weightedAverageShsOut": 81522000,
        "weightedAverageShsOutDil": 82088000,
        "link": "https://www.sec.gov/Archives/edgar/data/832428/000083242820000051/0000832428-20-000051-index.htm",
        "finalLink": "https://www.sec.gov/Archives/edgar/data/832428/000083242820000051/ssp-20200930.htm"
    },
    {
        "date": "2020-06-30",
        "symbol": "SSP",
        "reportedCurrency": "USD",
        "cik": "0000832428",
        "fillingDate": "2020-08-07",
        "acceptedDate": "2020-08-07 14:52:08",
        "calendarYear": "2020",
        "period": "Q2",
        "revenue": 358883000,
        "costOfRevenue": 261772000,
        "grossProfit": 97111000,
        "grossProfitRatio": 0.2705923658,
        "researchAndDevelopmentExpenses": 0,
        "generalAndAdministrativeExpenses": 1026000,
        "sellingAndMarketingExpenses": 0,
        "sellingGeneralAndAdministrativeExpenses": 1026000,
        "otherExpenses": -2578000,
        "operatingExpenses": 94033000,
        "costAndExpenses": 355805000,
        "interestIncome": 0,
        "interestExpense": 22999000,
        "depreciationAndAmortization": 26075000,
        "ebitda": 25617000,
        "ebitdaratio": 0.071379809,
        "operatingIncome": 1550000,
        "operatingIncomeRatio": 0.0043189563,
        "totalOtherIncomeExpensesNet": -25577000,
        "incomeBeforeTax": -24027000,
        "incomeBeforeTaxRatio": -0.0669493958,
        "incomeTaxExpense": -6515000,
        "netIncome": -22043000,
        "netIncomeRatio": -0.0614211317,
        "eps": -0.28,
        "epsdiluted": -0.27,
        "weightedAverageShsOut": 79600000,
        "weightedAverageShsOutDil": 81418000,
        "link": "https://www.sec.gov/Archives/edgar/data/832428/000083242820000029/0000832428-20-000029-index.htm",
        "finalLink": "https://www.sec.gov/Archives/edgar/data/832428/000083242820000029/ssp-20200630.htm"
    },
    {
        "date": "2020-03-31",
        "symbol": "SSP",
        "reportedCurrency": "USD",
        "cik": "0000832428",
        "fillingDate": "2020-05-08",
        "acceptedDate": "2020-05-08 14:55:30",
        "calendarYear": "2020",
        "period": "Q1",
        "revenue": 430906000,
        "costOfRevenue": 294888000,
        "grossProfit": 136018000,
        "grossProfitRatio": 0.3156558507,
        "researchAndDevelopmentExpenses": 0,
        "generalAndAdministrativeExpenses": 1026000,
        "sellingAndMarketingExpenses": 0,
        "sellingGeneralAndAdministrativeExpenses": 1026000,
        "otherExpenses": 88000,
        "operatingExpenses": 114995000,
        "costAndExpenses": 409883000,
        "interestIncome": 0,
        "interestExpense": 25798000,
        "depreciationAndAmortization": 27915000,
        "ebitda": 42683000,
        "ebitdaratio": 0.099054086,
        "operatingIncome": 14680000,
        "operatingIncomeRatio": 0.0340677549,
        "totalOtherIncomeExpensesNet": -25710000,
        "incomeBeforeTax": -11030000,
        "incomeBeforeTaxRatio": -0.02559723,
        "incomeTaxExpense": 779000,
        "netIncome": -11809000,
        "netIncomeRatio": -0.0274050489,
        "eps": -0.15,
        "epsdiluted": -0.15,
        "weightedAverageShsOut": 79977777,
        "weightedAverageShsOutDil": 81077000,
        "link": "https://www.sec.gov/Archives/edgar/data/832428/000083242820000016/0000832428-20-000016-index.htm",
        "finalLink": "https://www.sec.gov/Archives/edgar/data/832428/000083242820000016/ssp-20200331x10q.htm"
    },
    {
        "date": "2019-12-31",
        "symbol": "SSP",
        "reportedCurrency": "USD",
        "cik": "0000832428",
        "fillingDate": "2020-02-28",
        "acceptedDate": "2020-02-28 14:41:58",
        "calendarYear": "2019",
        "period": "Q4",
        "revenue": 444401000,
        "costOfRevenue": 372208000,
        "grossProfit": 72193000,
        "grossProfitRatio": 0.1624501295,
        "researchAndDevelopmentExpenses": 0,
        "generalAndAdministrativeExpenses": 1746000,
        "sellingAndMarketingExpenses": 0,
        "sellingGeneralAndAdministrativeExpenses": 1746000,
        "otherExpenses": -2220000,
        "operatingExpenses": 26716000,
        "costAndExpenses": 398924000,
        "interestIncome": 0,
        "interestExpense": 27120000,
        "depreciationAndAmortization": 26716000,
        "ebitda": 67223000,
        "ebitdaratio": 0.1512665363,
        "operatingIncome": 42727000,
        "operatingIncomeRatio": 0.0961451482,
        "totalOtherIncomeExpensesNet": -30344000,
        "incomeBeforeTax": 13387000,
        "incomeBeforeTaxRatio": 0.0301236946,
        "incomeTaxExpense": 2822000,
        "netIncome": 10731000,
        "netIncomeRatio": 0.0241471104,
        "eps": 0.13,
        "epsdiluted": 0.13,
        "weightedAverageShsOut": 80927000,
        "weightedAverageShsOutDil": 81322000,
        "link": "https://www.sec.gov/Archives/edgar/data/832428/000083242820000007/0000832428-20-000007-index.htm",
        "finalLink": "https://www.sec.gov/Archives/edgar/data/832428/000083242820000007/ssp-20191231x10k.htm"
    },
    {
        "date": "2019-09-30",
        "symbol": "SSP",
        "reportedCurrency": "USD",
        "cik": "0000832428",
        "fillingDate": "2019-11-08",
        "acceptedDate": "2019-11-08 17:16:10",
        "calendarYear": "2019",
        "period": "Q3",
        "revenue": 349777000,
        "costOfRevenue": 238665000,
        "grossProfit": 111112000,
        "grossProfitRatio": 0.3176652553,
        "researchAndDevelopmentExpenses": 0,
        "generalAndAdministrativeExpenses": 2071000,
        "sellingAndMarketingExpenses": 0,
        "sellingGeneralAndAdministrativeExpenses": 2071000,
        "otherExpenses": -29000,
        "operatingExpenses": 93862000,
        "costAndExpenses": 332527000,
        "interestIncome": 0,
        "interestExpense": 26537000,
        "depreciationAndAmortization": 22241000,
        "ebitda": 22710000,
        "ebitdaratio": 0.0649270821,
        "operatingIncome": 498000,
        "operatingIncomeRatio": 0.0014237643,
        "totalOtherIncomeExpensesNet": -26566000,
        "incomeBeforeTax": -26068000,
        "incomeBeforeTaxRatio": -0.0745274847,
        "incomeTaxExpense": -4305000,
        "netIncome": -21929000,
        "netIncomeRatio": -0.0626942309,
        "eps": -0.28,
        "epsdiluted": -0.27,
        "weightedAverageShsOut": 79545454,
        "weightedAverageShsOutDil": 80877000,
        "link": "https://www.sec.gov/Archives/edgar/data/832428/000083242819000055/0000832428-19-000055-index.htm",
        "finalLink": "https://www.sec.gov/Archives/edgar/data/832428/000083242819000055/ssp-20190930x10q.htm"
    },
    {
        "date": "2019-06-30",
        "symbol": "SSP",
        "reportedCurrency": "USD",
        "cik": "0000832428",
        "fillingDate": "2019-08-09",
        "acceptedDate": "2019-08-09 14:49:28",
        "calendarYear": "2019",
        "period": "Q2",
        "revenue": 337495000,
        "costOfRevenue": 218472000,
        "grossProfit": 119023000,
        "grossProfitRatio": 0.3526659654,
        "researchAndDevelopmentExpenses": 0,
        "generalAndAdministrativeExpenses": 1564000,
        "sellingAndMarketingExpenses": 0,
        "sellingGeneralAndAdministrativeExpenses": 1564000,
        "otherExpenses": -1195000,
        "operatingExpenses": 92962000,
        "costAndExpenses": 311434000,
        "interestIncome": 0,
        "interestExpense": 18023000,
        "depreciationAndAmortization": 20237000,
        "ebitda": 49472000,
        "ebitdaratio": 0.1465858753,
        "operatingIncome": 22172000,
        "operatingIncomeRatio": 0.0656957881,
        "totalOtherIncomeExpensesNet": -19218000,
        "incomeBeforeTax": 2954000,
        "incomeBeforeTaxRatio": 0.0087527223,
        "incomeTaxExpense": 3320000,
        "netIncome": -366000,
        "netIncomeRatio": -0.0010844605,
        "eps": -0.0045,
        "epsdiluted": -0.0045,
        "weightedAverageShsOut": 80822000,
        "weightedAverageShsOutDil": 81196000,
        "link": "https://www.sec.gov/Archives/edgar/data/832428/000083242819000043/0000832428-19-000043-index.htm",
        "finalLink": "https://www.sec.gov/Archives/edgar/data/832428/000083242819000043/ssp-20190630x10q.htm"
    },
    {
        "date": "2019-03-31",
        "symbol": "SSP",
        "reportedCurrency": "USD",
        "cik": "0000832428",
        "fillingDate": "2019-05-10",
        "acceptedDate": "2019-05-10 15:39:42",
        "calendarYear": "2019",
        "period": "Q1",
        "revenue": 292163000,
        "costOfRevenue": 208198000,
        "grossProfit": 83965000,
        "grossProfitRatio": 0.2873909427,
        "researchAndDevelopmentExpenses": 0,
        "generalAndAdministrativeExpenses": 1572000,
        "sellingAndMarketingExpenses": 0,
        "sellingGeneralAndAdministrativeExpenses": 1572000,
        "otherExpenses": -2372000,
        "operatingExpenses": 79234000,
        "costAndExpenses": 287432000,
        "interestIncome": 0,
        "interestExpense": 8916000,
        "depreciationAndAmortization": 17792000,
        "ebitda": 15560000,
        "ebitdaratio": 0.0532579416,
        "operatingIncome": 140000,
        "operatingIncomeRatio": 0.0004791846,
        "totalOtherIncomeExpensesNet": -11288000,
        "incomeBeforeTax": -11148000,
        "incomeBeforeTaxRatio": -0.0381567823,
        "incomeTaxExpense": -4334000,
        "netIncome": -6814000,
        "netIncomeRatio": -0.0233225973,
        "eps": -0.0845,
        "epsdiluted": -0.0845,
        "weightedAverageShsOut": 80673000,
        "weightedAverageShsOutDil": 80673000,
        "link": "https://www.sec.gov/Archives/edgar/data/832428/000083242819000021/0000832428-19-000021-index.htm",
        "finalLink": "https://www.sec.gov/Archives/edgar/data/832428/000083242819000021/ssp-20190331x10q.htm"
    },
    {
        "date": "2018-12-31",
        "symbol": "SSP",
        "reportedCurrency": "USD",
        "cik": "0000832428",
        "fillingDate": "2019-03-01",
        "acceptedDate": "2019-03-01 15:46:05",
        "calendarYear": "2018",
        "period": "Q4",
        "revenue": 368113000,
        "costOfRevenue": 275925000,
        "grossProfit": 92188000,
        "grossProfitRatio": 0.25043397,
        "researchAndDevelopmentExpenses": 0,
        "generalAndAdministrativeExpenses": 13446000,
        "sellingAndMarketingExpenses": 0,
        "sellingGeneralAndAdministrativeExpenses": 13446000,
        "otherExpenses": -12759000,
        "operatingExpenses": 17587000,
        "costAndExpenses": 293512000,
        "interestIncome": 0,
        "interestExpense": 9143000,
        "depreciationAndAmortization": 17587000,
        "ebitda": 99362000,
        "ebitdaratio": 0.269922551,
        "operatingIncome": 67793000,
        "operatingIncomeRatio": 0.1841635585,
        "totalOtherIncomeExpensesNet": -21902000,
        "incomeBeforeTax": 45891000,
        "incomeBeforeTaxRatio": 0.1246655239,
        "incomeTaxExpense": 9938000,
        "netIncome": 21979000,
        "netIncomeRatio": 0.0597072095,
        "eps": 0.27,
        "epsdiluted": 0.27,
        "weightedAverageShsOut": 80669000,
        "weightedAverageShsOutDil": 81348000,
        "link": "https://www.sec.gov/Archives/edgar/data/832428/000083242819000007/0000832428-19-000007-index.htm",
        "finalLink": "https://www.sec.gov/Archives/edgar/data/832428/000083242819000007/ssp-20181231x10k.htm"
    },
    {
        "date": "2018-09-30",
        "symbol": "SSP",
        "reportedCurrency": "USD",
        "cik": "0000832428",
        "fillingDate": "2018-11-09",
        "acceptedDate": "2018-11-09 11:39:36",
        "calendarYear": "2018",
        "period": "Q3",
        "revenue": 302726000,
        "costOfRevenue": 186961000,
        "grossProfit": 115765000,
        "grossProfitRatio": 0.3824085146,
        "researchAndDevelopmentExpenses": 0,
        "generalAndAdministrativeExpenses": 3529000,
        "sellingAndMarketingExpenses": 0,
        "sellingGeneralAndAdministrativeExpenses": 3529000,
        "otherExpenses": -4075000,
        "operatingExpenses": 74746000,
        "costAndExpenses": 261707000,
        "interestIncome": 0,
        "interestExpense": 9003000,
        "depreciationAndAmortization": 15598000,
        "ebitda": 53088000,
        "ebitdaratio": 0.175366503,
        "operatingIncome": 40325000,
        "operatingIncomeRatio": 0.1332062657,
        "totalOtherIncomeExpensesNet": -13078000,
        "incomeBeforeTax": 27247000,
        "incomeBeforeTaxRatio": 0.0900054835,
        "incomeTaxExpense": 7208000,
        "netIncome": 19131000,
        "netIncomeRatio": 0.0631957612,
        "eps": 0.23,
        "epsdiluted": 0.23,
        "weightedAverageShsOut": 81452000,
        "weightedAverageShsOutDil": 82084000,
        "link": "https://www.sec.gov/Archives/edgar/data/832428/000083242818000098/0000832428-18-000098-index.htm",
        "finalLink": "https://www.sec.gov/Archives/edgar/data/832428/000083242818000098/ssp-2018930x10q.htm"
    },
    {
        "date": "2018-06-30",
        "symbol": "SSP",
        "reportedCurrency": "USD",
        "cik": "0000832428",
        "fillingDate": "2018-08-03",
        "acceptedDate": "2018-08-03 12:13:12",
        "calendarYear": "2018",
        "period": "Q2",
        "revenue": 283395000,
        "costOfRevenue": 179498000,
        "grossProfit": 103897000,
        "grossProfitRatio": 0.3666155013,
        "researchAndDevelopmentExpenses": 0,
        "generalAndAdministrativeExpenses": 1389000,
        "sellingAndMarketingExpenses": 0,
        "sellingGeneralAndAdministrativeExpenses": 1389000,
        "otherExpenses": -1545000,
        "operatingExpenses": 79164000,
        "costAndExpenses": 258662000,
        "interestIncome": 0,
        "interestExpense": 9279000,
        "depreciationAndAmortization": 15382000,
        "ebitda": 38726000,
        "ebitdaratio": 0.1366502585,
        "operatingIncome": 22469000,
        "operatingIncomeRatio": 0.0792850968,
        "totalOtherIncomeExpensesNet": -10824000,
        "incomeBeforeTax": 11645000,
        "incomeBeforeTaxRatio": 0.0410910567,
        "incomeTaxExpense": 2983000,
        "netIncome": 5720000,
        "netIncomeRatio": 0.0201838423,
        "eps": 0.06,
        "epsdiluted": 0.06,
        "weightedAverageShsOut": 81824000,
        "weightedAverageShsOutDil": 81852000,
        "link": "https://www.sec.gov/Archives/edgar/data/832428/000083242818000081/0000832428-18-000081-index.htm",
        "finalLink": "https://www.sec.gov/Archives/edgar/data/832428/000083242818000081/ssp-2018630x10q.htm"
    },
    {
        "date": "2018-03-31",
        "symbol": "SSP",
        "reportedCurrency": "USD",
        "cik": "0000832428",
        "fillingDate": "2018-05-07",
        "acceptedDate": "2018-05-07 16:46:17",
        "calendarYear": "2018",
        "period": "Q1",
        "revenue": 254191000,
        "costOfRevenue": 181852000,
        "grossProfit": 72339000,
        "grossProfitRatio": 0.2845852135,
        "researchAndDevelopmentExpenses": 0,
        "generalAndAdministrativeExpenses": 1388000,
        "sellingAndMarketingExpenses": 0,
        "sellingGeneralAndAdministrativeExpenses": 1388000,
        "otherExpenses": -1221000,
        "operatingExpenses": 68443000,
        "costAndExpenses": 250295000,
        "interestIncome": 0,
        "interestExpense": 8759000,
        "depreciationAndAmortization": 15420000,
        "ebitda": 13571000,
        "ebitdaratio": 0.053388987,
        "operatingIncome": -628000,
        "operatingIncomeRatio": -0.0024705831,
        "totalOtherIncomeExpensesNet": -9980000,
        "incomeBeforeTax": -10608000,
        "incomeBeforeTaxRatio": -0.0417323981,
        "incomeTaxExpense": -2031000,
        "netIncome": -26449000,
        "netIncomeRatio": -0.1040516777,
        "eps": -0.33,
        "epsdiluted": -0.32,
        "weightedAverageShsOut": 79450000,
        "weightedAverageShsOutDil": 81554000,
        "link": "https://www.sec.gov/Archives/edgar/data/832428/000083242818000061/0000832428-18-000061-index.htm",
        "finalLink": "https://www.sec.gov/Archives/edgar/data/832428/000083242818000061/ssp-2018331x10q.htm"
    },
    {
        "date": "2017-12-31",
        "symbol": "SSP",
        "reportedCurrency": "USD",
        "cik": "0000832428",
        "fillingDate": "2018-02-28",
        "acceptedDate": "2018-02-28 13:57:21",
        "calendarYear": "2017",
        "period": "Q4",
        "revenue": 256975000,
        "costOfRevenue": 222152000,
        "grossProfit": 34823000,
        "grossProfitRatio": 0.1355112365,
        "researchAndDevelopmentExpenses": 0,
        "generalAndAdministrativeExpenses": 3627000,
        "sellingAndMarketingExpenses": 0,
        "sellingGeneralAndAdministrativeExpenses": 3627000,
        "otherExpenses": 1598000,
        "operatingExpenses": 14926000,
        "costAndExpenses": 237078000,
        "interestIncome": 0,
        "interestExpense": 8534000,
        "depreciationAndAmortization": 14926000,
        "ebitda": 30786000,
        "ebitdaratio": 0.1198015371,
        "operatingIncome": 17889000,
        "operatingIncomeRatio": 0.0696137757,
        "totalOtherIncomeExpensesNet": -6936000,
        "incomeBeforeTax": 10953000,
        "incomeBeforeTaxRatio": 0.0426228232,
        "incomeTaxExpense": -507000,
        "netIncome": 6962000,
        "netIncomeRatio": 0.0270921296,
        "eps": 0.09,
        "epsdiluted": 0.0851,
        "weightedAverageShsOut": 81788000,
        "weightedAverageShsOutDil": 81792000,
        "link": "https://www.sec.gov/Archives/edgar/data/832428/000083242818000020/0000832428-18-000020-index.htm",
        "finalLink": "https://www.sec.gov/Archives/edgar/data/832428/000083242818000020/ssp-20171231x10k.htm"
    },
    {
        "date": "2017-09-30",
        "symbol": "SSP",
        "reportedCurrency": "USD",
        "cik": "0000832428",
        "fillingDate": "2017-11-03",
        "acceptedDate": "2017-11-03 13:09:17",
        "calendarYear": "2017",
        "period": "Q3",
        "revenue": 216450000,
        "costOfRevenue": 151766000,
        "grossProfit": 64684000,
        "grossProfitRatio": 0.2988403788,
        "researchAndDevelopmentExpenses": 0,
        "generalAndAdministrativeExpenses": 0,
        "sellingAndMarketingExpenses": 4431000,
        "sellingGeneralAndAdministrativeExpenses": 4431000,
        "otherExpenses": -2364000,
        "operatingExpenses": 63376000,
        "costAndExpenses": 215142000,
        "interestIncome": 0,
        "interestExpense": 5720000,
        "depreciationAndAmortization": 14655000,
        "ebitda": -24664000,
        "ebitdaratio": -0.1139477939,
        "operatingIncome": -36955000,
        "operatingIncomeRatio": -0.1707322707,
        "totalOtherIncomeExpensesNet": -6743000,
        "incomeBeforeTax": -45039000,
        "incomeBeforeTaxRatio": -0.2080803881,
        "incomeTaxExpense": -18355000,
        "netIncome": -26684000,
        "netIncomeRatio": -0.1232802033,
        "eps": -0.33,
        "epsdiluted": -0.33,
        "weightedAverageShsOut": 81188235,
        "weightedAverageShsOutDil": 82039000,
        "link": "https://www.sec.gov/Archives/edgar/data/832428/000083242817000065/0000832428-17-000065-index.htm",
        "finalLink": "https://www.sec.gov/Archives/edgar/data/832428/000083242817000065/ssp-2017930x10q.htm"
    },
    {
        "date": "2017-06-30",
        "symbol": "SSP",
        "reportedCurrency": "USD",
        "cik": "0000832428",
        "fillingDate": "2017-08-03",
        "acceptedDate": "2017-08-03 14:25:02",
        "calendarYear": "2017",
        "period": "Q2",
        "revenue": 231820000,
        "costOfRevenue": 146421000,
        "grossProfit": 85399000,
        "grossProfitRatio": 0.3683849538,
        "researchAndDevelopmentExpenses": 0,
        "generalAndAdministrativeExpenses": 0,
        "sellingAndMarketingExpenses": 6776000,
        "sellingGeneralAndAdministrativeExpenses": 6776000,
        "otherExpenses": 1636000,
        "operatingExpenses": 64282000,
        "costAndExpenses": 210703000,
        "interestIncome": 0,
        "interestExpense": 8248000,
        "depreciationAndAmortization": 14649000,
        "ebitda": 34778000,
        "ebitdaratio": 0.1500215685,
        "operatingIncome": 20893000,
        "operatingIncomeRatio": 0.0901259598,
        "totalOtherIncomeExpensesNet": -6612000,
        "incomeBeforeTax": 14281000,
        "incomeBeforeTaxRatio": 0.0616038306,
        "incomeTaxExpense": 5736000,
        "netIncome": 8545000,
        "netIncomeRatio": 0.0368604952,
        "eps": 0.1,
        "epsdiluted": 0.1,
        "weightedAverageShsOut": 82302000,
        "weightedAverageShsOutDil": 82465000,
        "link": "https://www.sec.gov/Archives/edgar/data/832428/000083242817000045/0000832428-17-000045-index.htm",
        "finalLink": "https://www.sec.gov/Archives/edgar/data/832428/000083242817000045/ssp-2017630x10q.htm"
    },
    {
        "date": "2017-03-31",
        "symbol": "SSP",
        "reportedCurrency": "USD",
        "cik": "0000832428",
        "fillingDate": "2017-05-05",
        "acceptedDate": "2017-05-05 15:02:21",
        "calendarYear": "2017",
        "period": "Q1",
        "revenue": 211001000,
        "costOfRevenue": 151968000,
        "grossProfit": 59033000,
        "grossProfitRatio": 0.2797759252,
        "researchAndDevelopmentExpenses": 0,
        "generalAndAdministrativeExpenses": 0,
        "sellingAndMarketingExpenses": 3693000,
        "sellingGeneralAndAdministrativeExpenses": 3693000,
        "otherExpenses": -4346000,
        "operatingExpenses": 57457000,
        "costAndExpenses": 209425000,
        "interestIncome": 0,
        "interestExpense": 4195000,
        "depreciationAndAmortization": 14724000,
        "ebitda": 10594000,
        "ebitdaratio": 0.0502082929,
        "operatingIncome": 1489000,
        "operatingIncomeRatio": 0.0070568386,
        "totalOtherIncomeExpensesNet": -7205000,
        "incomeBeforeTax": -7052000,
        "incomeBeforeTaxRatio": -0.0334216426,
        "incomeTaxExpense": -5113000,
        "netIncome": -1939000,
        "netIncomeRatio": -0.0091895299,
        "eps": -0.0236,
        "epsdiluted": -0.0236,
        "weightedAverageShsOut": 82079000,
        "weightedAverageShsOutDil": 82079000,
        "link": "https://www.sec.gov/Archives/edgar/data/832428/000083242817000037/0000832428-17-000037-index.htm",
        "finalLink": "https://www.sec.gov/Archives/edgar/data/832428/000083242817000037/ssp-2017331x10q.htm"
    },
    {
        "date": "2016-12-31",
        "symbol": "SSP",
        "reportedCurrency": "USD",
        "cik": "0000832428",
        "fillingDate": "2017-02-24",
        "acceptedDate": "2017-02-24 10:31:50",
        "calendarYear": "2016",
        "period": "Q4",
        "revenue": 272692000,
        "costOfRevenue": 186721000,
        "grossProfit": 85971000,
        "grossProfitRatio": 0.3152677746,
        "researchAndDevelopmentExpenses": 0,
        "generalAndAdministrativeExpenses": 3828000,
        "sellingAndMarketingExpenses": 3074000,
        "sellingGeneralAndAdministrativeExpenses": 6902000,
        "otherExpenses": -1401000,
        "operatingExpenses": 18320000,
        "costAndExpenses": 205041000,
        "interestIncome": 0,
        "interestExpense": 4436000,
        "depreciationAndAmortization": 14492000,
        "ebitda": 80339000,
        "ebitdaratio": 0.2946144368,
        "operatingIncome": 67152000,
        "operatingIncomeRatio": 0.2462558491,
        "totalOtherIncomeExpensesNet": -5837000,
        "incomeBeforeTax": 61315000,
        "incomeBeforeTaxRatio": 0.2248507474,
        "incomeTaxExpense": 22978000,
        "netIncome": 38337000,
        "netIncomeRatio": 0.1405871826,
        "eps": 0.46,
        "epsdiluted": 0.46,
        "weightedAverageShsOut": 82401000,
        "weightedAverageShsOutDil": 82684000,
        "link": "https://www.sec.gov/Archives/edgar/data/832428/000083242817000010/0000832428-17-000010-index.htm",
        "finalLink": "https://www.sec.gov/Archives/edgar/data/832428/000083242817000010/ssp-20161231x10k.htm"
    },
    {
        "date": "2016-09-30",
        "symbol": "SSP",
        "reportedCurrency": "USD",
        "cik": "0000832428",
        "fillingDate": "2016-11-04",
        "acceptedDate": "2016-11-04 15:08:03",
        "calendarYear": "2016",
        "period": "Q3",
        "revenue": 233040000,
        "costOfRevenue": 141018000,
        "grossProfit": 92022000,
        "grossProfitRatio": 0.3948764161,
        "researchAndDevelopmentExpenses": 0,
        "generalAndAdministrativeExpenses": 3605000,
        "sellingAndMarketingExpenses": 2629000,
        "sellingGeneralAndAdministrativeExpenses": 6234000,
        "otherExpenses": -596000,
        "operatingExpenses": 64671000,
        "costAndExpenses": 205689000,
        "interestIncome": 0,
        "interestExpense": 4592000,
        "depreciationAndAmortization": 14892000,
        "ebitda": 42243000,
        "ebitdaratio": 0.18126931,
        "operatingIncome": 27325000,
        "operatingIncomeRatio": 0.1172545486,
        "totalOtherIncomeExpensesNet": -5188000,
        "incomeBeforeTax": 22137000,
        "incomeBeforeTaxRatio": 0.094992276,
        "incomeTaxExpense": 9615000,
        "netIncome": 12522000,
        "netIncomeRatio": 0.0537332647,
        "eps": 0.15,
        "epsdiluted": 0.15,
        "weightedAverageShsOut": 83230000,
        "weightedAverageShsOutDil": 83518000,
        "link": "https://www.sec.gov/Archives/edgar/data/832428/000083242816000100/0000832428-16-000100-index.htm",
        "finalLink": "https://www.sec.gov/Archives/edgar/data/832428/000083242816000100/ssp-2016930x10q.htm"
    },
    {
        "date": "2016-06-30",
        "symbol": "SSP",
        "reportedCurrency": "USD",
        "cik": "0000832428",
        "fillingDate": "2016-08-05",
        "acceptedDate": "2016-08-05 14:26:19",
        "calendarYear": "2016",
        "period": "Q2",
        "revenue": 227817000,
        "costOfRevenue": 139190000,
        "grossProfit": 88627000,
        "grossProfitRatio": 0.3890271578,
        "researchAndDevelopmentExpenses": 0,
        "generalAndAdministrativeExpenses": 3449000,
        "sellingAndMarketingExpenses": 5003000,
        "sellingGeneralAndAdministrativeExpenses": 8452000,
        "otherExpenses": -458000,
        "operatingExpenses": 65295000,
        "costAndExpenses": 204485000,
        "interestIncome": 0,
        "interestExpense": 4432000,
        "depreciationAndAmortization": 14786000,
        "ebitda": 38118000,
        "ebitdaratio": 0.1673185056,
        "operatingIncome": 23310000,
        "operatingIncomeRatio": 0.1023189665,
        "totalOtherIncomeExpensesNet": -4890000,
        "incomeBeforeTax": 18420000,
        "incomeBeforeTaxRatio": 0.08085437,
        "incomeTaxExpense": 6932000,
        "netIncome": 11488000,
        "netIncomeRatio": 0.0504264388,
        "eps": 0.14,
        "epsdiluted": 0.13,
        "weightedAverageShsOut": 83773000,
        "weightedAverageShsOutDil": 84051000,
        "link": "https://www.sec.gov/Archives/edgar/data/832428/000083242816000094/0000832428-16-000094-index.htm",
        "finalLink": "https://www.sec.gov/Archives/edgar/data/832428/000083242816000094/ssp-2016630x10q.htm"
    },
    {
        "date": "2016-03-31",
        "symbol": "SSP",
        "reportedCurrency": "USD",
        "cik": "0000832428",
        "fillingDate": "2016-05-06",
        "acceptedDate": "2016-05-06 15:54:30",
        "calendarYear": "2016",
        "period": "Q1",
        "revenue": 209498000,
        "costOfRevenue": 138676000,
        "grossProfit": 70822000,
        "grossProfitRatio": 0.3380557332,
        "researchAndDevelopmentExpenses": 0,
        "generalAndAdministrativeExpenses": 3450000,
        "sellingAndMarketingExpenses": 2925000,
        "sellingGeneralAndAdministrativeExpenses": 6375000,
        "otherExpenses": -191000,
        "operatingExpenses": 61385000,
        "costAndExpenses": 200061000,
        "interestIncome": 0,
        "interestExpense": 4579000,
        "depreciationAndAmortization": 14411000,
        "ebitda": 23848000,
        "ebitdaratio": 0.1138340223,
        "operatingIncome": 8863000,
        "operatingIncomeRatio": 0.0423058931,
        "totalOtherIncomeExpensesNet": -4770000,
        "incomeBeforeTax": 4093000,
        "incomeBeforeTaxRatio": 0.0195371794,
        "incomeTaxExpense": -795000,
        "netIncome": 4888000,
        "netIncomeRatio": 0.023331965,
        "eps": 0.06,
        "epsdiluted": 0.06,
        "weightedAverageShsOut": 83965000,
        "weightedAverageShsOutDil": 84225000,
        "link": "https://www.sec.gov/Archives/edgar/data/832428/000083242816000087/0000832428-16-000087-index.htm",
        "finalLink": "https://www.sec.gov/Archives/edgar/data/832428/000083242816000087/ssp-2016331x10q.htm"
    },
    {
        "date": "2015-12-31",
        "symbol": "SSP",
        "reportedCurrency": "USD",
        "cik": "0000832428",
        "fillingDate": "2016-02-26",
        "acceptedDate": "2016-02-26 16:14:17",
        "calendarYear": "2015",
        "period": "Q4",
        "revenue": 204808000,
        "costOfRevenue": 173168000,
        "grossProfit": 31640000,
        "grossProfitRatio": 0.1544861529,
        "researchAndDevelopmentExpenses": 0,
        "generalAndAdministrativeExpenses": 48892000,
        "sellingAndMarketingExpenses": 0,
        "sellingGeneralAndAdministrativeExpenses": 48892000,
        "otherExpenses": -1433000,
        "operatingExpenses": 62910000,
        "costAndExpenses": 236078000,
        "interestIncome": 0,
        "interestExpense": 4576000,
        "depreciationAndAmortization": 14018000,
        "ebitda": -17232000,
        "ebitdaratio": -0.0841373384,
        "operatingIncome": -32209000,
        "operatingIncomeRatio": -0.1572643647,
        "totalOtherIncomeExpensesNet": -6009000,
        "incomeBeforeTax": -38218000,
        "incomeBeforeTaxRatio": -0.1866040389,
        "incomeTaxExpense": -17094000,
        "netIncome": -21531000,
        "netIncomeRatio": -0.1051277294,
        "eps": -0.26,
        "epsdiluted": -0.26,
        "weightedAverageShsOut": 83775000,
        "weightedAverageShsOutDil": 83775000,
        "link": "https://www.sec.gov/Archives/edgar/data/832428/000083242816000080/0000832428-16-000080-index.htm",
        "finalLink": "https://www.sec.gov/Archives/edgar/data/832428/000083242816000080/ssp-20151231x10k.htm"
    },
    {
        "date": "2015-09-30",
        "symbol": "SSP",
        "reportedCurrency": "USD",
        "cik": "0000832428",
        "fillingDate": "2015-11-06",
        "acceptedDate": "2015-11-06 14:12:31",
        "calendarYear": "2015",
        "period": "Q3",
        "revenue": 189691000,
        "costOfRevenue": 127571000,
        "grossProfit": 62120000,
        "grossProfitRatio": 0.3274799542,
        "researchAndDevelopmentExpenses": 0,
        "generalAndAdministrativeExpenses": 2976000,
        "sellingAndMarketingExpenses": 2503000,
        "sellingGeneralAndAdministrativeExpenses": 5479000,
        "otherExpenses": 1061000,
        "operatingExpenses": 58458000,
        "costAndExpenses": 186029000,
        "interestIncome": 0,
        "interestExpense": 4246000,
        "depreciationAndAmortization": 16273000,
        "ebitda": -8023000,
        "ebitdaratio": -0.042295101,
        "operatingIncome": -25357000,
        "operatingIncomeRatio": -0.133675293,
        "totalOtherIncomeExpensesNet": -3185000,
        "incomeBeforeTax": -28542000,
        "incomeBeforeTaxRatio": -0.1504657575,
        "incomeTaxExpense": -4099000,
        "netIncome": -24443000,
        "netIncomeRatio": -0.1288569305,
        "eps": -0.29,
        "epsdiluted": -0.29,
        "weightedAverageShsOut": 84107000,
        "weightedAverageShsOutDil": 84107000,
        "link": "https://www.sec.gov/Archives/edgar/data/832428/000083242815000071/0000832428-15-000071-index.htm",
        "finalLink": "https://www.sec.gov/Archives/edgar/data/832428/000083242815000071/ssp-2015930x10q.htm"
    },
    {
        "date": "2015-06-30",
        "symbol": "SSP",
        "reportedCurrency": "USD",
        "cik": "0000832428",
        "fillingDate": "2015-08-10",
        "acceptedDate": "2015-08-10 15:09:46",
        "calendarYear": "2015",
        "period": "Q2",
        "revenue": 198134000,
        "costOfRevenue": 166116000,
        "grossProfit": 32018000,
        "grossProfitRatio": 0.1615977066,
        "researchAndDevelopmentExpenses": 0,
        "generalAndAdministrativeExpenses": 4120000,
        "sellingAndMarketingExpenses": 0,
        "sellingGeneralAndAdministrativeExpenses": 4120000,
        "otherExpenses": 387000,
        "operatingExpenses": 17486000,
        "costAndExpenses": 183602000,
        "interestIncome": 0,
        "interestExpense": 4225000,
        "depreciationAndAmortization": 13366000,
        "ebitda": -10138000,
        "ebitdaratio": -0.0511673918,
        "operatingIncome": -15656000,
        "operatingIncomeRatio": -0.0790172308,
        "totalOtherIncomeExpensesNet": -3838000,
        "incomeBeforeTax": -19494000,
        "incomeBeforeTaxRatio": -0.0983879597,
        "incomeTaxExpense": -6539000,
        "netIncome": -31403000,
        "netIncomeRatio": -0.1584937467,
        "eps": -0.37,
        "epsdiluted": -0.37,
        "weightedAverageShsOut": 83903000,
        "weightedAverageShsOutDil": 83903000,
        "link": "https://www.sec.gov/Archives/edgar/data/832428/000083242815000061/0000832428-15-000061-index.htm",
        "finalLink": "https://www.sec.gov/Archives/edgar/data/832428/000083242815000061/ssp-2015630x10q.htm"
    },
    {
        "date": "2015-03-31",
        "symbol": "SSP",
        "reportedCurrency": "USD",
        "cik": "0000832428",
        "fillingDate": "2015-05-08",
        "acceptedDate": "2015-05-08 14:15:40",
        "calendarYear": "2015",
        "period": "Q1",
        "revenue": 214500000,
        "costOfRevenue": 198030000,
        "grossProfit": 16470000,
        "grossProfitRatio": 0.0767832168,
        "researchAndDevelopmentExpenses": 0,
        "generalAndAdministrativeExpenses": 2762000,
        "sellingAndMarketingExpenses": 0,
        "sellingGeneralAndAdministrativeExpenses": 2762000,
        "otherExpenses": -1324000,
        "operatingExpenses": 14929000,
        "costAndExpenses": 212959000,
        "interestIncome": 0,
        "interestExpense": 2052000,
        "depreciationAndAmortization": 12167000,
        "ebitda": 2171000,
        "ebitdaratio": 0.0101212121,
        "operatingIncome": -4468000,
        "operatingIncomeRatio": -0.0208298368,
        "totalOtherIncomeExpensesNet": -8670000,
        "incomeBeforeTax": -7844000,
        "incomeBeforeTaxRatio": -0.0365687646,
        "incomeTaxExpense": -2744000,
        "netIncome": -5100000,
        "netIncomeRatio": -0.0237762238,
        "eps": -0.089,
        "epsdiluted": -0.089,
        "weightedAverageShsOut": 57335000,
        "weightedAverageShsOutDil": 57335000,
        "link": "https://www.sec.gov/Archives/edgar/data/832428/000083242815000050/0000832428-15-000050-index.htm",
        "finalLink": "https://www.sec.gov/Archives/edgar/data/832428/000083242815000050/ssp-2015331x10q.htm"
    },
    {
        "date": "2014-12-31",
        "symbol": "SSP",
        "reportedCurrency": "USD",
        "cik": "0000832428",
        "fillingDate": "2015-03-13",
        "acceptedDate": "2015-03-13 15:40:21",
        "calendarYear": "2014",
        "period": "Q4",
        "revenue": 245728000,
        "costOfRevenue": 198975000,
        "grossProfit": 46753000,
        "grossProfitRatio": 0.1902632179,
        "researchAndDevelopmentExpenses": 0,
        "generalAndAdministrativeExpenses": 1475000,
        "sellingAndMarketingExpenses": 0,
        "sellingGeneralAndAdministrativeExpenses": 1475000,
        "otherExpenses": -7328000,
        "operatingExpenses": 14026000,
        "costAndExpenses": 213001000,
        "interestIncome": 0,
        "interestExpense": 2147000,
        "depreciationAndAmortization": 12551000,
        "ebitda": 37950000,
        "ebitdaratio": 0.1544390546,
        "operatingIncome": 27560000,
        "operatingIncomeRatio": 0.1121565308,
        "totalOtherIncomeExpensesNet": -5471000,
        "incomeBeforeTax": 18085000,
        "incomeBeforeTaxRatio": 0.0735976364,
        "incomeTaxExpense": 2373000,
        "netIncome": 15717000,
        "netIncomeRatio": 0.063960965,
        "eps": 0.27,
        "epsdiluted": 0.27,
        "weightedAverageShsOut": 56763000,
        "weightedAverageShsOutDil": 57474000,
        "link": "https://www.sec.gov/Archives/edgar/data/832428/000083242815000043/0000832428-15-000043-index.htm",
        "finalLink": "https://www.sec.gov/Archives/edgar/data/832428/000083242815000043/ssp-20141231x10k.htm"
    },
    {
        "date": "2014-09-30",
        "symbol": "SSP",
        "reportedCurrency": "USD",
        "cik": "0000832428",
        "fillingDate": "2014-11-07",
        "acceptedDate": "2014-11-07 14:04:20",
        "calendarYear": "2014",
        "period": "Q3",
        "revenue": 207600000,
        "costOfRevenue": 144607000,
        "grossProfit": 62993000,
        "grossProfitRatio": 0.3034344894,
        "researchAndDevelopmentExpenses": 0,
        "generalAndAdministrativeExpenses": 1670000,
        "sellingAndMarketingExpenses": 2219000,
        "sellingGeneralAndAdministrativeExpenses": 3889000,
        "otherExpenses": -216000,
        "operatingExpenses": 58238000,
        "costAndExpenses": 202845000,
        "interestIncome": 0,
        "interestExpense": 2050000,
        "depreciationAndAmortization": 13195000,
        "ebitda": 14188000,
        "ebitdaratio": 0.0683429672,
        "operatingIncome": 2657000,
        "operatingIncomeRatio": 0.0127986513,
        "totalOtherIncomeExpensesNet": -1880000,
        "incomeBeforeTax": 391000,
        "incomeBeforeTaxRatio": 0.0018834297,
        "incomeTaxExpense": 1835000,
        "netIncome": -1341000,
        "netIncomeRatio": -0.0064595376,
        "eps": -0.0237,
        "epsdiluted": -0.0237,
        "weightedAverageShsOut": 56469000,
        "weightedAverageShsOutDil": 56469000,
        "link": "https://www.sec.gov/Archives/edgar/data/832428/000083242814000088/0000832428-14-000088-index.htm",
        "finalLink": "https://www.sec.gov/Archives/edgar/data/832428/000083242814000088/ssp-20140930x10q.htm"
    },
    {
        "date": "2014-06-30",
        "symbol": "SSP",
        "reportedCurrency": "USD",
        "cik": "0000832428",
        "fillingDate": "2014-08-08",
        "acceptedDate": "2014-08-08 13:53:05",
        "calendarYear": "2014",
        "period": "Q2",
        "revenue": 211946000,
        "costOfRevenue": 143138000,
        "grossProfit": 68808000,
        "grossProfitRatio": 0.3246487313,
        "researchAndDevelopmentExpenses": 0,
        "generalAndAdministrativeExpenses": 5477000,
        "sellingAndMarketingExpenses": 4701000,
        "sellingGeneralAndAdministrativeExpenses": 10178000,
        "otherExpenses": -400000,
        "operatingExpenses": 67707000,
        "costAndExpenses": 210845000,
        "interestIncome": 0,
        "interestExpense": 2043000,
        "depreciationAndAmortization": 11595000,
        "ebitda": 4312000,
        "ebitdaratio": 0.0203448048,
        "operatingIncome": -3018000,
        "operatingIncomeRatio": -0.0142394761,
        "totalOtherIncomeExpensesNet": -3312000,
        "incomeBeforeTax": -5461000,
        "incomeBeforeTaxRatio": -0.025765997,
        "incomeTaxExpense": -2027000,
        "netIncome": -3235000,
        "netIncomeRatio": -0.0152633218,
        "eps": -0.0577,
        "epsdiluted": -0.0577,
        "weightedAverageShsOut": 56043000,
        "weightedAverageShsOutDil": 56043000,
        "link": "https://www.sec.gov/Archives/edgar/data/832428/000083242814000062/0000832428-14-000062-index.htm",
        "finalLink": "https://www.sec.gov/Archives/edgar/data/832428/000083242814000062/ssp-20140630x10q.htm"
    },
    {
        "date": "2014-03-31",
        "symbol": "SSP",
        "reportedCurrency": "USD",
        "cik": "0000832428",
        "fillingDate": "2014-05-09",
        "acceptedDate": "2014-05-09 10:32:26",
        "calendarYear": "2014",
        "period": "Q1",
        "revenue": 203794000,
        "costOfRevenue": 142335000,
        "grossProfit": 61459000,
        "grossProfitRatio": 0.3015741386,
        "researchAndDevelopmentExpenses": 0,
        "generalAndAdministrativeExpenses": 1378000,
        "sellingAndMarketingExpenses": 3034000,
        "sellingGeneralAndAdministrativeExpenses": 4412000,
        "otherExpenses": -445000,
        "operatingExpenses": 59191000,
        "costAndExpenses": 201526000,
        "interestIncome": 0,
        "interestExpense": 2254000,
        "depreciationAndAmortization": 11729000,
        "ebitda": 7771000,
        "ebitdaratio": 0.0381316427,
        "operatingIncome": 1938000,
        "operatingIncomeRatio": 0.0095096028,
        "totalOtherIncomeExpensesNet": -2699000,
        "incomeBeforeTax": -761000,
        "incomeBeforeTaxRatio": -0.0037341629,
        "incomeTaxExpense": -149000,
        "netIncome": -612000,
        "netIncomeRatio": -0.0030030325,
        "eps": -0.0109,
        "epsdiluted": -0.0109,
        "weightedAverageShsOut": 56084000,
        "weightedAverageShsOutDil": 56084000,
        "link": "https://www.sec.gov/Archives/edgar/data/832428/000083242814000020/0000832428-14-000020-index.htm",
        "finalLink": "https://www.sec.gov/Archives/edgar/data/832428/000083242814000020/ssp-20140331x10q.htm"
    },
    {
        "date": "2013-12-31",
        "symbol": "SSP",
        "reportedCurrency": "USD",
        "cik": "0000832428",
        "fillingDate": "2014-03-04",
        "acceptedDate": "2014-03-04 15:12:13",
        "calendarYear": "2013",
        "period": "Q4",
        "revenue": 220830000,
        "costOfRevenue": 188405000,
        "grossProfit": 32425000,
        "grossProfitRatio": 0.146832405,
        "researchAndDevelopmentExpenses": 0,
        "generalAndAdministrativeExpenses": 1809000,
        "sellingAndMarketingExpenses": 0,
        "sellingGeneralAndAdministrativeExpenses": 1809000,
        "otherExpenses": -7735000,
        "operatingExpenses": 13887000,
        "costAndExpenses": 202292000,
        "interestIncome": 0,
        "interestExpense": 2524000,
        "depreciationAndAmortization": 12078000,
        "ebitda": 30616000,
        "ebitdaratio": 0.1386405833,
        "operatingIncome": 17310000,
        "operatingIncomeRatio": 0.0783860888,
        "totalOtherIncomeExpensesNet": -10259000,
        "incomeBeforeTax": 7051000,
        "incomeBeforeTaxRatio": 0.0319295386,
        "incomeTaxExpense": -562000,
        "netIncome": 7863000,
        "netIncomeRatio": 0.0356065752,
        "eps": 0.14,
        "epsdiluted": 0.14,
        "weightedAverageShsOut": 55980000,
        "weightedAverageShsOutDil": 57272000,
        "link": "https://www.sec.gov/Archives/edgar/data/832428/000083242814000012/0000832428-14-000012-index.htm",
        "finalLink": "https://www.sec.gov/Archives/edgar/data/832428/000083242814000012/ssp-20131231x10k.htm"
    },
    {
        "date": "2013-09-30",
        "symbol": "SSP",
        "reportedCurrency": "USD",
        "cik": "0000832428",
        "fillingDate": "2013-11-08",
        "acceptedDate": "2013-11-08 08:19:02",
        "calendarYear": "2013",
        "period": "Q3",
        "revenue": 189535000,
        "costOfRevenue": 135712000,
        "grossProfit": 53823000,
        "grossProfitRatio": 0.2839739362,
        "researchAndDevelopmentExpenses": 0,
        "generalAndAdministrativeExpenses": 2490000,
        "sellingAndMarketingExpenses": 3595000,
        "sellingGeneralAndAdministrativeExpenses": 6085000,
        "otherExpenses": -1087000,
        "operatingExpenses": 60512000,
        "costAndExpenses": 196224000,
        "interestIncome": 0,
        "interestExpense": 2655000,
        "depreciationAndAmortization": 12096000,
        "ebitda": 4320000,
        "ebitdaratio": 0.0227926241,
        "operatingIncome": -8156000,
        "operatingIncomeRatio": -0.04303163,
        "totalOtherIncomeExpensesNet": -3742000,
        "incomeBeforeTax": -11898000,
        "incomeBeforeTaxRatio": -0.0627746854,
        "incomeTaxExpense": -3047000,
        "netIncome": -8851000,
        "netIncomeRatio": -0.046698499,
        "eps": -0.16,
        "epsdiluted": -0.16,
        "weightedAverageShsOut": 55318750,
        "weightedAverageShsOutDil": 56177000,
        "link": "https://www.sec.gov/Archives/edgar/data/832428/000083242813000039/0000832428-13-000039-index.htm",
        "finalLink": "https://www.sec.gov/Archives/edgar/data/832428/000083242813000039/ssp-20130930x10q.htm"
    },
    {
        "date": "2013-06-30",
        "symbol": "SSP",
        "reportedCurrency": "USD",
        "cik": "0000832428",
        "fillingDate": "2013-08-09",
        "acceptedDate": "2013-08-09 11:15:37",
        "calendarYear": "2013",
        "period": "Q2",
        "revenue": 207853000,
        "costOfRevenue": 183941000,
        "grossProfit": 23912000,
        "grossProfitRatio": 0.1150428428,
        "researchAndDevelopmentExpenses": 0,
        "generalAndAdministrativeExpenses": 2569000,
        "sellingAndMarketingExpenses": 0,
        "sellingGeneralAndAdministrativeExpenses": 2569000,
        "otherExpenses": -1634000,
        "operatingExpenses": 14343000,
        "costAndExpenses": 198284000,
        "interestIncome": 0,
        "interestExpense": 2656000,
        "depreciationAndAmortization": 11774000,
        "ebitda": 18326000,
        "ebitdaratio": 0.0881680803,
        "operatingIncome": 8186000,
        "operatingIncomeRatio": 0.0393836028,
        "totalOtherIncomeExpensesNet": -4290000,
        "incomeBeforeTax": 3896000,
        "incomeBeforeTaxRatio": 0.0187440162,
        "incomeTaxExpense": 711000,
        "netIncome": 3185000,
        "netIncomeRatio": 0.0153233295,
        "eps": 0.05,
        "epsdiluted": 0.05,
        "weightedAverageShsOut": 57448000,
        "weightedAverageShsOutDil": 58747000,
        "link": "https://www.sec.gov/Archives/edgar/data/832428/000083242813000032/0000832428-13-000032-index.htm",
        "finalLink": "https://www.sec.gov/Archives/edgar/data/832428/000083242813000032/ssp-20130630x10q.htm"
    },
    {
        "date": "2013-03-31",
        "symbol": "SSP",
        "reportedCurrency": "USD",
        "cik": "0000832428",
        "fillingDate": "2013-05-07",
        "acceptedDate": "2013-05-07 13:11:10",
        "calendarYear": "2013",
        "period": "Q1",
        "revenue": 198653000,
        "costOfRevenue": 187593000,
        "grossProfit": 11060000,
        "grossProfitRatio": 0.0556749709,
        "researchAndDevelopmentExpenses": 0,
        "generalAndAdministrativeExpenses": 1969000,
        "sellingAndMarketingExpenses": 0,
        "sellingGeneralAndAdministrativeExpenses": 1969000,
        "otherExpenses": -1304000,
        "operatingExpenses": 13783000,
        "costAndExpenses": 201376000,
        "interestIncome": 0,
        "interestExpense": 2613000,
        "depreciationAndAmortization": 11814000,
        "ebitda": 6806000,
        "ebitdaratio": 0.0342607461,
        "operatingIncome": -3704000,
        "operatingIncomeRatio": -0.018645578,
        "totalOtherIncomeExpensesNet": -4898000,
        "incomeBeforeTax": -7621000,
        "incomeBeforeTaxRatio": -0.0383633773,
        "incomeTaxExpense": -4950000,
        "netIncome": -2671000,
        "netIncomeRatio": -0.0134455558,
        "eps": -0.0474,
        "epsdiluted": -0.0474,
        "weightedAverageShsOut": 56330000,
        "weightedAverageShsOutDil": 56330000,
        "link": "https://www.sec.gov/Archives/edgar/data/832428/000083242813000024/0000832428-13-000024-index.htm",
        "finalLink": "https://www.sec.gov/Archives/edgar/data/832428/000083242813000024/ssp-20130331x10q.htm"
    },
    {
        "date": "2012-12-31",
        "symbol": "SSP",
        "reportedCurrency": "USD",
        "cik": "0000832428",
        "fillingDate": "2013-03-06",
        "acceptedDate": "2013-03-06 14:28:20",
        "calendarYear": "2012",
        "period": "Q4",
        "revenue": 259753000,
        "costOfRevenue": 195894000,
        "grossProfit": 63859000,
        "grossProfitRatio": 0.2458450913,
        "researchAndDevelopmentExpenses": 0,
        "generalAndAdministrativeExpenses": 2865000,
        "sellingAndMarketingExpenses": 0,
        "sellingGeneralAndAdministrativeExpenses": 2865000,
        "otherExpenses": -2295000,
        "operatingExpenses": 15152000,
        "costAndExpenses": 211046000,
        "interestIncome": 0,
        "interestExpense": 2593000,
        "depreciationAndAmortization": 12287000,
        "ebitda": 55360000,
        "ebitdaratio": 0.2131255462,
        "operatingIncome": 45368000,
        "operatingIncomeRatio": 0.174658233,
        "totalOtherIncomeExpensesNet": -8227000,
        "incomeBeforeTax": 40480000,
        "incomeBeforeTaxRatio": 0.155840356,
        "incomeTaxExpense": 13561000,
        "netIncome": 27185000,
        "netIncomeRatio": 0.1046571166,
        "eps": 0.47,
        "epsdiluted": 0.47,
        "weightedAverageShsOut": 55072000,
        "weightedAverageShsOutDil": 55073000,
        "link": "https://www.sec.gov/Archives/edgar/data/832428/000083242813000014/0000832428-13-000014-index.htm",
        "finalLink": "https://www.sec.gov/Archives/edgar/data/832428/000083242813000014/ssp-20121231x10k.htm"
    },
    {
        "date": "2012-09-30",
        "symbol": "SSP",
        "reportedCurrency": "USD",
        "cik": "0000832428",
        "fillingDate": "2012-11-09",
        "acceptedDate": "2012-11-09 15:29:04",
        "calendarYear": "2012",
        "period": "Q3",
        "revenue": 219644000,
        "costOfRevenue": 26263000,
        "grossProfit": 193381000,
        "grossProfitRatio": 0.88042924,
        "researchAndDevelopmentExpenses": 0,
        "generalAndAdministrativeExpenses": 98697000,
        "sellingAndMarketingExpenses": 0,
        "sellingGeneralAndAdministrativeExpenses": 98697000,
        "otherExpenses": -900000,
        "operatingExpenses": 110833000,
        "costAndExpenses": 137096000,
        "interestIncome": 0,
        "interestExpense": 3288000,
        "depreciationAndAmortization": 12136000,
        "ebitda": 29574000,
        "ebitdaratio": 0.1346451531,
        "operatingIncome": 18338000,
        "operatingIncomeRatio": 0.0834896469,
        "totalOtherIncomeExpensesNet": -4188000,
        "incomeBeforeTax": 14150000,
        "incomeBeforeTaxRatio": 0.064422429,
        "incomeTaxExpense": 2148000,
        "netIncome": 12002000,
        "netIncomeRatio": 0.0546429677,
        "eps": 0.21,
        "epsdiluted": 0.21,
        "weightedAverageShsOut": 54637000,
        "weightedAverageShsOutDil": 55211000,
        "link": "https://www.sec.gov/Archives/edgar/data/832428/000119312512463094/0001193125-12-463094-index.htm",
        "finalLink": "https://www.sec.gov/Archives/edgar/data/832428/000119312512463094/d399094d10q.htm"
    },
    {
        "date": "2012-06-30",
        "symbol": "SSP",
        "reportedCurrency": "USD",
        "cik": "0000832428",
        "fillingDate": "2012-08-07",
        "acceptedDate": "2012-08-07 16:17:03",
        "calendarYear": "2012",
        "period": "Q2",
        "revenue": 216934000,
        "costOfRevenue": 27177000,
        "grossProfit": 189757000,
        "grossProfitRatio": 0.8747222658,
        "researchAndDevelopmentExpenses": 0,
        "generalAndAdministrativeExpenses": 99054000,
        "sellingAndMarketingExpenses": 0,
        "sellingGeneralAndAdministrativeExpenses": 99054000,
        "otherExpenses": -1435000,
        "operatingExpenses": 111657000,
        "costAndExpenses": 138834000,
        "interestIncome": 0,
        "interestExpense": 3211000,
        "depreciationAndAmortization": 12603000,
        "ebitda": 25535000,
        "ebitdaratio": 0.1177086118,
        "operatingIncome": 14367000,
        "operatingIncomeRatio": 0.0662275162,
        "totalOtherIncomeExpensesNet": -4646000,
        "incomeBeforeTax": 9721000,
        "incomeBeforeTaxRatio": 0.0448108641,
        "incomeTaxExpense": 4305000,
        "netIncome": 5416000,
        "netIncomeRatio": 0.0249661187,
        "eps": 0.09,
        "epsdiluted": 0.09,
        "weightedAverageShsOut": 55146000,
        "weightedAverageShsOutDil": 55486000,
        "link": "https://www.sec.gov/Archives/edgar/data/832428/000119312512340944/0001193125-12-340944-index.htm",
        "finalLink": "https://www.sec.gov/Archives/edgar/data/832428/000119312512340944/d359735d10q.htm"
    },
    {
        "date": "2012-03-31",
        "symbol": "SSP",
        "reportedCurrency": "USD",
        "cik": "0000832428",
        "fillingDate": "2012-05-08",
        "acceptedDate": "2012-05-08 16:50:02",
        "calendarYear": "2012",
        "period": "Q1",
        "revenue": 207127000,
        "costOfRevenue": 28220000,
        "grossProfit": 178907000,
        "grossProfitRatio": 0.8637550875,
        "researchAndDevelopmentExpenses": 0,
        "generalAndAdministrativeExpenses": 107469000,
        "sellingAndMarketingExpenses": 0,
        "sellingGeneralAndAdministrativeExpenses": 107469000,
        "otherExpenses": -117000,
        "operatingExpenses": 119775000,
        "costAndExpenses": 147995000,
        "interestIncome": 0,
        "interestExpense": 3154000,
        "depreciationAndAmortization": 12306000,
        "ebitda": 1466000,
        "ebitdaratio": 0.0070777832,
        "operatingIncome": -4173000,
        "operatingIncomeRatio": -0.0201470595,
        "totalOtherIncomeExpensesNet": -3271000,
        "incomeBeforeTax": -7444000,
        "incomeBeforeTaxRatio": -0.0359393029,
        "incomeTaxExpense": -3029000,
        "netIncome": -4415000,
        "netIncomeRatio": -0.0213154248,
        "eps": -0.0806,
        "epsdiluted": -0.0806,
        "weightedAverageShsOut": 54775000,
        "weightedAverageShsOutDil": 54775000,
        "link": "https://www.sec.gov/Archives/edgar/data/832428/000119312512218711/0001193125-12-218711-index.htm",
        "finalLink": "https://www.sec.gov/Archives/edgar/data/832428/000119312512218711/d336414d10q.htm"
    },
    {
        "date": "2011-12-31",
        "symbol": "SSP",
        "reportedCurrency": "USD",
        "cik": "0000832428",
        "fillingDate": "2012-03-07",
        "acceptedDate": "2012-03-07 15:25:49",
        "calendarYear": "2011",
        "period": "Q4",
        "revenue": 197397000,
        "costOfRevenue": 25407000,
        "grossProfit": 171990000,
        "grossProfitRatio": 0.8712898372,
        "researchAndDevelopmentExpenses": 0,
        "generalAndAdministrativeExpenses": 91967000,
        "sellingAndMarketingExpenses": 0,
        "sellingGeneralAndAdministrativeExpenses": 91967000,
        "otherExpenses": -53000,
        "operatingExpenses": 331294000,
        "costAndExpenses": 356701000,
        "interestIncome": 0,
        "interestExpense": 473000,
        "depreciationAndAmortization": 9568000,
        "ebitda": 16803000,
        "ebitdaratio": 0.0851228742,
        "operatingIncome": 7288000,
        "operatingIncomeRatio": 0.0369205206,
        "totalOtherIncomeExpensesNet": 127932000,
        "incomeBeforeTax": 6762000,
        "incomeBeforeTaxRatio": 0.0342558398,
        "incomeTaxExpense": 620000,
        "netIncome": 6292000,
        "netIncomeRatio": 0.0318748512,
        "eps": 0.11,
        "epsdiluted": 0.11,
        "weightedAverageShsOut": 54655000,
        "weightedAverageShsOutDil": 54775000,
        "link": "https://www.sec.gov/Archives/edgar/data/832428/000095012312004632/0000950123-12-004632-index.htm",
        "finalLink": "https://www.sec.gov/Archives/edgar/data/832428/000095012312004632/c25814e10vk.htm"
    },
    {
        "date": "2011-09-30",
        "symbol": "SSP",
        "reportedCurrency": "USD",
        "cik": "0000832428",
        "fillingDate": "2011-11-09",
        "acceptedDate": "2011-11-09 13:34:09",
        "calendarYear": "2011",
        "period": "Q3",
        "revenue": 167871000,
        "costOfRevenue": 164624000,
        "grossProfit": 3247000,
        "grossProfitRatio": 0.019342233,
        "researchAndDevelopmentExpenses": 0,
        "generalAndAdministrativeExpenses": 83058000,
        "sellingAndMarketingExpenses": 0,
        "sellingGeneralAndAdministrativeExpenses": 83058000,
        "otherExpenses": 110000,
        "operatingExpenses": 10052000,
        "costAndExpenses": 174676000,
        "interestIncome": 0,
        "interestExpense": 362000,
        "depreciationAndAmortization": 10052000,
        "ebitda": -7781000,
        "ebitdaratio": -0.0463510672,
        "operatingIncome": -17943000,
        "operatingIncomeRatio": -0.1068856443,
        "totalOtherIncomeExpensesNet": -252000,
        "incomeBeforeTax": -18195000,
        "incomeBeforeTaxRatio": -0.108386797,
        "incomeTaxExpense": -7473000,
        "netIncome": -10722000,
        "netIncomeRatio": -0.063870472,
        "eps": -0.19,
        "epsdiluted": -0.19,
        "weightedAverageShsOut": 56834000,
        "weightedAverageShsOutDil": 56834000,
        "link": "https://www.sec.gov/Archives/edgar/data/832428/000095012311096922/0000950123-11-096922-index.htm",
        "finalLink": "https://www.sec.gov/Archives/edgar/data/832428/000095012311096922/c24318e10vq.htm"
    },
    {
        "date": "2011-06-30",
        "symbol": "SSP",
        "reportedCurrency": "USD",
        "cik": "0000832428",
        "fillingDate": "2011-08-09",
        "acceptedDate": "2011-08-09 13:25:11",
        "calendarYear": "2011",
        "period": "Q2",
        "revenue": 183034000,
        "costOfRevenue": 27957000,
        "grossProfit": 155077000,
        "grossProfitRatio": 0.8472578865,
        "researchAndDevelopmentExpenses": 0,
        "generalAndAdministrativeExpenses": 85266000,
        "sellingAndMarketingExpenses": 0,
        "sellingGeneralAndAdministrativeExpenses": 85266000,
        "otherExpenses": 70003000,
        "operatingExpenses": 155269000,
        "costAndExpenses": 183226000,
        "interestIncome": 0,
        "interestExpense": 412000,
        "depreciationAndAmortization": 10029000,
        "ebitda": 7767000,
        "ebitdaratio": 0.0424347389,
        "operatingIncome": -2219000,
        "operatingIncomeRatio": -0.0121234306,
        "totalOtherIncomeExpensesNet": -455000,
        "incomeBeforeTax": -2674000,
        "incomeBeforeTaxRatio": -0.0146093076,
        "incomeTaxExpense": -462000,
        "netIncome": -2212000,
        "netIncomeRatio": -0.0120851864,
        "eps": -0.0377,
        "epsdiluted": -0.0377,
        "weightedAverageShsOut": 58707000,
        "weightedAverageShsOutDil": 58707000,
        "link": "https://www.sec.gov/Archives/edgar/data/832428/000095012311074907/0000950123-11-074907-index.htm",
        "finalLink": "https://www.sec.gov/Archives/edgar/data/832428/000095012311074907/c18973e10vq.htm"
    },
    {
        "date": "2011-03-31",
        "symbol": "SSP",
        "reportedCurrency": "USD",
        "cik": "0000832428",
        "fillingDate": "2011-05-10",
        "acceptedDate": "2011-05-10 10:19:10",
        "calendarYear": "2011",
        "period": "Q1",
        "revenue": 180358000,
        "costOfRevenue": 28417000,
        "grossProfit": 151941000,
        "grossProfitRatio": 0.8424411448,
        "researchAndDevelopmentExpenses": 0,
        "generalAndAdministrativeExpenses": 91607000,
        "sellingAndMarketingExpenses": 0,
        "sellingGeneralAndAdministrativeExpenses": 91607000,
        "otherExpenses": -689000,
        "operatingExpenses": 102027000,
        "costAndExpenses": 130444000,
        "interestIncome": 0,
        "interestExpense": 393000,
        "depreciationAndAmortization": 10420000,
        "ebitda": -1517000,
        "ebitdaratio": -0.0084110491,
        "operatingIncome": -10499000,
        "operatingIncomeRatio": -0.0582120006,
        "totalOtherIncomeExpensesNet": -2686000,
        "incomeBeforeTax": -11581000,
        "incomeBeforeTaxRatio": -0.06421118,
        "incomeTaxExpense": -2686000,
        "netIncome": -8895000,
        "netIncomeRatio": -0.0493185775,
        "eps": -0.15,
        "epsdiluted": -0.15,
        "weightedAverageShsOut": 58689000,
        "weightedAverageShsOutDil": 58689000,
        "link": "https://www.sec.gov/Archives/edgar/data/832428/000095012311047934/0000950123-11-047934-index.htm",
        "finalLink": "https://www.sec.gov/Archives/edgar/data/832428/000095012311047934/c16780e10vq.htm"
    },
    {
        "date": "2010-12-31",
        "symbol": "SSP",
        "reportedCurrency": "USD",
        "cik": "0000832428",
        "fillingDate": "2011-03-02",
        "acceptedDate": "2011-03-02 16:18:41",
        "calendarYear": "2010",
        "period": "Q4",
        "revenue": 220238000,
        "costOfRevenue": 27226000,
        "grossProfit": 193012000,
        "grossProfitRatio": 0.8763791898,
        "researchAndDevelopmentExpenses": 0,
        "generalAndAdministrativeExpenses": 90743000,
        "sellingAndMarketingExpenses": 0,
        "sellingGeneralAndAdministrativeExpenses": 90743000,
        "otherExpenses": 848000,
        "operatingExpenses": 329250000,
        "costAndExpenses": 356476000,
        "interestIncome": 0,
        "interestExpense": 1232000,
        "depreciationAndAmortization": 10974000,
        "ebitda": 40729000,
        "ebitdaratio": 0.1849317556,
        "operatingIncome": 28907000,
        "operatingIncomeRatio": 0.1312534622,
        "totalOtherIncomeExpensesNet": 123578000,
        "incomeBeforeTax": 28523000,
        "incomeBeforeTaxRatio": 0.1295098938,
        "incomeTaxExpense": 4861000,
        "netIncome": 25637000,
        "netIncomeRatio": 0.1164058882,
        "eps": 0.44,
        "epsdiluted": 0.44,
        "weightedAverageShsOut": 57892000,
        "weightedAverageShsOutDil": 58689000,
        "link": "https://www.sec.gov/Archives/edgar/data/832428/000095012311021254/0000950123-11-021254-index.htm",
        "finalLink": "https://www.sec.gov/Archives/edgar/data/832428/000095012311021254/c13291e10vk.htm"
    },
    {
        "date": "2010-09-30",
        "symbol": "SSP",
        "reportedCurrency": "USD",
        "cik": "0000832428",
        "fillingDate": "2010-11-02",
        "acceptedDate": "2010-11-02 13:48:08",
        "calendarYear": "2010",
        "period": "Q3",
        "revenue": 183587000,
        "costOfRevenue": 168464000,
        "grossProfit": 15123000,
        "grossProfitRatio": 0.0823751137,
        "researchAndDevelopmentExpenses": 0,
        "generalAndAdministrativeExpenses": 88609000,
        "sellingAndMarketingExpenses": 0,
        "sellingGeneralAndAdministrativeExpenses": 88609000,
        "otherExpenses": 39000,
        "operatingExpenses": 11249000,
        "costAndExpenses": 179713000,
        "interestIncome": 0,
        "interestExpense": 741000,
        "depreciationAndAmortization": 10724000,
        "ebitda": 11431000,
        "ebitdaratio": 0.0622647573,
        "operatingIncome": 668000,
        "operatingIncomeRatio": 0.0036386019,
        "totalOtherIncomeExpensesNet": -702000,
        "incomeBeforeTax": -34000,
        "incomeBeforeTaxRatio": -0.0001851983,
        "incomeTaxExpense": -5459000,
        "netIncome": 6245000,
        "netIncomeRatio": 0.0340165698,
        "eps": 0.1,
        "epsdiluted": 0.1,
        "weightedAverageShsOut": 57435000,
        "weightedAverageShsOutDil": 57502000,
        "link": "https://www.sec.gov/Archives/edgar/data/832428/000095012310099331/0000950123-10-099331-index.htm",
        "finalLink": "https://www.sec.gov/Archives/edgar/data/832428/000095012310099331/c07501e10vq.htm"
    },
    {
        "date": "2010-06-30",
        "symbol": "SSP",
        "reportedCurrency": "USD",
        "cik": "0000832428",
        "fillingDate": "2010-08-09",
        "acceptedDate": "2010-08-09 13:36:03",
        "calendarYear": "2010",
        "period": "Q2",
        "revenue": 188785000,
        "costOfRevenue": 26487000,
        "grossProfit": 162298000,
        "grossProfitRatio": 0.8596975395,
        "researchAndDevelopmentExpenses": 0,
        "generalAndAdministrativeExpenses": 85688000,
        "sellingAndMarketingExpenses": 0,
        "sellingGeneralAndAdministrativeExpenses": 85688000,
        "otherExpenses": 1298000,
        "operatingExpenses": 97265000,
        "costAndExpenses": 123752000,
        "interestIncome": 0,
        "interestExpense": 845000,
        "depreciationAndAmortization": 11412000,
        "ebitda": 16087000,
        "ebitdaratio": 0.0852133379,
        "operatingIncome": 3212000,
        "operatingIncomeRatio": 0.0170140636,
        "totalOtherIncomeExpensesNet": 453000,
        "incomeBeforeTax": 3665000,
        "incomeBeforeTaxRatio": 0.0194136187,
        "incomeTaxExpense": 1817000,
        "netIncome": 99507000,
        "netIncomeRatio": 0.5270916651,
        "eps": 1.56,
        "epsdiluted": 1.55,
        "weightedAverageShsOut": 57001000,
        "weightedAverageShsOutDil": 57213000,
        "link": "https://www.sec.gov/Archives/edgar/data/832428/000095012310074854/0000950123-10-074854-index.htm",
        "finalLink": "https://www.sec.gov/Archives/edgar/data/832428/000095012310074854/c04401e10vq.htm"
    },
    {
        "date": "2010-03-31",
        "symbol": "SSP",
        "reportedCurrency": "USD",
        "cik": "0000832428",
        "fillingDate": "2010-05-10",
        "acceptedDate": "2010-05-10 14:44:25",
        "calendarYear": "2010",
        "period": "Q1",
        "revenue": 199015000,
        "costOfRevenue": 26402000,
        "grossProfit": 172613000,
        "grossProfitRatio": 0.8673366329,
        "researchAndDevelopmentExpenses": 0,
        "generalAndAdministrativeExpenses": 89296000,
        "sellingAndMarketingExpenses": 0,
        "sellingGeneralAndAdministrativeExpenses": 89296000,
        "otherExpenses": 78902000,
        "operatingExpenses": 168198000,
        "costAndExpenses": 194600000,
        "interestIncome": 0,
        "interestExpense": 848000,
        "depreciationAndAmortization": 11784000,
        "ebitda": 11402000,
        "ebitdaratio": 0.0572921639,
        "operatingIncome": 1072000,
        "operatingIncomeRatio": 0.0053865287,
        "totalOtherIncomeExpensesNet": -3516000,
        "incomeBeforeTax": -266000,
        "incomeBeforeTaxRatio": -0.0013365827,
        "incomeTaxExpense": 614000,
        "netIncome": -880000,
        "netIncomeRatio": -0.0044217773,
        "eps": -0.016,
        "epsdiluted": -0.016,
        "weightedAverageShsOut": 55076000,
        "weightedAverageShsOutDil": 55076000,
        "link": "https://www.sec.gov/Archives/edgar/data/832428/000095012310047068/0000950123-10-047068-index.htm",
        "finalLink": "https://www.sec.gov/Archives/edgar/data/832428/000095012310047068/c00531e10vq.htm"
    },
    {
        "date": "2009-12-31",
        "symbol": "SSP",
        "reportedCurrency": "USD",
        "cik": "0000832428",
        "fillingDate": "2010-03-05",
        "acceptedDate": "2010-03-05 16:06:57",
        "calendarYear": "2009",
        "period": "Q4",
        "revenue": 217433000,
        "costOfRevenue": 59235000,
        "grossProfit": 158198000,
        "grossProfitRatio": 0.7275712518,
        "researchAndDevelopmentExpenses": 0,
        "generalAndAdministrativeExpenses": 92924000,
        "sellingAndMarketingExpenses": 0,
        "sellingGeneralAndAdministrativeExpenses": 92924000,
        "otherExpenses": 315000,
        "operatingExpenses": 137517000,
        "costAndExpenses": 196752000,
        "interestIncome": 0,
        "interestExpense": 996000,
        "depreciationAndAmortization": 11757000,
        "ebitda": 28591000,
        "ebitdaratio": 0.1314933796,
        "operatingIncome": 15572000,
        "operatingIncomeRatio": 0.0716174638,
        "totalOtherIncomeExpensesNet": 198143000,
        "incomeBeforeTax": 15838000,
        "incomeBeforeTaxRatio": 0.0728408291,
        "incomeTaxExpense": 1714000,
        "netIncome": 12103000,
        "netIncomeRatio": 0.0556631238,
        "eps": 0.22,
        "epsdiluted": 0.22,
        "weightedAverageShsOut": 54406000,
        "weightedAverageShsOutDil": 55076000,
        "link": "https://www.sec.gov/Archives/edgar/data/832428/000095012310021571/0000950123-10-021571-index.htm",
        "finalLink": "https://www.sec.gov/Archives/edgar/data/832428/000095012310021571/l38266e10vk.htm"
    },
    {
        "date": "2009-09-30",
        "symbol": "SSP",
        "reportedCurrency": "USD",
        "cik": "0000832428",
        "fillingDate": "2009-11-05",
        "acceptedDate": "2009-11-05 09:00:59",
        "calendarYear": "2009",
        "period": "Q3",
        "revenue": 186401000,
        "costOfRevenue": 53043000,
        "grossProfit": 133358000,
        "grossProfitRatio": 0.715436076,
        "researchAndDevelopmentExpenses": 0,
        "generalAndAdministrativeExpenses": 89299000,
        "sellingAndMarketingExpenses": 0,
        "sellingGeneralAndAdministrativeExpenses": 89299000,
        "otherExpenses": 270000,
        "operatingExpenses": 135222000,
        "costAndExpenses": 188265000,
        "interestIncome": 0,
        "interestExpense": 1149000,
        "depreciationAndAmortization": 10866000,
        "ebitda": 4967000,
        "ebitdaratio": 0.0266468528,
        "operatingIncome": -2955000,
        "operatingIncomeRatio": -0.0158529192,
        "totalOtherIncomeExpensesNet": -3385000,
        "incomeBeforeTax": -3248000,
        "incomeBeforeTaxRatio": -0.0174247992,
        "incomeTaxExpense": 293000,
        "netIncome": -3261000,
        "netIncomeRatio": -0.0174945413,
        "eps": -0.0604,
        "epsdiluted": -0.0604,
        "weightedAverageShsOut": 53986000,
        "weightedAverageShsOutDil": 53986000,
        "link": "https://www.sec.gov/Archives/edgar/data/832428/000095012309058024/0000950123-09-058024-index.htm",
        "finalLink": "https://www.sec.gov/Archives/edgar/data/832428/000095012309058024/c91917e10vq.htm"
    },
    {
        "date": "2009-06-30",
        "symbol": "SSP",
        "reportedCurrency": "USD",
        "cik": "0000832428",
        "fillingDate": "2009-08-10",
        "acceptedDate": "2009-08-10 13:25:35",
        "calendarYear": "2009",
        "period": "Q2",
        "revenue": 193924000,
        "costOfRevenue": 55332000,
        "grossProfit": 138592000,
        "grossProfitRatio": 0.7146717271,
        "researchAndDevelopmentExpenses": 0,
        "generalAndAdministrativeExpenses": 85626000,
        "sellingAndMarketingExpenses": 0,
        "sellingGeneralAndAdministrativeExpenses": 85626000,
        "otherExpenses": -82000,
        "operatingExpenses": 134387000,
        "costAndExpenses": 189719000,
        "interestIncome": 0,
        "interestExpense": 311000,
        "depreciationAndAmortization": 10786000,
        "ebitda": 12484000,
        "ebitdaratio": 0.0643757348,
        "operatingIncome": 2523000,
        "operatingIncomeRatio": 0.0130102514,
        "totalOtherIncomeExpensesNet": 238000,
        "incomeBeforeTax": 2761000,
        "incomeBeforeTaxRatio": 0.0142375364,
        "incomeTaxExpense": 508000,
        "netIncome": 2253000,
        "netIncomeRatio": 0.0116179534,
        "eps": 0.04,
        "epsdiluted": 0.04,
        "weightedAverageShsOut": 53636000,
        "weightedAverageShsOutDil": 53636000,
        "link": "https://www.sec.gov/Archives/edgar/data/832428/000095012309032711/0000950123-09-032711-index.htm",
        "finalLink": "https://www.sec.gov/Archives/edgar/data/832428/000095012309032711/c89003e10vq.htm"
    },
    {
        "date": "2009-03-31",
        "symbol": "SSP",
        "reportedCurrency": "USD",
        "cik": "0000832428",
        "fillingDate": "2009-05-07",
        "acceptedDate": "2009-05-07 15:54:50",
        "calendarYear": "2009",
        "period": "Q1",
        "revenue": 205368000,
        "costOfRevenue": 63062000,
        "grossProfit": 142306000,
        "grossProfitRatio": 0.6929317128,
        "researchAndDevelopmentExpenses": 0,
        "generalAndAdministrativeExpenses": 126546000,
        "sellingAndMarketingExpenses": 0,
        "sellingGeneralAndAdministrativeExpenses": 126546000,
        "otherExpenses": 52756000,
        "operatingExpenses": 179302000,
        "costAndExpenses": 242364000,
        "interestIncome": 0,
        "interestExpense": 246000,
        "depreciationAndAmortization": 11763000,
        "ebitda": -223545000,
        "ebitdaratio": -1.0885094075,
        "operatingIncome": -254902000,
        "operatingIncomeRatio": -1.2411962915,
        "totalOtherIncomeExpensesNet": 19520000,
        "incomeBeforeTax": -256595000,
        "incomeBeforeTaxRatio": -1.2494400296,
        "incomeTaxExpense": -35748000,
        "netIncome": -220700000,
        "netIncomeRatio": -1.0746562269,
        "eps": -4.12,
        "epsdiluted": -4.12,
        "weightedAverageShsOut": 53573000,
        "weightedAverageShsOutDil": 53573000,
        "link": "https://www.sec.gov/Archives/edgar/data/832428/000136231009006760/0001362310-09-006760-index.htm",
        "finalLink": "https://www.sec.gov/Archives/edgar/data/832428/000136231009006760/c84925e10vq.htm"
    },
    {
        "date": "2008-12-31",
        "symbol": "SSP",
        "reportedCurrency": "USD",
        "cik": "0000832428",
        "fillingDate": "2009-03-02",
        "acceptedDate": "2009-03-02 16:55:47",
        "calendarYear": "2008",
        "period": "Q4",
        "revenue": 264926000,
        "costOfRevenue": -277767000,
        "grossProfit": 542693000,
        "grossProfitRatio": 2.0484701388,
        "researchAndDevelopmentExpenses": 0,
        "generalAndAdministrativeExpenses": -215173000,
        "sellingAndMarketingExpenses": 758393000,
        "sellingGeneralAndAdministrativeExpenses": 543220000,
        "otherExpenses": 8056000,
        "operatingExpenses": 551276000,
        "costAndExpenses": 273509000,
        "interestIncome": 0,
        "interestExpense": 0,
        "depreciationAndAmortization": 12214000,
        "ebitda": 3631000,
        "ebitdaratio": 0.013705714,
        "operatingIncome": -8583000,
        "operatingIncomeRatio": -0.0323977262,
        "totalOtherIncomeExpensesNet": -10786000,
        "incomeBeforeTax": -19369000,
        "incomeBeforeTaxRatio": -0.0731109819,
        "incomeTaxExpense": -7784000,
        "netIncome": -12618000,
        "netIncomeRatio": -0.0476283943,
        "eps": -0.24,
        "epsdiluted": -0.24,
        "weightedAverageShsOut": 53573000,
        "weightedAverageShsOutDil": 53573000,
        "link": "https://www.sec.gov/Archives/edgar/data/832428/000095015209002072/0000950152-09-002072-index.htm",
        "finalLink": "https://www.sec.gov/Archives/edgar/data/832428/000095015209002072/l35132ae10vk.htm"
    },
    {
        "date": "2008-09-30",
        "symbol": "SSP",
        "reportedCurrency": "USD",
        "cik": "0000832428",
        "fillingDate": "2008-11-10",
        "acceptedDate": "2008-11-10 16:07:34",
        "calendarYear": "2008",
        "period": "Q3",
        "revenue": 230278000,
        "costOfRevenue": 169976000,
        "grossProfit": 60302000,
        "grossProfitRatio": 0.2618660923,
        "researchAndDevelopmentExpenses": 0,
        "generalAndAdministrativeExpenses": -137149000,
        "sellingAndMarketingExpenses": 176346000,
        "sellingGeneralAndAdministrativeExpenses": 39197000,
        "otherExpenses": 12170000,
        "operatingExpenses": 51367000,
        "costAndExpenses": 221343000,
        "interestIncome": 0,
        "interestExpense": 45346000,
        "depreciationAndAmortization": -40254000,
        "ebitda": -20115000,
        "ebitdaratio": -0.087350941,
        "operatingIncome": -13085000,
        "operatingIncomeRatio": -0.0568226231,
        "totalOtherIncomeExpensesNet": 5516000,
        "incomeBeforeTax": -36411000,
        "incomeBeforeTaxRatio": -0.1581175796,
        "incomeTaxExpense": -15486000,
        "netIncome": -16799000,
        "netIncomeRatio": -0.0729509549,
        "eps": -0.31,
        "epsdiluted": -0.31,
        "weightedAverageShsOut": 54182000,
        "weightedAverageShsOutDil": 54182000,
        "link": "https://www.sec.gov/Archives/edgar/data/832428/000119312508231705/0001193125-08-231705-index.htm",
        "finalLink": "https://www.sec.gov/Archives/edgar/data/832428/000119312508231705/d10q.htm"
    },
    {
        "date": "2008-06-30",
        "symbol": "SSP",
        "reportedCurrency": "USD",
        "cik": "0000832428",
        "fillingDate": "2008-08-11",
        "acceptedDate": "2008-08-11 17:21:44",
        "calendarYear": "2008",
        "period": "Q2",
        "revenue": 664141000,
        "costOfRevenue": 385525000,
        "grossProfit": 278616000,
        "grossProfitRatio": 0.4195133262,
        "researchAndDevelopmentExpenses": 0,
        "generalAndAdministrativeExpenses": -374871000,
        "sellingAndMarketingExpenses": 462554000,
        "sellingGeneralAndAdministrativeExpenses": 87683000,
        "otherExpenses": 806239000,
        "operatingExpenses": 893922000,
        "costAndExpenses": 1279447000,
        "interestIncome": 0,
        "interestExpense": 4874000,
        "depreciationAndAmortization": 37993000,
        "ebitda": -877891000,
        "ebitdaratio": -1.3218443072,
        "operatingIncome": -615306000,
        "operatingIncomeRatio": -0.9264689275,
        "totalOtherIncomeExpensesNet": -278497000,
        "incomeBeforeTax": 726586000,
        "incomeBeforeTaxRatio": 1.0940237088,
        "incomeTaxExpense": -219786000,
        "netIncome": -531241000,
        "netIncomeRatio": -0.7998918904,
        "eps": -9.78,
        "epsdiluted": -9.78,
        "weightedAverageShsOut": 54305000,
        "weightedAverageShsOutDil": 54305000,
        "link": "https://www.sec.gov/Archives/edgar/data/832428/000119312508173698/0001193125-08-173698-index.htm",
        "finalLink": "https://www.sec.gov/Archives/edgar/data/832428/000119312508173698/d10q.htm"
    },
    {
        "date": "2008-03-31",
        "symbol": "SSP",
        "reportedCurrency": "USD",
        "cik": "0000832428",
        "fillingDate": "2008-05-12",
        "acceptedDate": "2008-05-12 16:56:25",
        "calendarYear": "2008",
        "period": "Q1",
        "revenue": 642474000,
        "costOfRevenue": 333091000,
        "grossProfit": 309383000,
        "grossProfitRatio": 0.4815494479,
        "researchAndDevelopmentExpenses": 0,
        "generalAndAdministrativeExpenses": -285318000,
        "sellingAndMarketingExpenses": 415189000,
        "sellingGeneralAndAdministrativeExpenses": 129871000,
        "otherExpenses": 29629000,
        "operatingExpenses": 159500000,
        "costAndExpenses": 492591000,
        "interestIncome": 0,
        "interestExpense": 5832000,
        "depreciationAndAmortization": 37019000,
        "ebitda": 29778000,
        "ebitdaratio": 0.0463489573,
        "operatingIncome": 149883000,
        "operatingIncomeRatio": 0.2332903744,
        "totalOtherIncomeExpensesNet": -137292000,
        "incomeBeforeTax": 157001000,
        "incomeBeforeTaxRatio": 0.244369422,
        "incomeTaxExpense": 50874000,
        "netIncome": 84068000,
        "netIncomeRatio": 0.1308504313,
        "eps": 1.55,
        "epsdiluted": 1.54,
        "weightedAverageShsOut": 54218000,
        "weightedAverageShsOutDil": 54553000,
        "link": "https://www.sec.gov/Archives/edgar/data/832428/000119312508111690/0001193125-08-111690-index.htm",
        "finalLink": "https://www.sec.gov/Archives/edgar/data/832428/000119312508111690/d10q.htm"
    },
    {
        "date": "2007-12-31",
        "symbol": "SSP",
        "reportedCurrency": "USD",
        "cik": "0000832428",
        "fillingDate": "2008-02-29",
        "acceptedDate": "2008-02-29 16:11:43",
        "calendarYear": "2007",
        "period": "Q4",
        "revenue": 679196000,
        "costOfRevenue": 67901000,
        "grossProfit": 611295000,
        "grossProfitRatio": 0.9000273853,
        "researchAndDevelopmentExpenses": 0,
        "generalAndAdministrativeExpenses": -1397321000,
        "sellingAndMarketingExpenses": 1770180000,
        "sellingGeneralAndAdministrativeExpenses": 372859000,
        "otherExpenses": 444008000,
        "operatingExpenses": 816867000,
        "costAndExpenses": 884768000,
        "interestIncome": 0,
        "interestExpense": 7980000,
        "depreciationAndAmortization": 40130000,
        "ebitda": -165442000,
        "ebitdaratio": -0.2435850623,
        "operatingIncome": -205572000,
        "operatingIncomeRatio": -0.302669627,
        "totalOtherIncomeExpensesNet": 17476000,
        "incomeBeforeTax": -188096000,
        "incomeBeforeTaxRatio": -0.2769392046,
        "incomeTaxExpense": 42000000,
        "netIncome": -255933000,
        "netIncomeRatio": -0.3768175902,
        "eps": -4.75,
        "epsdiluted": -4.75,
        "weightedAverageShsOut": 53889690,
        "weightedAverageShsOutDil": 53889690,
        "link": "https://www.sec.gov/Archives/edgar/data/832428/000119312508043666/0001193125-08-043666-index.htm",
        "finalLink": "https://www.sec.gov/Archives/edgar/data/832428/000119312508043666/d10k.htm"
    },
    {
        "date": "2007-09-30",
        "symbol": "SSP",
        "reportedCurrency": "USD",
        "cik": "0000832428",
        "fillingDate": "2007-11-09",
        "acceptedDate": "2007-11-09 14:13:52",
        "calendarYear": "2007",
        "period": "Q3",
        "revenue": 596446000,
        "costOfRevenue": 258879000,
        "grossProfit": 337567000,
        "grossProfitRatio": 0.5659640605,
        "researchAndDevelopmentExpenses": 0,
        "generalAndAdministrativeExpenses": -249644000,
        "sellingAndMarketingExpenses": 420484000,
        "sellingGeneralAndAdministrativeExpenses": 170840000,
        "otherExpenses": 32196000,
        "operatingExpenses": 203036000,
        "costAndExpenses": 461915000,
        "interestIncome": 0,
        "interestExpense": 9072000,
        "depreciationAndAmortization": 38069000,
        "ebitda": 172600000,
        "ebitdaratio": 0.2893807654,
        "operatingIncome": 134531000,
        "operatingIncomeRatio": 0.225554367,
        "totalOtherIncomeExpensesNet": 793000,
        "incomeBeforeTax": 153059000,
        "incomeBeforeTaxRatio": 0.2566183695,
        "incomeTaxExpense": 46957000,
        "netIncome": 88367000,
        "netIncomeRatio": 0.1481559102,
        "eps": 1.62,
        "epsdiluted": 1.62,
        "weightedAverageShsOut": 54547476,
        "weightedAverageShsOutDil": 54547476,
        "link": "https://www.sec.gov/Archives/edgar/data/832428/000119312507242076/0001193125-07-242076-index.htm",
        "finalLink": "https://www.sec.gov/Archives/edgar/data/832428/000119312507242076/d10q.htm"
    },
    {
        "date": "2007-06-30",
        "symbol": "SSP",
        "reportedCurrency": "USD",
        "cik": "0000832428",
        "fillingDate": "2007-08-08",
        "acceptedDate": "2007-08-08 17:06:34",
        "calendarYear": "2007",
        "period": "Q2",
        "revenue": 640074000,
        "costOfRevenue": 262639000,
        "grossProfit": 377435000,
        "grossProfitRatio": 0.5896740064,
        "researchAndDevelopmentExpenses": 0,
        "generalAndAdministrativeExpenses": -278534000,
        "sellingAndMarketingExpenses": 459245000,
        "sellingGeneralAndAdministrativeExpenses": 180711000,
        "otherExpenses": 32453000,
        "operatingExpenses": 213164000,
        "costAndExpenses": 475803000,
        "interestIncome": 0,
        "interestExpense": 10729000,
        "depreciationAndAmortization": 45925000,
        "ebitda": 210196000,
        "ebitdaratio": 0.3283932795,
        "operatingIncome": 164271000,
        "operatingIncomeRatio": 0.2566437631,
        "totalOtherIncomeExpensesNet": -10893000,
        "incomeBeforeTax": 174596000,
        "incomeBeforeTaxRatio": 0.2727747104,
        "incomeTaxExpense": 55917000,
        "netIncome": 97461000,
        "netIncomeRatio": 0.1522652068,
        "eps": 1.8,
        "epsdiluted": 1.77,
        "weightedAverageShsOut": 54144946,
        "weightedAverageShsOutDil": 55062657,
        "link": "https://www.sec.gov/Archives/edgar/data/832428/000119312507175748/0001193125-07-175748-index.htm",
        "finalLink": "https://www.sec.gov/Archives/edgar/data/832428/000119312507175748/d10q.htm"
    },
    {
        "date": "2007-03-31",
        "symbol": "SSP",
        "reportedCurrency": "USD",
        "cik": "0000832428",
        "fillingDate": "2007-05-10",
        "acceptedDate": "2007-05-10 14:23:25",
        "calendarYear": "2007",
        "period": "Q1",
        "revenue": 601424000,
        "costOfRevenue": 273067000,
        "grossProfit": 328357000,
        "grossProfitRatio": 0.5459659076,
        "researchAndDevelopmentExpenses": 0,
        "generalAndAdministrativeExpenses": 0,
        "sellingAndMarketingExpenses": 0,
        "sellingGeneralAndAdministrativeExpenses": 176932000,
        "otherExpenses": 34531000,
        "operatingExpenses": 211463000,
        "costAndExpenses": 484530000,
        "interestIncome": 0,
        "interestExpense": 16019000,
        "depreciationAndAmortization": 34442000,
        "ebitda": 152938000,
        "ebitdaratio": 0.2542931443,
        "operatingIncome": 116894000,
        "operatingIncomeRatio": 0.1943620474,
        "totalOtherIncomeExpensesNet": 33038000,
        "incomeBeforeTax": 115088000,
        "incomeBeforeTaxRatio": 0.1913591742,
        "incomeTaxExpense": 32391000,
        "netIncome": 68484000,
        "netIncomeRatio": 0.1138697491,
        "eps": 1.26,
        "epsdiluted": 1.26,
        "weightedAverageShsOut": 54352327,
        "weightedAverageShsOutDil": 54352327,
        "link": "https://www.sec.gov/Archives/edgar/data/832428/000119312507109947/0001193125-07-109947-index.htm",
        "finalLink": "https://www.sec.gov/Archives/edgar/data/832428/000119312507109947/d10q.htm"
    },
    {
        "date": "2006-12-31",
        "symbol": "SSP",
        "reportedCurrency": "USD",
        "cik": "0000832428",
        "fillingDate": "2007-03-01",
        "acceptedDate": "2007-03-01 15:59:45",
        "calendarYear": "2006",
        "period": "Q4",
        "revenue": 682985000,
        "costOfRevenue": 154818000,
        "grossProfit": 528167000,
        "grossProfitRatio": 0.7733215224,
        "researchAndDevelopmentExpenses": 0,
        "generalAndAdministrativeExpenses": 400633000,
        "sellingAndMarketingExpenses": 1660442000,
        "sellingGeneralAndAdministrativeExpenses": 284440000,
        "otherExpenses": 29881000,
        "operatingExpenses": 314321000,
        "costAndExpenses": 469139000,
        "interestIncome": 0,
        "interestExpense": 0,
        "depreciationAndAmortization": 29190000,
        "ebitda": 243036000,
        "ebitdaratio": 0.3558438326,
        "operatingIncome": 213846000,
        "operatingIncomeRatio": 0.313104973,
        "totalOtherIncomeExpensesNet": 1758000,
        "incomeBeforeTax": 215604000,
        "incomeBeforeTaxRatio": 0.3156789681,
        "incomeTaxExpense": 59332000,
        "netIncome": 133948000,
        "netIncomeRatio": 0.1961214375,
        "eps": 2.46,
        "epsdiluted": 2.46,
        "weightedAverageShsOut": 53994791,
        "weightedAverageShsOutDil": 54352327,
        "link": "https://www.sec.gov/Archives/edgar/data/832428/000119312507044344/0001193125-07-044344-index.htm",
        "finalLink": "https://www.sec.gov/Archives/edgar/data/832428/000119312507044344/d10k.htm"
    },
    {
        "date": "2006-09-30",
        "symbol": "SSP",
        "reportedCurrency": "USD",
        "cik": "0000832428",
        "fillingDate": "2006-11-09",
        "acceptedDate": "2006-11-09 11:32:05",
        "calendarYear": "2006",
        "period": "Q3",
        "revenue": 583449000,
        "costOfRevenue": 147984000,
        "grossProfit": 435465000,
        "grossProfitRatio": 0.7463634354,
        "researchAndDevelopmentExpenses": 0,
        "generalAndAdministrativeExpenses": -135493000,
        "sellingAndMarketingExpenses": 406124000,
        "sellingGeneralAndAdministrativeExpenses": 270631000,
        "otherExpenses": 27255000,
        "operatingExpenses": 297886000,
        "costAndExpenses": 445870000,
        "interestIncome": 713000,
        "interestExpense": 15281000,
        "depreciationAndAmortization": 27128000,
        "ebitda": 187324000,
        "ebitdaratio": 0.3210631949,
        "operatingIncome": 137579000,
        "operatingIncomeRatio": 0.2358029579,
        "totalOtherIncomeExpensesNet": -20384000,
        "incomeBeforeTax": 138374000,
        "incomeBeforeTaxRatio": 0.2371655449,
        "incomeTaxExpense": 44132000,
        "netIncome": 73063000,
        "netIncomeRatio": 0.1252260266,
        "eps": 1.35,
        "epsdiluted": 1.32,
        "weightedAverageShsOut": 54120687,
        "weightedAverageShsOutDil": 55350702,
        "link": "https://www.sec.gov/Archives/edgar/data/832428/000119312506229720/0001193125-06-229720-index.htm",
        "finalLink": "https://www.sec.gov/Archives/edgar/data/832428/000119312506229720/d10q.htm"
    },
    {
        "date": "2006-06-30",
        "symbol": "SSP",
        "reportedCurrency": "USD",
        "cik": "0000832428",
        "fillingDate": "2006-08-09",
        "acceptedDate": "2006-08-09 10:01:29",
        "calendarYear": "2006",
        "period": "Q2",
        "revenue": 641914000,
        "costOfRevenue": 31037000,
        "grossProfit": 610877000,
        "grossProfitRatio": 0.9516492864,
        "researchAndDevelopmentExpenses": 0,
        "generalAndAdministrativeExpenses": 215430000,
        "sellingAndMarketingExpenses": 53153000,
        "sellingGeneralAndAdministrativeExpenses": 268583000,
        "otherExpenses": 153072000,
        "operatingExpenses": 421655000,
        "costAndExpenses": 452692000,
        "interestIncome": 609000,
        "interestExpense": 15537000,
        "depreciationAndAmortization": 33433000,
        "ebitda": 222655000,
        "ebitdaratio": 0.346861106,
        "operatingIncome": 189222000,
        "operatingIncomeRatio": 0.2947778051,
        "totalOtherIncomeExpensesNet": 625000,
        "incomeBeforeTax": 189847000,
        "incomeBeforeTaxRatio": 0.2957514558,
        "incomeTaxExpense": 65249000,
        "netIncome": 71144000,
        "netIncomeRatio": 0.1108310459,
        "eps": 1.32,
        "epsdiluted": 1.29,
        "weightedAverageShsOut": 53896916,
        "weightedAverageShsOutDil": 55150332,
        "link": "https://www.sec.gov/Archives/edgar/data/832428/000119312506166966/0001193125-06-166966-index.htm",
        "finalLink": "https://www.sec.gov/Archives/edgar/data/832428/000119312506166966/d10q.htm"
    },
    {
        "date": "2006-03-31",
        "symbol": "SSP",
        "reportedCurrency": "USD",
        "cik": "0000832428",
        "fillingDate": "2006-09-01",
        "acceptedDate": "2006-09-01 11:10:12",
        "calendarYear": "2006",
        "period": "Q1",
        "revenue": 589729000,
        "costOfRevenue": 178713000,
        "grossProfit": 411016000,
        "grossProfitRatio": 0.696957416,
        "researchAndDevelopmentExpenses": 0,
        "generalAndAdministrativeExpenses": 185203000,
        "sellingAndMarketingExpenses": 58321000,
        "sellingGeneralAndAdministrativeExpenses": 243524000,
        "otherExpenses": 21909000,
        "operatingExpenses": 265433000,
        "costAndExpenses": 444146000,
        "interestIncome": 542000,
        "interestExpense": 12153000,
        "depreciationAndAmortization": 25348000,
        "ebitda": 170931000,
        "ebitdaratio": 0.2898466923,
        "operatingIncome": 145583000,
        "operatingIncomeRatio": 0.2468642376,
        "totalOtherIncomeExpensesNet": -19970000,
        "incomeBeforeTax": 146379000,
        "incomeBeforeTaxRatio": 0.2482140102,
        "incomeTaxExpense": 50548000,
        "netIncome": 75065000,
        "netIncomeRatio": 0.1272872794,
        "eps": 1.38,
        "epsdiluted": 1.35,
        "weightedAverageShsOut": 54394873,
        "weightedAverageShsOutDil": 55603648,
        "link": "https://www.sec.gov/Archives/edgar/data/832428/000119312506184194/0001193125-06-184194-index.htm",
        "finalLink": "https://www.sec.gov/Archives/edgar/data/832428/000119312506184194/d10qa.htm"
    },
    {
        "date": "2005-12-31",
        "symbol": "SSP",
        "reportedCurrency": "USD",
        "cik": "0000832428",
        "fillingDate": "2006-03-16",
        "acceptedDate": "2006-03-16 15:53:32",
        "calendarYear": "2005",
        "period": "Q4",
        "revenue": 706802000,
        "costOfRevenue": 509252000,
        "grossProfit": 197550000,
        "grossProfitRatio": 0.2794983602,
        "researchAndDevelopmentExpenses": 0,
        "generalAndAdministrativeExpenses": -147155000,
        "sellingAndMarketingExpenses": 1621797000,
        "sellingGeneralAndAdministrativeExpenses": 1474642000,
        "otherExpenses": 133345000,
        "operatingExpenses": 133345000,
        "costAndExpenses": 642597000,
        "interestIncome": 427000,
        "interestExpense": 11724000,
        "depreciationAndAmortization": 56503000,
        "ebitda": 120708000,
        "ebitdaratio": 0.1707805015,
        "operatingIncome": 64205000,
        "operatingIncomeRatio": 0.0908387356,
        "totalOtherIncomeExpensesNet": -32257000,
        "incomeBeforeTax": 208299000,
        "incomeBeforeTaxRatio": 0.2947062968,
        "incomeTaxExpense": 49007000,
        "netIncome": -603000,
        "netIncomeRatio": -0.0008531385,
        "eps": -0.0111,
        "epsdiluted": -0.0111,
        "weightedAverageShsOut": 54394873,
        "weightedAverageShsOutDil": 54394873,
        "link": "https://www.sec.gov/Archives/edgar/data/832428/000119312506056651/0001193125-06-056651-index.htm",
        "finalLink": "https://www.sec.gov/Archives/edgar/data/832428/000119312506056651/d10k.htm"
    },
    {
        "date": "2005-09-30",
        "symbol": "SSP",
        "reportedCurrency": "USD",
        "cik": "0000832428",
        "fillingDate": "2005-11-08",
        "acceptedDate": "2005-11-08 16:38:23",
        "calendarYear": "2005",
        "period": "Q3",
        "revenue": 594702000,
        "costOfRevenue": 465498000,
        "grossProfit": 129204000,
        "grossProfitRatio": 0.2172583916,
        "researchAndDevelopmentExpenses": 0,
        "generalAndAdministrativeExpenses": 0,
        "sellingAndMarketingExpenses": 374120000,
        "sellingGeneralAndAdministrativeExpenses": 374120000,
        "otherExpenses": 27713000,
        "operatingExpenses": 27713000,
        "costAndExpenses": 493211000,
        "interestIncome": 0,
        "interestExpense": 0,
        "depreciationAndAmortization": -1104000,
        "ebitda": 136632000,
        "ebitdaratio": 0.2297486809,
        "operatingIncome": 101491000,
        "operatingIncomeRatio": 0.1706585819,
        "totalOtherIncomeExpensesNet": 2132000,
        "incomeBeforeTax": 103623000,
        "incomeBeforeTaxRatio": 0.1742435707,
        "incomeTaxExpense": 34458000,
        "netIncome": 82156000,
        "netIncomeRatio": 0.1381465003,
        "eps": 1.5,
        "epsdiluted": 1.5,
        "weightedAverageShsOut": 54770612,
        "weightedAverageShsOutDil": 54770612,
        "link": "https://www.sec.gov/Archives/edgar/data/832428/000119312505219845/0001193125-05-219845-index.htm",
        "finalLink": "https://www.sec.gov/Archives/edgar/data/832428/000119312505219845/d10q.htm"
    },
    {
        "date": "2005-06-30",
        "symbol": "SSP",
        "reportedCurrency": "USD",
        "cik": "0000832428",
        "fillingDate": "2005-08-09",
        "acceptedDate": "2005-08-09 13:38:35",
        "calendarYear": "2005",
        "period": "Q2",
        "revenue": 627343000,
        "costOfRevenue": 448005000,
        "grossProfit": 179338000,
        "grossProfitRatio": 0.2858691338,
        "researchAndDevelopmentExpenses": 0,
        "generalAndAdministrativeExpenses": 0,
        "sellingAndMarketingExpenses": 428014000,
        "sellingGeneralAndAdministrativeExpenses": 428014000,
        "otherExpenses": 16691000,
        "operatingExpenses": 16691000,
        "costAndExpenses": 464696000,
        "interestIncome": 374000,
        "interestExpense": 7559000,
        "depreciationAndAmortization": 18608000,
        "ebitda": 188958000,
        "ebitdaratio": 0.3012036478,
        "operatingIncome": 162647000,
        "operatingIncomeRatio": 0.2592632738,
        "totalOtherIncomeExpensesNet": -1804000,
        "incomeBeforeTax": 178133000,
        "incomeBeforeTaxRatio": 0.2839483345,
        "incomeTaxExpense": 63254000,
        "netIncome": 97589000,
        "netIncomeRatio": 0.1555592395,
        "eps": 1.8,
        "epsdiluted": 1.77,
        "weightedAverageShsOut": 54216057,
        "weightedAverageShsOutDil": 55134973,
        "link": "https://www.sec.gov/Archives/edgar/data/832428/000119312505162256/0001193125-05-162256-index.htm",
        "finalLink": "https://www.sec.gov/Archives/edgar/data/832428/000119312505162256/d10q.htm"
    },
    {
        "date": "2005-03-31",
        "symbol": "SSP",
        "reportedCurrency": "USD",
        "cik": "0000832428",
        "fillingDate": "2005-05-10",
        "acceptedDate": "2005-05-10 14:02:57",
        "calendarYear": "2005",
        "period": "Q1",
        "revenue": 585061000,
        "costOfRevenue": 306737000,
        "grossProfit": 278324000,
        "grossProfitRatio": 0.4757179166,
        "researchAndDevelopmentExpenses": 0,
        "generalAndAdministrativeExpenses": -188176000,
        "sellingAndMarketingExpenses": 335331000,
        "sellingGeneralAndAdministrativeExpenses": 147155000,
        "otherExpenses": 17334000,
        "operatingExpenses": 164489000,
        "costAndExpenses": 471226000,
        "interestIncome": 208000,
        "interestExpense": 7372000,
        "depreciationAndAmortization": 17197000,
        "ebitda": 135160000,
        "ebitdaratio": 0.2310186459,
        "operatingIncome": 113835000,
        "operatingIncomeRatio": 0.1945694552,
        "totalOtherIncomeExpensesNet": 11326000,
        "incomeBeforeTax": 126743000,
        "incomeBeforeTaxRatio": 0.2166321119,
        "incomeTaxExpense": 45397000,
        "netIncome": 70011000,
        "netIncomeRatio": 0.1196644452,
        "eps": 1.29,
        "epsdiluted": 1.26,
        "weightedAverageShsOut": 54272039,
        "weightedAverageShsOutDil": 55564230,
        "link": "https://www.sec.gov/Archives/edgar/data/832428/000119312505102443/0001193125-05-102443-index.htm",
        "finalLink": "https://www.sec.gov/Archives/edgar/data/832428/000119312505102443/d10q.htm"
    },
    {
        "date": "2004-12-31",
        "symbol": "SSP",
        "reportedCurrency": "USD",
        "cik": "0000832428",
        "fillingDate": "2005-03-15",
        "acceptedDate": "2005-03-15 11:16:23",
        "calendarYear": "2004",
        "period": "Q4",
        "revenue": 606739000,
        "costOfRevenue": 857750000,
        "grossProfit": -251011000,
        "grossProfitRatio": -0.4137050692,
        "researchAndDevelopmentExpenses": 0,
        "generalAndAdministrativeExpenses": -137022000,
        "sellingAndMarketingExpenses": 1460508000,
        "sellingGeneralAndAdministrativeExpenses": 1323486000,
        "otherExpenses": -382562000,
        "operatingExpenses": -382562000,
        "costAndExpenses": 475188000,
        "interestIncome": 1721000,
        "interestExpense": 8062000,
        "depreciationAndAmortization": 22017000,
        "ebitda": 153568000,
        "ebitdaratio": 0.2531038882,
        "operatingIncome": 131551000,
        "operatingIncomeRatio": 0.2168164565,
        "totalOtherIncomeExpensesNet": 32408000,
        "incomeBeforeTax": 163959000,
        "incomeBeforeTaxRatio": 0.2702298682,
        "incomeTaxExpense": 58791000,
        "netIncome": 91274000,
        "netIncomeRatio": 0.150433712,
        "eps": 1.68,
        "epsdiluted": 1.68,
        "weightedAverageShsOut": 54272039,
        "weightedAverageShsOutDil": 54272039,
        "link": "https://www.sec.gov/Archives/edgar/data/832428/000119312505050451/0001193125-05-050451-index.htm",
        "finalLink": "https://www.sec.gov/Archives/edgar/data/832428/000119312505050451/d10k.htm"
    },
    {
        "date": "2004-09-30",
        "symbol": "SSP",
        "reportedCurrency": "USD",
        "cik": "0000832428",
        "fillingDate": "2004-11-02",
        "acceptedDate": "2004-11-01 17:42:12",
        "calendarYear": "2004",
        "period": "Q3",
        "revenue": 499792000,
        "costOfRevenue": 257933000,
        "grossProfit": 241859000,
        "grossProfitRatio": 0.4839193104,
        "researchAndDevelopmentExpenses": 0,
        "generalAndAdministrativeExpenses": -201610000,
        "sellingAndMarketingExpenses": 338632000,
        "sellingGeneralAndAdministrativeExpenses": 137022000,
        "otherExpenses": 17779000,
        "operatingExpenses": 154801000,
        "costAndExpenses": 412734000,
        "interestIncome": 0,
        "interestExpense": 0,
        "depreciationAndAmortization": 17779000,
        "ebitda": 104716000,
        "ebitdaratio": 0.20951916,
        "operatingIncome": 87058000,
        "operatingIncomeRatio": 0.1741884624,
        "totalOtherIncomeExpensesNet": 13796000,
        "incomeBeforeTax": 102489000,
        "incomeBeforeTaxRatio": 0.2050633063,
        "incomeTaxExpense": 37623000,
        "netIncome": 55594000,
        "netIncomeRatio": 0.1112342735,
        "eps": 1.02,
        "epsdiluted": 1.02,
        "weightedAverageShsOut": 54503867,
        "weightedAverageShsOutDil": 54503867,
        "link": "https://www.sec.gov/Archives/edgar/data/832428/000119312504182920/0001193125-04-182920-index.htm",
        "finalLink": "https://www.sec.gov/Archives/edgar/data/832428/000119312504182920/d10q.htm"
    },
    {
        "date": "2004-06-30",
        "symbol": "SSP",
        "reportedCurrency": "USD",
        "cik": "0000832428",
        "fillingDate": "2004-08-06",
        "acceptedDate": "2004-08-06 15:19:48",
        "calendarYear": "2004",
        "period": "Q2",
        "revenue": 547316000,
        "costOfRevenue": 401639000,
        "grossProfit": 145677000,
        "grossProfitRatio": 0.2661661636,
        "researchAndDevelopmentExpenses": 0,
        "generalAndAdministrativeExpenses": 0,
        "sellingAndMarketingExpenses": 382221000,
        "sellingGeneralAndAdministrativeExpenses": 382221000,
        "otherExpenses": 5146000,
        "operatingExpenses": 5146000,
        "costAndExpenses": 406785000,
        "interestIncome": 303000,
        "interestExpense": 8272000,
        "depreciationAndAmortization": 16294000,
        "ebitda": 156825000,
        "ebitdaratio": 0.2865346527,
        "operatingIncome": 140531000,
        "operatingIncomeRatio": 0.256763917,
        "totalOtherIncomeExpensesNet": 382000,
        "incomeBeforeTax": 152574000,
        "incomeBeforeTaxRatio": 0.2787676589,
        "incomeTaxExpense": 54489000,
        "netIncome": 86424000,
        "netIncomeRatio": 0.1579051225,
        "eps": 1.61,
        "epsdiluted": 1.58,
        "weightedAverageShsOut": 53846675,
        "weightedAverageShsOutDil": 54872326,
        "link": "https://www.sec.gov/Archives/edgar/data/832428/000119312504134230/0001193125-04-134230-index.htm",
        "finalLink": "https://www.sec.gov/Archives/edgar/data/832428/000119312504134230/d10q.htm"
    },
    {
        "date": "2004-03-31",
        "symbol": "SSP",
        "reportedCurrency": "USD",
        "cik": "0000832428",
        "fillingDate": "2004-05-05",
        "acceptedDate": "2004-05-05 16:28:44",
        "calendarYear": "2004",
        "period": "Q1",
        "revenue": 513656000,
        "costOfRevenue": 399660000,
        "grossProfit": 113996000,
        "grossProfitRatio": 0.2219306306,
        "researchAndDevelopmentExpenses": 0,
        "generalAndAdministrativeExpenses": 0,
        "sellingAndMarketingExpenses": 335331000,
        "sellingGeneralAndAdministrativeExpenses": 335331000,
        "otherExpenses": 15737000,
        "operatingExpenses": 15737000,
        "costAndExpenses": 415397000,
        "interestIncome": 1227000,
        "interestExpense": 7395000,
        "depreciationAndAmortization": 15737000,
        "ebitda": 98259000,
        "ebitdaratio": 0.1912933948,
        "operatingIncome": 98259000,
        "operatingIncomeRatio": 0.1912933948,
        "totalOtherIncomeExpensesNet": 17130000,
        "incomeBeforeTax": 123631000,
        "incomeBeforeTaxRatio": 0.2406883206,
        "incomeTaxExpense": 44870000,
        "netIncome": 70519000,
        "netIncomeRatio": 0.1372883798,
        "eps": 1.31,
        "epsdiluted": 1.29,
        "weightedAverageShsOut": 54037494,
        "weightedAverageShsOutDil": 54665837,
        "link": "https://www.sec.gov/Archives/edgar/data/832428/000119312504079322/0001193125-04-079322-index.htm",
        "finalLink": "https://www.sec.gov/Archives/edgar/data/832428/000119312504079322/d10q.htm"
    },
    {
        "date": "2003-12-31",
        "symbol": "SSP",
        "reportedCurrency": "USD",
        "cik": "0000832428",
        "fillingDate": "2004-03-11",
        "acceptedDate": "2004-03-11 12:25:03",
        "calendarYear": "2003",
        "period": "Q4",
        "revenue": 514324000,
        "costOfRevenue": 762710000,
        "grossProfit": -248386000,
        "grossProfitRatio": -0.4829368258,
        "researchAndDevelopmentExpenses": 0,
        "generalAndAdministrativeExpenses": -254701000,
        "sellingAndMarketingExpenses": 1274371000,
        "sellingGeneralAndAdministrativeExpenses": 1019670000,
        "otherExpenses": -364237000,
        "operatingExpenses": -364237000,
        "costAndExpenses": 398473000,
        "interestIncome": 0,
        "interestExpense": 7814000,
        "depreciationAndAmortization": 17839000,
        "ebitda": 133690000,
        "ebitdaratio": 0.2599334272,
        "operatingIncome": 114004000,
        "operatingIncomeRatio": 0.2216579432,
        "totalOtherIncomeExpensesNet": 5992000,
        "incomeBeforeTax": 134269000,
        "incomeBeforeTaxRatio": 0.2610591767,
        "incomeTaxExpense": 22593000,
        "netIncome": 101534000,
        "netIncomeRatio": 0.197412526,
        "eps": 1.88,
        "epsdiluted": 1.88,
        "weightedAverageShsOut": 54037494,
        "weightedAverageShsOutDil": 54037494,
        "link": "https://www.sec.gov/Archives/edgar/data/832428/000119312504038916/0001193125-04-038916-index.htm",
        "finalLink": "https://www.sec.gov/Archives/edgar/data/832428/000119312504038916/d10k.htm"
    },
    {
        "date": "2003-09-30",
        "symbol": "SSP",
        "reportedCurrency": "USD",
        "cik": "0000832428",
        "fillingDate": "2003-11-13",
        "acceptedDate": "2003-11-13 16:04:30",
        "calendarYear": "2003",
        "period": "Q3",
        "revenue": 440481000,
        "costOfRevenue": 222425000,
        "grossProfit": 218056000,
        "grossProfitRatio": 0.4950406487,
        "researchAndDevelopmentExpenses": 0,
        "generalAndAdministrativeExpenses": -146463000,
        "sellingAndMarketingExpenses": 273106000,
        "sellingGeneralAndAdministrativeExpenses": 126643000,
        "otherExpenses": 17156000,
        "operatingExpenses": 143799000,
        "costAndExpenses": 366224000,
        "interestIncome": 0,
        "interestExpense": 7944000,
        "depreciationAndAmortization": 17156000,
        "ebitda": 91413000,
        "ebitdaratio": 0.2075299502,
        "operatingIncome": 74257000,
        "operatingIncomeRatio": 0.1685816187,
        "totalOtherIncomeExpensesNet": 13747000,
        "incomeBeforeTax": 88004000,
        "incomeBeforeTaxRatio": 0.1997906834,
        "incomeTaxExpense": 34509000,
        "netIncome": 51859000,
        "netIncomeRatio": 0.1177326604,
        "eps": 0.98,
        "epsdiluted": 0.96,
        "weightedAverageShsOut": 53188665,
        "weightedAverageShsOutDil": 54019738,
        "link": "https://www.sec.gov/Archives/edgar/data/832428/000119312503080120/0001193125-03-080120-index.htm",
        "finalLink": "https://www.sec.gov/Archives/edgar/data/832428/000119312503080120/d10q.htm"
    },
    {
        "date": "2003-06-30",
        "symbol": "SSP",
        "reportedCurrency": "USD",
        "cik": "0000832428",
        "fillingDate": "2003-08-01",
        "acceptedDate": "2003-08-01 11:43:34",
        "calendarYear": "2003",
        "period": "Q2",
        "revenue": 474846000,
        "costOfRevenue": 186358000,
        "grossProfit": 288488000,
        "grossProfitRatio": 0.6075401288,
        "researchAndDevelopmentExpenses": 0,
        "generalAndAdministrativeExpenses": -201892000,
        "sellingAndMarketingExpenses": 329950000,
        "sellingGeneralAndAdministrativeExpenses": 128058000,
        "otherExpenses": 60207000,
        "operatingExpenses": 188265000,
        "costAndExpenses": 374623000,
        "interestIncome": 0,
        "interestExpense": 0,
        "depreciationAndAmortization": 17116000,
        "ebitda": 100223000,
        "ebitdaratio": 0.2110642187,
        "operatingIncome": 100223000,
        "operatingIncomeRatio": 0.2110642187,
        "totalOtherIncomeExpensesNet": 10293000,
        "incomeBeforeTax": 112746000,
        "incomeBeforeTaxRatio": 0.2374369796,
        "incomeTaxExpense": 45783000,
        "netIncome": 64733000,
        "netIncomeRatio": 0.1363241977,
        "eps": 1.22,
        "epsdiluted": 1.2,
        "weightedAverageShsOut": 53278136,
        "weightedAverageShsOutDil": 53944113,
        "link": "https://www.sec.gov/Archives/edgar/data/832428/000119312503027652/0001193125-03-027652-index.htm",
        "finalLink": "https://www.sec.gov/Archives/edgar/data/832428/000119312503027652/d10q.htm"
    },
    {
        "date": "2003-03-31",
        "symbol": "SSP",
        "reportedCurrency": "USD",
        "cik": "0000832428",
        "fillingDate": "2003-05-13",
        "acceptedDate": "2003-05-13 15:28:53",
        "calendarYear": "2003",
        "period": "Q1",
        "revenue": 445194000,
        "costOfRevenue": 352366000,
        "grossProfit": 92828000,
        "grossProfitRatio": 0.2085113456,
        "researchAndDevelopmentExpenses": 0,
        "generalAndAdministrativeExpenses": 0,
        "sellingAndMarketingExpenses": 0,
        "sellingGeneralAndAdministrativeExpenses": 0,
        "otherExpenses": 15976000,
        "operatingExpenses": 15976000,
        "costAndExpenses": 368342000,
        "interestIncome": 0,
        "interestExpense": 0,
        "depreciationAndAmortization": 15976000,
        "ebitda": 92828000,
        "ebitdaratio": 0.2085113456,
        "operatingIncome": 76852000,
        "operatingIncomeRatio": 0.1726258665,
        "totalOtherIncomeExpensesNet": 10926000,
        "incomeBeforeTax": 88043000,
        "incomeBeforeTaxRatio": 0.1977632223,
        "incomeTaxExpense": 35089000,
        "netIncome": 52689000,
        "netIncomeRatio": 0.1183506516,
        "eps": 0.99,
        "epsdiluted": 0.98,
        "weightedAverageShsOut": 53221159,
        "weightedAverageShsOutDil": 54039946,
        "link": "https://www.sec.gov/Archives/edgar/data/832428/000095016803001708/0000950168-03-001708-index.htm",
        "finalLink": "https://www.sec.gov/Archives/edgar/data/832428/000095016803001708/d10q.htm"
    },
    {
        "date": "2002-12-31",
        "symbol": "SSP",
        "reportedCurrency": "USD",
        "cik": "0000832428",
        "fillingDate": "2003-03-25",
        "acceptedDate": "2003-03-25 08:09:52",
        "calendarYear": "2002",
        "period": "Q4",
        "revenue": 404444000,
        "costOfRevenue": 816762000,
        "grossProfit": -412318000,
        "grossProfitRatio": -1.0194687027,
        "researchAndDevelopmentExpenses": 0,
        "generalAndAdministrativeExpenses": 0,
        "sellingAndMarketingExpenses": 0,
        "sellingGeneralAndAdministrativeExpenses": -368749000,
        "otherExpenses": -464154000,
        "operatingExpenses": -464154000,
        "costAndExpenses": 352608000,
        "interestIncome": 0,
        "interestExpense": 7237000,
        "depreciationAndAmortization": 18431000,
        "ebitda": 70267000,
        "ebitdaratio": 0.1737372788,
        "operatingIncome": 51836000,
        "operatingIncomeRatio": 0.1281660749,
        "totalOtherIncomeExpensesNet": 70306000,
        "incomeBeforeTax": 122142000,
        "incomeBeforeTaxRatio": 0.3019997824,
        "incomeTaxExpense": 49044000,
        "netIncome": 75785000,
        "netIncomeRatio": 0.1873807004,
        "eps": 1.42,
        "epsdiluted": 1.42,
        "weightedAverageShsOut": 53221159,
        "weightedAverageShsOutDil": 53221159,
        "link": "https://www.sec.gov/Archives/edgar/data/832428/000102140803004837/0001021408-03-004837-index.htm",
        "finalLink": "https://www.sec.gov/Archives/edgar/data/832428/000102140803004837/d10k.htm"
    },
    {
        "date": "2002-09-30",
        "symbol": "SSP",
        "reportedCurrency": "USD",
        "cik": "0000832428",
        "fillingDate": "2002-11-06",
        "acceptedDate": "2002-11-06 17:08:44",
        "calendarYear": "2002",
        "period": "Q3",
        "revenue": 371505000,
        "costOfRevenue": 100290000,
        "grossProfit": 271215000,
        "grossProfitRatio": 0.7300440102,
        "researchAndDevelopmentExpenses": 0,
        "generalAndAdministrativeExpenses": -149394000,
        "sellingAndMarketingExpenses": 273160000,
        "sellingGeneralAndAdministrativeExpenses": 123766000,
        "otherExpenses": 53030000,
        "operatingExpenses": 176796000,
        "costAndExpenses": 277086000,
        "interestIncome": 0,
        "interestExpense": 7843000,
        "depreciationAndAmortization": 15026000,
        "ebitda": 90222000,
        "ebitdaratio": 0.2428554124,
        "operatingIncome": 94419000,
        "operatingIncomeRatio": 0.2541527032,
        "totalOtherIncomeExpensesNet": 59060000,
        "incomeBeforeTax": 77199000,
        "incomeBeforeTaxRatio": 0.2078007025,
        "incomeTaxExpense": 30622000,
        "netIncome": 45676000,
        "netIncomeRatio": 0.1229485471,
        "eps": 0.86,
        "epsdiluted": 0.86,
        "weightedAverageShsOut": 53107280,
        "weightedAverageShsOutDil": 53778612,
        "link": "https://www.sec.gov/Archives/edgar/data/832428/000102140802013343/0001021408-02-013343-index.htm",
        "finalLink": "https://www.sec.gov/Archives/edgar/data/832428/000102140802013343/d10q.htm"
    },
    {
        "date": "2002-06-30",
        "symbol": "SSP",
        "reportedCurrency": "USD",
        "cik": "0000832428",
        "fillingDate": "2002-08-12",
        "acceptedDate": "2002-08-12 13:15:27",
        "calendarYear": "2002",
        "period": "Q2",
        "revenue": 399933000,
        "costOfRevenue": 112444000,
        "grossProfit": 287489000,
        "grossProfitRatio": 0.7188429062,
        "researchAndDevelopmentExpenses": 0,
        "generalAndAdministrativeExpenses": -173226000,
        "sellingAndMarketingExpenses": 296386000,
        "sellingGeneralAndAdministrativeExpenses": 123160000,
        "otherExpenses": 54392000,
        "operatingExpenses": 177552000,
        "costAndExpenses": 289996000,
        "interestIncome": 0,
        "interestExpense": 6629000,
        "depreciationAndAmortization": 15428000,
        "ebitda": 164329000,
        "ebitdaratio": 0.4108913243,
        "operatingIncome": 109937000,
        "operatingIncomeRatio": 0.2748885438,
        "totalOtherIncomeExpensesNet": -73896000,
        "incomeBeforeTax": 36041000,
        "incomeBeforeTaxRatio": 0.0901175947,
        "incomeTaxExpense": 9085000,
        "netIncome": 26956000,
        "netIncomeRatio": 0.0674012897,
        "eps": 0.51,
        "epsdiluted": 0.5,
        "weightedAverageShsOut": 52854849,
        "weightedAverageShsOutDil": 54456511,
        "link": "https://www.sec.gov/Archives/edgar/data/832428/000102140802010477/0001021408-02-010477-index.htm",
        "finalLink": "https://www.sec.gov/Archives/edgar/data/832428/000102140802010477/d10q.htm"
    },
    {
        "date": "2002-03-31",
        "symbol": "SSP",
        "reportedCurrency": "USD",
        "cik": "0000832428",
        "fillingDate": "2002-05-13",
        "acceptedDate": "2002-05-13 15:42:38",
        "calendarYear": "2002",
        "period": "Q1",
        "revenue": 359782000,
        "costOfRevenue": 104792000,
        "grossProfit": 254990000,
        "grossProfitRatio": 0.7087347338,
        "researchAndDevelopmentExpenses": 0,
        "generalAndAdministrativeExpenses": -141973000,
        "sellingAndMarketingExpenses": 263796000,
        "sellingGeneralAndAdministrativeExpenses": 121823000,
        "otherExpenses": 50751000,
        "operatingExpenses": 172574000,
        "costAndExpenses": 277366000,
        "interestIncome": 0,
        "interestExpense": 6592000,
        "depreciationAndAmortization": 13883000,
        "ebitda": 133167000,
        "ebitdaratio": 0.3701324691,
        "operatingIncome": 82416000,
        "operatingIncomeRatio": 0.2290720492,
        "totalOtherIncomeExpensesNet": -15668000,
        "incomeBeforeTax": 67582000,
        "incomeBeforeTaxRatio": 0.1878415263,
        "incomeTaxExpense": 26868000,
        "netIncome": 39880000,
        "netIncomeRatio": 0.1108449005,
        "eps": 0.75,
        "epsdiluted": 0.75,
        "weightedAverageShsOut": 53173280,
        "weightedAverageShsOutDil": 53173280,
        "link": "https://www.sec.gov/Archives/edgar/data/832428/000102140802006726/0001021408-02-006726-index.htm",
        "finalLink": "https://www.sec.gov/Archives/edgar/data/832428/000102140802006726/d10q.htm"
    },
    {
        "date": "2001-12-31",
        "symbol": "SSP",
        "reportedCurrency": "USD",
        "cik": "0000832428",
        "fillingDate": "2002-03-28",
        "acceptedDate": "2002-03-28 00:00:00",
        "calendarYear": "2001",
        "period": "Q4",
        "revenue": 353600000,
        "costOfRevenue": 96998000,
        "grossProfit": 256602000,
        "grossProfitRatio": 0.7256843891,
        "researchAndDevelopmentExpenses": 0,
        "generalAndAdministrativeExpenses": 67224000,
        "sellingAndMarketingExpenses": 64241000,
        "sellingGeneralAndAdministrativeExpenses": 119108000,
        "otherExpenses": 61392000,
        "operatingExpenses": 180500000,
        "costAndExpenses": 277498000,
        "interestIncome": 0,
        "interestExpense": 7460000,
        "depreciationAndAmortization": 49179000,
        "ebitda": 137494000,
        "ebitdaratio": 0.3888404977,
        "operatingIncome": 76102000,
        "operatingIncomeRatio": 0.2152205882,
        "totalOtherIncomeExpensesNet": -57013000,
        "incomeBeforeTax": 19089000,
        "incomeBeforeTaxRatio": 0.0539847285,
        "incomeTaxExpense": 12373000,
        "netIncome": 9542000,
        "netIncomeRatio": 0.0269852941,
        "eps": 0.13,
        "epsdiluted": 0.13,
        "weightedAverageShsOut": 52657502,
        "weightedAverageShsOutDil": 53173280,
        "link": "https://www.sec.gov/Archives/edgar/data/832428/000095010902001720/0000950109-02-001720-index.htm",
        "finalLink": "https://www.sec.gov/Archives/edgar/data/832428/000095010902001720/d10k.htm"
    },
    {
        "date": "2001-09-30",
        "symbol": "SSP",
        "reportedCurrency": "USD",
        "cik": "0000832428",
        "fillingDate": "2001-11-13",
        "acceptedDate": "2001-11-13 00:00:00",
        "calendarYear": "2001",
        "period": "Q3",
        "revenue": 342099000,
        "costOfRevenue": 108803000,
        "grossProfit": 233296000,
        "grossProfitRatio": 0.6819546389,
        "researchAndDevelopmentExpenses": 0,
        "generalAndAdministrativeExpenses": -133029000,
        "sellingAndMarketingExpenses": 247617000,
        "sellingGeneralAndAdministrativeExpenses": 114588000,
        "otherExpenses": 57953000,
        "operatingExpenses": 172541000,
        "costAndExpenses": 281344000,
        "interestIncome": 0,
        "interestExpense": 8417000,
        "depreciationAndAmortization": 466000,
        "ebitda": 60755000,
        "ebitdaratio": 0.1775947898,
        "operatingIncome": 60755000,
        "operatingIncomeRatio": 0.1775947898,
        "totalOtherIncomeExpensesNet": -20099000,
        "incomeBeforeTax": 41661000,
        "incomeBeforeTaxRatio": 0.1217805372,
        "incomeTaxExpense": 18023000,
        "netIncome": 22633000,
        "netIncomeRatio": 0.0661592112,
        "eps": 0.44,
        "epsdiluted": 0.42,
        "weightedAverageShsOut": 52029833,
        "weightedAverageShsOutDil": 53888041,
        "link": "https://www.sec.gov/Archives/edgar/data/832428/000095010901504941/0000950109-01-504941-index.htm",
        "finalLink": "https://www.sec.gov/Archives/edgar/data/832428/000095010901504941/d10q.htm"
    },
    {
        "date": "2001-06-30",
        "symbol": "SSP",
        "reportedCurrency": "USD",
        "cik": "0000832428",
        "fillingDate": "2001-08-13",
        "acceptedDate": "2001-08-13 00:00:00",
        "calendarYear": "2001",
        "period": "Q2",
        "revenue": 374053000,
        "costOfRevenue": 121224000,
        "grossProfit": 252829000,
        "grossProfitRatio": 0.6759175839,
        "researchAndDevelopmentExpenses": 0,
        "generalAndAdministrativeExpenses": 0,
        "sellingAndMarketingExpenses": 0,
        "sellingGeneralAndAdministrativeExpenses": 118087000,
        "otherExpenses": 58411000,
        "operatingExpenses": 176498000,
        "costAndExpenses": 297722000,
        "interestIncome": 0,
        "interestExpense": 10859000,
        "depreciationAndAmortization": 24717000,
        "ebitda": 131305000,
        "ebitdaratio": 0.3510331424,
        "operatingIncome": 76331000,
        "operatingIncomeRatio": 0.2040646646,
        "totalOtherIncomeExpensesNet": -8397000,
        "incomeBeforeTax": 67934000,
        "incomeBeforeTaxRatio": 0.1816159742,
        "incomeTaxExpense": 28584000,
        "netIncome": 39350000,
        "netIncomeRatio": 0.1051989959,
        "eps": 0.75,
        "epsdiluted": 0.74,
        "weightedAverageShsOut": 52562614,
        "weightedAverageShsOutDil": 53334613,
        "link": "https://www.sec.gov/Archives/edgar/data/832428/000083242801500012/0000832428-01-500012-index.htm",
        "finalLink": "https://www.sec.gov/Archives/edgar/data/832428/000083242801500012/form10q2q01.txt"
    },
    {
        "date": "2001-03-31",
        "symbol": "SSP",
        "reportedCurrency": "USD",
        "cik": "0000832428",
        "fillingDate": "2001-05-10",
        "acceptedDate": "2001-05-10 00:00:00",
        "calendarYear": "2001",
        "period": "Q1",
        "revenue": 367379000,
        "costOfRevenue": 130515000,
        "grossProfit": 236864000,
        "grossProfitRatio": 0.644740173,
        "researchAndDevelopmentExpenses": 0,
        "generalAndAdministrativeExpenses": 0,
        "sellingAndMarketingExpenses": 0,
        "sellingGeneralAndAdministrativeExpenses": 118755000,
        "otherExpenses": 56860000,
        "operatingExpenses": 175615000,
        "costAndExpenses": 306130000,
        "interestIncome": 0,
        "interestExpense": 12461000,
        "depreciationAndAmortization": 24765000,
        "ebitda": 58971000,
        "ebitdaratio": 0.160518157,
        "operatingIncome": 61249000,
        "operatingIncomeRatio": 0.166718838,
        "totalOtherIncomeExpensesNet": 45831000,
        "incomeBeforeTax": 107080000,
        "incomeBeforeTaxRatio": 0.2914701167,
        "incomeTaxExpense": 40642000,
        "netIncome": 66438000,
        "netIncomeRatio": 0.1808432164,
        "eps": 1.26,
        "epsdiluted": 1.25,
        "weightedAverageShsOut": 52728519,
        "weightedAverageShsOutDil": 53363802,
        "link": "https://www.sec.gov/Archives/edgar/data/832428/000083242801500008/0000832428-01-500008-index.htm",
        "finalLink": "https://www.sec.gov/Archives/edgar/data/832428/000083242801500008/form10qk.txt"
    },
    {
        "date": "2000-12-31",
        "symbol": "SSP",
        "reportedCurrency": "USD",
        "cik": "0000832428",
        "fillingDate": "2001-03-27",
        "acceptedDate": "2001-03-27 00:00:00",
        "calendarYear": "2000",
        "period": "Q4",
        "revenue": 459641000,
        "costOfRevenue": 199820000,
        "grossProfit": 259821000,
        "grossProfitRatio": 0.5652694168,
        "researchAndDevelopmentExpenses": 0,
        "generalAndAdministrativeExpenses": 0,
        "sellingAndMarketingExpenses": 0,
        "sellingGeneralAndAdministrativeExpenses": 130429000,
        "otherExpenses": 27813000,
        "operatingExpenses": 158242000,
        "costAndExpenses": 358062000,
        "interestIncome": 0,
        "interestExpense": 12424000,
        "depreciationAndAmortization": 27813000,
        "ebitda": 129392000,
        "ebitdaratio": 0.2815066541,
        "operatingIncome": 101579000,
        "operatingIncomeRatio": 0.2209963863,
        "totalOtherIncomeExpensesNet": -29455000,
        "incomeBeforeTax": 72124000,
        "incomeBeforeTaxRatio": 0.1569137653,
        "incomeTaxExpense": 23824000,
        "netIncome": 48300000,
        "netIncomeRatio": 0.1050820097,
        "eps": 0.92,
        "epsdiluted": 0.92,
        "weightedAverageShsOut": 52728519,
        "weightedAverageShsOutDil": 52728519,
        "link": "https://www.sec.gov/Archives/edgar/data/832428/000083242801000003/0000832428-01-000003-index.htm",
        "finalLink": "https://www.sec.gov/Archives/edgar/data/832428/000083242801000003/0000832428-01-000003-0001.txt"
    },
    {
        "date": "2000-09-30",
        "symbol": "SSP",
        "reportedCurrency": "USD",
        "cik": "0000832428",
        "fillingDate": "2000-11-13",
        "acceptedDate": "2000-11-13 00:00:00",
        "calendarYear": "2000",
        "period": "Q3",
        "revenue": 409635000,
        "costOfRevenue": 178324000,
        "grossProfit": 231311000,
        "grossProfitRatio": 0.56467587,
        "researchAndDevelopmentExpenses": 0,
        "generalAndAdministrativeExpenses": 0,
        "sellingAndMarketingExpenses": 0,
        "sellingGeneralAndAdministrativeExpenses": 129672000,
        "otherExpenses": 27288000,
        "operatingExpenses": 156960000,
        "costAndExpenses": 335284000,
        "interestIncome": 0,
        "interestExpense": 13393000,
        "depreciationAndAmortization": 27288000,
        "ebitda": 99810000,
        "ebitdaratio": 0.2436559376,
        "operatingIncome": 74351000,
        "operatingIncomeRatio": 0.1815054866,
        "totalOtherIncomeExpensesNet": -12604000,
        "incomeBeforeTax": 61747000,
        "incomeBeforeTaxRatio": 0.1507366314,
        "incomeTaxExpense": 26319000,
        "netIncome": 35428000,
        "netIncomeRatio": 0.0864867504,
        "eps": 0.68,
        "epsdiluted": 0.68,
        "weightedAverageShsOut": 52123947,
        "weightedAverageShsOutDil": 52781947,
        "link": "https://www.sec.gov/Archives/edgar/data/832428/000083242800000017/0000832428-00-000017-index.htm",
        "finalLink": "https://www.sec.gov/Archives/edgar/data/832428/000083242800000017/0000832428-00-000017-0001.txt"
    },
    {
        "date": "2000-06-30",
        "symbol": "SSP",
        "reportedCurrency": "USD",
        "cik": "0000832428",
        "fillingDate": "2000-08-03",
        "acceptedDate": "2000-08-03 00:00:00",
        "calendarYear": "2000",
        "period": "Q2",
        "revenue": 439224000,
        "costOfRevenue": 188535000,
        "grossProfit": 250689000,
        "grossProfitRatio": 0.5707543304,
        "researchAndDevelopmentExpenses": 0,
        "generalAndAdministrativeExpenses": 0,
        "sellingAndMarketingExpenses": 0,
        "sellingGeneralAndAdministrativeExpenses": 129314000,
        "otherExpenses": 27256000,
        "operatingExpenses": 156570000,
        "costAndExpenses": 345105000,
        "interestIncome": 0,
        "interestExpense": 15948000,
        "depreciationAndAmortization": 27256000,
        "ebitda": 122779000,
        "ebitdaratio": 0.279536182,
        "operatingIncome": 94119000,
        "operatingIncomeRatio": 0.2142847385,
        "totalOtherIncomeExpensesNet": -15948000,
        "incomeBeforeTax": 78171000,
        "incomeBeforeTaxRatio": 0.1779752473,
        "incomeTaxExpense": 32551000,
        "netIncome": 45620000,
        "netIncomeRatio": 0.1038649983,
        "eps": 0.89,
        "epsdiluted": 0.87,
        "weightedAverageShsOut": 52076614,
        "weightedAverageShsOutDil": 52663280,
        "link": "https://www.sec.gov/Archives/edgar/data/832428/000083242800000015/0000832428-00-000015-index.htm",
        "finalLink": "https://www.sec.gov/Archives/edgar/data/832428/000083242800000015/0000832428-00-000015-0001.txt"
    },
    {
        "date": "2000-03-31",
        "symbol": "SSP",
        "reportedCurrency": "USD",
        "cik": "0000832428",
        "fillingDate": "2000-05-10",
        "acceptedDate": "2000-05-10 00:00:00",
        "calendarYear": "2000",
        "period": "Q1",
        "revenue": 410859000,
        "costOfRevenue": 182502000,
        "grossProfit": 228357000,
        "grossProfitRatio": 0.5558038159,
        "researchAndDevelopmentExpenses": 0,
        "generalAndAdministrativeExpenses": 0,
        "sellingAndMarketingExpenses": 0,
        "sellingGeneralAndAdministrativeExpenses": 127292000,
        "otherExpenses": 26808000,
        "operatingExpenses": 154100000,
        "costAndExpenses": 336602000,
        "interestIncome": 0,
        "interestExpense": 12636000,
        "depreciationAndAmortization": 26808000,
        "ebitda": 102912000,
        "ebitdaratio": 0.2504800917,
        "operatingIncome": 74257000,
        "operatingIncomeRatio": 0.1807359702,
        "totalOtherIncomeExpensesNet": -15539000,
        "incomeBeforeTax": 58718000,
        "incomeBeforeTaxRatio": 0.1429152094,
        "incomeTaxExpense": 25114000,
        "netIncome": 33604000,
        "netIncomeRatio": 0.0817896164,
        "eps": 0.65,
        "epsdiluted": 0.65,
        "weightedAverageShsOut": 51984614,
        "weightedAverageShsOutDil": 52549280,
        "link": "https://www.sec.gov/Archives/edgar/data/832428/000083242800000011/0000832428-00-000011-index.html",
        "finalLink": "https://www.sec.gov/Archives/edgar/data/832428/000083242800000011/"
    },
    {
        "date": "1999-12-31",
        "symbol": "SSP",
        "reportedCurrency": "USD",
        "cik": "0000832428",
        "fillingDate": "2000-03-28",
        "acceptedDate": "2000-03-28 00:00:00",
        "calendarYear": "1999",
        "period": "Q4",
        "revenue": 439700000,
        "costOfRevenue": 195500000,
        "grossProfit": 244200000,
        "grossProfitRatio": 0.5553786673,
        "researchAndDevelopmentExpenses": 0,
        "generalAndAdministrativeExpenses": 0,
        "sellingAndMarketingExpenses": 0,
        "sellingGeneralAndAdministrativeExpenses": 127500000,
        "otherExpenses": 27500000,
        "operatingExpenses": 155000000,
        "costAndExpenses": 350500000,
        "interestIncome": 0,
        "interestExpense": 11700000,
        "depreciationAndAmortization": 27500000,
        "ebitda": 116700000,
        "ebitdaratio": 0.2654082329,
        "operatingIncome": 89200000,
        "operatingIncomeRatio": 0.2028655902,
        "totalOtherIncomeExpensesNet": -11700000,
        "incomeBeforeTax": 77500000,
        "incomeBeforeTaxRatio": 0.1762565385,
        "incomeTaxExpense": 31700000,
        "netIncome": 45800000,
        "netIncomeRatio": 0.1041619286,
        "eps": 0.88,
        "epsdiluted": 0.88,
        "weightedAverageShsOut": 52099173,
        "weightedAverageShsOutDil": 52099173,
        "link": "https://www.sec.gov/Archives/edgar/data/832428/000083242800000006/0000832428-00-000006-index.html",
        "finalLink": "https://www.sec.gov/Archives/edgar/data/832428/000083242800000006/"
    },
    {
        "date": "1999-09-30",
        "symbol": "SSP",
        "reportedCurrency": "USD",
        "cik": "0000832428",
        "fillingDate": "1999-11-09",
        "acceptedDate": "1999-11-09 00:00:00",
        "calendarYear": "1999",
        "period": "Q3",
        "revenue": 369900000,
        "costOfRevenue": 164100000,
        "grossProfit": 205800000,
        "grossProfitRatio": 0.5563665856,
        "researchAndDevelopmentExpenses": 0,
        "generalAndAdministrativeExpenses": 0,
        "sellingAndMarketingExpenses": 0,
        "sellingGeneralAndAdministrativeExpenses": 123600000,
        "otherExpenses": 26700000,
        "operatingExpenses": 150300000,
        "costAndExpenses": 314400000,
        "interestIncome": 0,
        "interestExpense": 11300000,
        "depreciationAndAmortization": 26600000,
        "ebitda": 82004000,
        "ebitdaratio": 0.2216923493,
        "operatingIncome": 55500000,
        "operatingIncomeRatio": 0.1500405515,
        "totalOtherIncomeExpensesNet": -12570000,
        "incomeBeforeTax": 42900000,
        "incomeBeforeTaxRatio": 0.1159772912,
        "incomeTaxExpense": 18000000,
        "netIncome": 24900000,
        "netIncomeRatio": 0.0673154907,
        "eps": 0.48,
        "epsdiluted": 0.48,
        "weightedAverageShsOut": 51795782,
        "weightedAverageShsOutDil": 51795782,
        "link": "https://www.sec.gov/Archives/edgar/data/832428/000083242899000014/0000832428-99-000014-index.html",
        "finalLink": "https://www.sec.gov/Archives/edgar/data/832428/000083242899000014/"
    },
    {
        "date": "1999-06-30",
        "symbol": "SSP",
        "reportedCurrency": "USD",
        "cik": "0000832428",
        "fillingDate": "1999-08-05",
        "acceptedDate": "1999-08-05 00:00:00",
        "calendarYear": "1999",
        "period": "Q2",
        "revenue": 388300000,
        "costOfRevenue": 155300000,
        "grossProfit": 233000000,
        "grossProfitRatio": 0.6000515066,
        "researchAndDevelopmentExpenses": 0,
        "generalAndAdministrativeExpenses": 0,
        "sellingAndMarketingExpenses": 0,
        "sellingGeneralAndAdministrativeExpenses": 123000000,
        "otherExpenses": 23800000,
        "operatingExpenses": 146800000,
        "costAndExpenses": 302100000,
        "interestIncome": 0,
        "interestExpense": 10400000,
        "depreciationAndAmortization": 23800000,
        "ebitda": 110111000,
        "ebitdaratio": 0.2835719804,
        "operatingIncome": 86200000,
        "operatingIncomeRatio": 0.2219933041,
        "totalOtherIncomeExpensesNet": -10500000,
        "incomeBeforeTax": 75800000,
        "incomeBeforeTaxRatio": 0.1952098893,
        "incomeTaxExpense": 31600000,
        "netIncome": 44200000,
        "netIncomeRatio": 0.1138295133,
        "eps": 0.86,
        "epsdiluted": 0.84,
        "weightedAverageShsOut": 51695855,
        "weightedAverageShsOutDil": 52618995,
        "link": "https://www.sec.gov/Archives/edgar/data/832428/000083242899000008/0000832428-99-000008-index.html",
        "finalLink": "https://www.sec.gov/Archives/edgar/data/832428/000083242899000008/"
    },
    {
        "date": "1999-03-31",
        "symbol": "SSP",
        "reportedCurrency": "USD",
        "cik": "0000832428",
        "fillingDate": "1999-05-14",
        "acceptedDate": "1999-05-14 00:00:00",
        "calendarYear": "1999",
        "period": "Q1",
        "revenue": 373400000,
        "costOfRevenue": 165300000,
        "grossProfit": 208100000,
        "grossProfitRatio": 0.5573111944,
        "researchAndDevelopmentExpenses": 0,
        "generalAndAdministrativeExpenses": 0,
        "sellingAndMarketingExpenses": 0,
        "sellingGeneralAndAdministrativeExpenses": 116400000,
        "otherExpenses": 26000000,
        "operatingExpenses": 142400000,
        "costAndExpenses": 307700000,
        "interestIncome": 0,
        "interestExpense": 11100000,
        "depreciationAndAmortization": 26000000,
        "ebitda": 91726000,
        "ebitdaratio": 0.2456507766,
        "operatingIncome": 65700000,
        "operatingIncomeRatio": 0.1759507231,
        "totalOtherIncomeExpensesNet": -10804000,
        "incomeBeforeTax": 54900000,
        "incomeBeforeTaxRatio": 0.1470273166,
        "incomeTaxExpense": 22900000,
        "netIncome": 32000000,
        "netIncomeRatio": 0.0856989823,
        "eps": 0.62,
        "epsdiluted": 0.6,
        "weightedAverageShsOut": 52034094,
        "weightedAverageShsOutDil": 53334947,
        "link": "https://www.sec.gov/Archives/edgar/data/832428/000083242899000006/0000832428-99-000006-index.html",
        "finalLink": "https://www.sec.gov/Archives/edgar/data/832428/"
    },
    {
        "date": "1998-12-31",
        "symbol": "SSP",
        "reportedCurrency": "USD",
        "cik": "0000832428",
        "fillingDate": "1999-03-10",
        "acceptedDate": "1999-03-10 00:00:00",
        "calendarYear": "1998",
        "period": "Q4",
        "revenue": 397400000,
        "costOfRevenue": 263000000,
        "grossProfit": 134400000,
        "grossProfitRatio": 0.3381982889,
        "researchAndDevelopmentExpenses": 0,
        "generalAndAdministrativeExpenses": 0,
        "sellingAndMarketingExpenses": 0,
        "sellingGeneralAndAdministrativeExpenses": 21200000,
        "otherExpenses": 27300000,
        "operatingExpenses": 48500000,
        "costAndExpenses": 311500000,
        "interestIncome": 0,
        "interestExpense": 11600000,
        "depreciationAndAmortization": 27300000,
        "ebitda": 113200000,
        "ebitdaratio": 0.284851535,
        "operatingIncome": 85900000,
        "operatingIncomeRatio": 0.2161550075,
        "totalOtherIncomeExpensesNet": -12400000,
        "incomeBeforeTax": 73500000,
        "incomeBeforeTaxRatio": 0.1849521892,
        "incomeTaxExpense": 29900000,
        "netIncome": 43600000,
        "netIncomeRatio": 0.1097131354,
        "eps": 0.84,
        "epsdiluted": 0.84,
        "weightedAverageShsOut": 52032468,
        "weightedAverageShsOutDil": 52032468,
        "link": "https://www.sec.gov/Archives/edgar/data/832428/000083242899000004/0000832428-99-000004-index.html",
        "finalLink": "https://www.sec.gov/Archives/edgar/data/832428/"
    },
    {
        "date": "1998-09-30",
        "symbol": "SSP",
        "reportedCurrency": "USD",
        "cik": "0000832428",
        "fillingDate": "1998-11-16",
        "acceptedDate": "1998-11-16 00:00:00",
        "calendarYear": "1998",
        "period": "Q3",
        "revenue": 343400000,
        "costOfRevenue": 147000000,
        "grossProfit": 196400000,
        "grossProfitRatio": 0.571927781,
        "researchAndDevelopmentExpenses": 0,
        "generalAndAdministrativeExpenses": 0,
        "sellingAndMarketingExpenses": 0,
        "sellingGeneralAndAdministrativeExpenses": 113600000,
        "otherExpenses": 25300000,
        "operatingExpenses": 138900000,
        "costAndExpenses": 285900000,
        "interestIncome": 0,
        "interestExpense": 11700000,
        "depreciationAndAmortization": 25300000,
        "ebitda": 82700000,
        "ebitdaratio": 0.2408270239,
        "operatingIncome": 57500000,
        "operatingIncomeRatio": 0.1674432149,
        "totalOtherIncomeExpensesNet": -12400000,
        "incomeBeforeTax": 45000000,
        "incomeBeforeTaxRatio": 0.131042516,
        "incomeTaxExpense": 18900000,
        "netIncome": 26100000,
        "netIncomeRatio": 0.0760046593,
        "eps": 0.5,
        "epsdiluted": 0.48,
        "weightedAverageShsOut": 52727220,
        "weightedAverageShsOutDil": 54374946,
        "link": "https://www.sec.gov/Archives/edgar/data/832428/000083242898000020/0000832428-98-000020-index.html",
        "finalLink": "https://www.sec.gov/Archives/edgar/data/832428/"
    },
    {
        "date": "1998-06-30",
        "symbol": "SSP",
        "reportedCurrency": "USD",
        "cik": "0000832428",
        "fillingDate": "1998-08-13",
        "acceptedDate": "1998-08-13 00:00:00",
        "calendarYear": "1998",
        "period": "Q2",
        "revenue": 366900000,
        "costOfRevenue": 151900000,
        "grossProfit": 215000000,
        "grossProfitRatio": 0.5859907332,
        "researchAndDevelopmentExpenses": 0,
        "generalAndAdministrativeExpenses": 0,
        "sellingAndMarketingExpenses": 0,
        "sellingGeneralAndAdministrativeExpenses": 114400000,
        "otherExpenses": 25400000,
        "operatingExpenses": 139800000,
        "costAndExpenses": 291700000,
        "interestIncome": 0,
        "interestExpense": 12400000,
        "depreciationAndAmortization": 25400000,
        "ebitda": 100600000,
        "ebitdaratio": 0.2741891524,
        "operatingIncome": 75200000,
        "operatingIncomeRatio": 0.2049604797,
        "totalOtherIncomeExpensesNet": -12400000,
        "incomeBeforeTax": 62800000,
        "incomeBeforeTaxRatio": 0.1711638049,
        "incomeTaxExpense": 26400000,
        "netIncome": 36400000,
        "netIncomeRatio": 0.0992095939,
        "eps": 0.68,
        "epsdiluted": 0.68,
        "weightedAverageShsOut": 53925872,
        "weightedAverageShsOutDil": 53925872,
        "link": "https://www.sec.gov/Archives/edgar/data/832428/000083242898000017/0000832428-98-000017-index.html",
        "finalLink": "https://www.sec.gov/Archives/edgar/data/832428/"
    },
    {
        "date": "1998-03-31",
        "symbol": "SSP",
        "reportedCurrency": "USD",
        "cik": "0000832428",
        "fillingDate": "1998-05-15",
        "acceptedDate": "1998-05-15 00:00:00",
        "calendarYear": "1998",
        "period": "Q1",
        "revenue": 346800000,
        "costOfRevenue": 148300000,
        "grossProfit": 198500000,
        "grossProfitRatio": 0.5723760092,
        "researchAndDevelopmentExpenses": 0,
        "generalAndAdministrativeExpenses": 0,
        "sellingAndMarketingExpenses": 0,
        "sellingGeneralAndAdministrativeExpenses": 115300000,
        "otherExpenses": 25800000,
        "operatingExpenses": 141100000,
        "costAndExpenses": 289400000,
        "interestIncome": 0,
        "interestExpense": 15700000,
        "depreciationAndAmortization": 25800000,
        "ebitda": 83200000,
        "ebitdaratio": 0.2399077278,
        "operatingIncome": 57400000,
        "operatingIncomeRatio": 0.1655132641,
        "totalOtherIncomeExpensesNet": -14300000,
        "incomeBeforeTax": 43100000,
        "incomeBeforeTaxRatio": 0.1242791234,
        "incomeTaxExpense": 18000000,
        "netIncome": 25100000,
        "netIncomeRatio": 0.0723760092,
        "eps": 0.47,
        "epsdiluted": 0.47,
        "weightedAverageShsOut": 53978441,
        "weightedAverageShsOutDil": 53978441,
        "link": "https://www.sec.gov/Archives/edgar/data/832428/000083242898000005/0000832428-98-000005-index.html",
        "finalLink": "https://www.sec.gov/Archives/edgar/data/832428/"
    },
    {
        "date": "1997-12-31",
        "symbol": "SSP",
        "reportedCurrency": "USD",
        "cik": "0000832428",
        "fillingDate": "1998-03-27",
        "acceptedDate": "1998-03-27 00:00:00",
        "calendarYear": "1997",
        "period": "Q4",
        "revenue": 359600000,
        "costOfRevenue": 149100000,
        "grossProfit": 210500000,
        "grossProfitRatio": 0.5853726363,
        "researchAndDevelopmentExpenses": 0,
        "generalAndAdministrativeExpenses": 0,
        "sellingAndMarketingExpenses": 0,
        "sellingGeneralAndAdministrativeExpenses": 111300000,
        "otherExpenses": 24000000,
        "operatingExpenses": 135300000,
        "costAndExpenses": 284400000,
        "interestIncome": 0,
        "interestExpense": 0,
        "depreciationAndAmortization": 24000000,
        "ebitda": 99200000,
        "ebitdaratio": 0.275862069,
        "operatingIncome": 75200000,
        "operatingIncomeRatio": 0.2091212458,
        "totalOtherIncomeExpensesNet": 11900000,
        "incomeBeforeTax": 87100000,
        "incomeBeforeTaxRatio": 0.2422135706,
        "incomeTaxExpense": 36600000,
        "netIncome": 50500000,
        "netIncomeRatio": 0.1404338154,
        "eps": 0.94,
        "epsdiluted": 0.94,
        "weightedAverageShsOut": 53354762,
        "weightedAverageShsOutDil": 53978441,
        "link": "https://www.sec.gov/Archives/edgar/data/832428/000083242898000003/0000832428-98-000003-index.html",
        "finalLink": "https://www.sec.gov/Archives/edgar/data/832428/"
    },
    {
        "date": "1997-09-30",
        "symbol": "SSP",
        "reportedCurrency": "USD",
        "cik": "0000832428",
        "fillingDate": "1997-11-12",
        "acceptedDate": "1997-11-12 00:00:00",
        "calendarYear": "1997",
        "period": "Q3",
        "revenue": 286200000,
        "costOfRevenue": 121100000,
        "grossProfit": 165100000,
        "grossProfitRatio": 0.5768693222,
        "researchAndDevelopmentExpenses": 0,
        "generalAndAdministrativeExpenses": 0,
        "sellingAndMarketingExpenses": 0,
        "sellingGeneralAndAdministrativeExpenses": 97500000,
        "otherExpenses": 18000000,
        "operatingExpenses": 115500000,
        "costAndExpenses": 236600000,
        "interestIncome": 0,
        "interestExpense": 0,
        "depreciationAndAmortization": 18000000,
        "ebitda": 67600000,
        "ebitdaratio": 0.2361984626,
        "operatingIncome": 49600000,
        "operatingIncomeRatio": 0.1733053809,
        "totalOtherIncomeExpensesNet": 18700000,
        "incomeBeforeTax": 68300000,
        "incomeBeforeTaxRatio": 0.2386443047,
        "incomeTaxExpense": 29700000,
        "netIncome": 38600000,
        "netIncomeRatio": 0.1348707198,
        "eps": 0.72,
        "epsdiluted": 0.71,
        "weightedAverageShsOut": 53611058,
        "weightedAverageShsOutDil": 54751718,
        "link": "https://www.sec.gov/Archives/edgar/data/832428/000083242897000024/0000832428-97-000024-index.html",
        "finalLink": "https://www.sec.gov/Archives/edgar/data/832428/"
    },
    {
        "date": "1997-06-30",
        "symbol": "SSP",
        "reportedCurrency": "USD",
        "cik": "0000832428",
        "fillingDate": "1997-08-01",
        "acceptedDate": "1997-08-01 00:00:00",
        "calendarYear": "1997",
        "period": "Q2",
        "revenue": 305500000,
        "costOfRevenue": 121500000,
        "grossProfit": 184000000,
        "grossProfitRatio": 0.6022913257,
        "researchAndDevelopmentExpenses": 0,
        "generalAndAdministrativeExpenses": 0,
        "sellingAndMarketingExpenses": 0,
        "sellingGeneralAndAdministrativeExpenses": 96400000,
        "otherExpenses": 17300000,
        "operatingExpenses": 113700000,
        "costAndExpenses": 235200000,
        "interestIncome": 0,
        "interestExpense": 2500000,
        "depreciationAndAmortization": 17300000,
        "ebitda": 87600000,
        "ebitdaratio": 0.2867430442,
        "operatingIncome": 70300000,
        "operatingIncomeRatio": 0.2301145663,
        "totalOtherIncomeExpensesNet": -3000000,
        "incomeBeforeTax": 67300000,
        "incomeBeforeTaxRatio": 0.220294599,
        "incomeTaxExpense": 28700000,
        "netIncome": 38600000,
        "netIncomeRatio": 0.1263502455,
        "eps": 0.72,
        "epsdiluted": 0.71,
        "weightedAverageShsOut": 53611058,
        "weightedAverageShsOutDil": 54751718,
        "link": "https://www.sec.gov/Archives/edgar/data/832428/000083242897000013/0000832428-97-000013-index.html",
        "finalLink": "https://www.sec.gov/Archives/edgar/data/832428/"
    },
    {
        "date": "1997-03-31",
        "symbol": "SSP",
        "reportedCurrency": "USD",
        "cik": "0000832428",
        "fillingDate": "1997-05-13",
        "acceptedDate": "1997-05-13 00:00:00",
        "calendarYear": "1997",
        "period": "Q1",
        "revenue": 290700000,
        "costOfRevenue": 121800000,
        "grossProfit": 168900000,
        "grossProfitRatio": 0.5810113519,
        "researchAndDevelopmentExpenses": 0,
        "generalAndAdministrativeExpenses": 0,
        "sellingAndMarketingExpenses": 0,
        "sellingGeneralAndAdministrativeExpenses": 94800000,
        "otherExpenses": 18300000,
        "operatingExpenses": 113100000,
        "costAndExpenses": 234900000,
        "interestIncome": 0,
        "interestExpense": 2600000,
        "depreciationAndAmortization": 18300000,
        "ebitda": 74100000,
        "ebitdaratio": 0.2549019608,
        "operatingIncome": 55800000,
        "operatingIncomeRatio": 0.1919504644,
        "totalOtherIncomeExpensesNet": -3300000,
        "incomeBeforeTax": 52500000,
        "incomeBeforeTaxRatio": 0.1805985552,
        "incomeTaxExpense": 22500000,
        "netIncome": 30000000,
        "netIncomeRatio": 0.1031991744,
        "eps": 0.56,
        "epsdiluted": 0.56,
        "weightedAverageShsOut": 54054000,
        "weightedAverageShsOutDil": 54054000,
        "link": "https://www.sec.gov/Archives/edgar/data/832428/000083242897000009/0000832428-97-000009-index.html",
        "finalLink": "https://www.sec.gov/Archives/edgar/data/832428/"
    },
    {
        "date": "1996-12-31",
        "symbol": "SSP",
        "reportedCurrency": "USD",
        "cik": "0000832428",
        "fillingDate": "1997-03-12",
        "acceptedDate": "1997-03-12 00:00:00",
        "calendarYear": "1996",
        "period": "Q4",
        "revenue": 324900000,
        "costOfRevenue": 0,
        "grossProfit": 324900000,
        "grossProfitRatio": 1,
        "researchAndDevelopmentExpenses": 0,
        "generalAndAdministrativeExpenses": 0,
        "sellingAndMarketingExpenses": 0,
        "sellingGeneralAndAdministrativeExpenses": 0,
        "otherExpenses": -916000000,
        "operatingExpenses": -916000000,
        "costAndExpenses": -916000000,
        "interestIncome": 0,
        "interestExpense": 0,
        "depreciationAndAmortization": 641300000,
        "ebitda": -591100000,
        "ebitdaratio": -1.8193290243,
        "operatingIncome": -591100000,
        "operatingIncomeRatio": -1.8193290243,
        "totalOtherIncomeExpensesNet": 641300000,
        "incomeBeforeTax": 50200000,
        "incomeBeforeTaxRatio": 0.1545090797,
        "incomeTaxExpense": -50200000,
        "netIncome": 50200000,
        "netIncomeRatio": 0.1545090797,
        "eps": 1.86,
        "epsdiluted": 1.86,
        "weightedAverageShsOut": 54054000,
        "weightedAverageShsOutDil": 54054000,
        "link": "https://www.sec.gov/Archives/edgar/data/832428/000083242897000002/0000832428-97-000002-index.html",
        "finalLink": "https://www.sec.gov/Archives/edgar/data/832428/"
    },
    {
        "date": "1996-09-30",
        "symbol": "SSP",
        "reportedCurrency": "USD",
        "cik": "0000832428",
        "fillingDate": "1996-11-06",
        "acceptedDate": "1996-11-06 00:00:00",
        "calendarYear": "1996",
        "period": "Q3",
        "revenue": 265500000,
        "costOfRevenue": 0,
        "grossProfit": 265500000,
        "grossProfitRatio": 1,
        "researchAndDevelopmentExpenses": 0,
        "generalAndAdministrativeExpenses": 0,
        "sellingAndMarketingExpenses": 0,
        "sellingGeneralAndAdministrativeExpenses": 0,
        "otherExpenses": 0,
        "operatingExpenses": 0,
        "costAndExpenses": 0,
        "interestIncome": 0,
        "interestExpense": 265500000,
        "depreciationAndAmortization": -229500000,
        "ebitda": 265500000,
        "ebitdaratio": 1,
        "operatingIncome": 265500000,
        "operatingIncomeRatio": 1,
        "totalOtherIncomeExpensesNet": -265500000,
        "incomeBeforeTax": 36000000,
        "incomeBeforeTaxRatio": 0.1355932203,
        "incomeTaxExpense": -36000000,
        "netIncome": 36000000,
        "netIncomeRatio": 0.1355932203,
        "eps": 0.68,
        "epsdiluted": 0.66,
        "weightedAverageShsOut": 53333280,
        "weightedAverageShsOutDil": 54545400,
        "link": "https://www.sec.gov/Archives/edgar/data/832428/000083242896000031/0000832428-96-000031-index.html",
        "finalLink": "https://www.sec.gov/Archives/edgar/data/832428/"
    },
    {
        "date": "1996-06-30",
        "symbol": "SSP",
        "reportedCurrency": "USD",
        "cik": "0000832428",
        "fillingDate": "1996-08-14",
        "acceptedDate": "1996-08-14 00:00:00",
        "calendarYear": "1996",
        "period": "Q2",
        "revenue": 277300000,
        "costOfRevenue": 0,
        "grossProfit": 277300000,
        "grossProfitRatio": 1,
        "researchAndDevelopmentExpenses": 0,
        "generalAndAdministrativeExpenses": 0,
        "sellingAndMarketingExpenses": 0,
        "sellingGeneralAndAdministrativeExpenses": 0,
        "otherExpenses": 0,
        "operatingExpenses": 0,
        "costAndExpenses": 0,
        "interestIncome": 0,
        "interestExpense": 277300000,
        "depreciationAndAmortization": -235400000,
        "ebitda": 277300000,
        "ebitdaratio": 1,
        "operatingIncome": 277300000,
        "operatingIncomeRatio": 1,
        "totalOtherIncomeExpensesNet": -277300000,
        "incomeBeforeTax": 41900000,
        "incomeBeforeTaxRatio": 0.1510998918,
        "incomeTaxExpense": -41900000,
        "netIncome": 41900000,
        "netIncomeRatio": 0.1510998918,
        "eps": 0.78,
        "epsdiluted": 0.78,
        "weightedAverageShsOut": 53717895,
        "weightedAverageShsOutDil": 53717895,
        "link": "https://www.sec.gov/Archives/edgar/data/832428/000083242896000026/0000832428-96-000026-index.html",
        "finalLink": "https://www.sec.gov/Archives/edgar/data/832428/"
    },
    {
        "date": "1996-03-31",
        "symbol": "SSP",
        "reportedCurrency": "USD",
        "cik": "0000832428",
        "fillingDate": "1996-05-15",
        "acceptedDate": "1996-05-15 00:00:00",
        "calendarYear": "1996",
        "period": "Q1",
        "revenue": 254200000,
        "costOfRevenue": 0,
        "grossProfit": 254200000,
        "grossProfitRatio": 1,
        "researchAndDevelopmentExpenses": 0,
        "generalAndAdministrativeExpenses": 0,
        "sellingAndMarketingExpenses": 0,
        "sellingGeneralAndAdministrativeExpenses": 0,
        "otherExpenses": 0,
        "operatingExpenses": 0,
        "costAndExpenses": 0,
        "interestIncome": 0,
        "interestExpense": 254200000,
        "depreciationAndAmortization": -224900000,
        "ebitda": 254200000,
        "ebitdaratio": 1,
        "operatingIncome": 254200000,
        "operatingIncomeRatio": 1,
        "totalOtherIncomeExpensesNet": -254200000,
        "incomeBeforeTax": 29300000,
        "incomeBeforeTaxRatio": 0.115263572,
        "incomeTaxExpense": -29300000,
        "netIncome": 29300000,
        "netIncomeRatio": 0.115263572,
        "eps": 0.56,
        "epsdiluted": 0.54,
        "weightedAverageShsOut": 52792740,
        "weightedAverageShsOutDil": 54259205,
        "link": "https://www.sec.gov/Archives/edgar/data/832428/000083242896000016/0000832428-96-000016-index.html",
        "finalLink": "https://www.sec.gov/Archives/edgar/data/832428/"
    },
    {
        "date": "1995-12-31",
        "symbol": "SSP",
        "reportedCurrency": "USD",
        "cik": "0000832428",
        "fillingDate": "1996-03-28",
        "acceptedDate": "1996-03-28 00:00:00",
        "calendarYear": "1995",
        "period": "Q4",
        "revenue": 73178000,
        "costOfRevenue": 0,
        "grossProfit": 73178000,
        "grossProfitRatio": 1,
        "researchAndDevelopmentExpenses": 0,
        "generalAndAdministrativeExpenses": 0,
        "sellingAndMarketingExpenses": 0,
        "sellingGeneralAndAdministrativeExpenses": 0,
        "otherExpenses": 473322000,
        "operatingExpenses": 473322000,
        "costAndExpenses": 62822000,
        "interestIncome": 0,
        "interestExpense": 2323000,
        "depreciationAndAmortization": 157190000,
        "ebitda": 167546000,
        "ebitdaratio": 2.2895679029,
        "operatingIncome": 45210000,
        "operatingIncomeRatio": 0.617808631,
        "totalOtherIncomeExpensesNet": -1588000,
        "incomeBeforeTax": 8768000,
        "incomeBeforeTaxRatio": 0.1198174315,
        "incomeTaxExpense": 4732000,
        "netIncome": 40478000,
        "netIncomeRatio": 0.5531443877,
        "eps": 0.0764,
        "epsdiluted": 0.0764,
        "weightedAverageShsOut": 52792740,
        "weightedAverageShsOutDil": 52792740,
        "link": "https://www.sec.gov/Archives/edgar/data/832428/000083242896000009/0000832428-96-000009-index.html",
        "finalLink": "https://www.sec.gov/Archives/edgar/data/832428/"
    },
    {
        "date": "1995-09-30",
        "symbol": "SSP",
        "reportedCurrency": "USD",
        "cik": "0000832428",
        "fillingDate": "1995-10-19",
        "acceptedDate": "1995-10-19 00:00:00",
        "calendarYear": "1995",
        "period": "Q3",
        "revenue": 315800000,
        "costOfRevenue": 140100000,
        "grossProfit": 175700000,
        "grossProfitRatio": 0.5563647878,
        "researchAndDevelopmentExpenses": 0,
        "generalAndAdministrativeExpenses": 0,
        "sellingAndMarketingExpenses": 0,
        "sellingGeneralAndAdministrativeExpenses": 95200000,
        "otherExpenses": 30300000,
        "operatingExpenses": 125500000,
        "costAndExpenses": 265600000,
        "interestIncome": 0,
        "interestExpense": 2500000,
        "depreciationAndAmortization": -30300000,
        "ebitda": 79000000,
        "ebitdaratio": 0.2501583281,
        "operatingIncome": 48400000,
        "operatingIncomeRatio": 0.1532615579,
        "totalOtherIncomeExpensesNet": -1800000,
        "incomeBeforeTax": 48400000,
        "incomeBeforeTaxRatio": 0.1532615579,
        "incomeTaxExpense": 20800000,
        "netIncome": 27600000,
        "netIncomeRatio": 0.0873970868,
        "eps": 0.52,
        "epsdiluted": 0.52,
        "weightedAverageShsOut": 53241973,
        "weightedAverageShsOutDil": 53241973,
        "link": "https://www.sec.gov/Archives/edgar/data/832428/000083242895000011/0000832428-95-000011-index.html",
        "finalLink": "https://www.sec.gov/Archives/edgar/data/832428/"
    },
    {
        "date": "1995-06-30",
        "symbol": "SSP",
        "reportedCurrency": "USD",
        "cik": "0000832428",
        "fillingDate": "1995-07-21",
        "acceptedDate": "1995-07-21 00:00:00",
        "calendarYear": "1995",
        "period": "Q2",
        "revenue": 329100000,
        "costOfRevenue": 136600000,
        "grossProfit": 192500000,
        "grossProfitRatio": 0.5849285931,
        "researchAndDevelopmentExpenses": 0,
        "generalAndAdministrativeExpenses": 0,
        "sellingAndMarketingExpenses": 0,
        "sellingGeneralAndAdministrativeExpenses": 95200000,
        "otherExpenses": 30500000,
        "operatingExpenses": 125700000,
        "costAndExpenses": 262300000,
        "interestIncome": 0,
        "interestExpense": 2900000,
        "depreciationAndAmortization": -30500000,
        "ebitda": 96900000,
        "ebitdaratio": 0.2944393801,
        "operatingIncome": 63200000,
        "operatingIncomeRatio": 0.192038894,
        "totalOtherIncomeExpensesNet": -3600000,
        "incomeBeforeTax": 63200000,
        "incomeBeforeTaxRatio": 0.192038894,
        "incomeTaxExpense": 27100000,
        "netIncome": 36100000,
        "netIncomeRatio": 0.1096931024,
        "eps": 0.68,
        "epsdiluted": 0.68,
        "weightedAverageShsOut": 53242011,
        "weightedAverageShsOutDil": 53242011,
        "link": "https://www.sec.gov/Archives/edgar/data/832428/000083242895000006/0000832428-95-000006-index.html",
        "finalLink": "https://www.sec.gov/Archives/edgar/data/832428/"
    },
    {
        "date": "1995-03-31",
        "symbol": "SSP",
        "reportedCurrency": "USD",
        "cik": "0000832428",
        "fillingDate": "1995-05-15",
        "acceptedDate": "1995-05-15 00:00:00",
        "calendarYear": "1995",
        "period": "Q1",
        "revenue": 312300000,
        "costOfRevenue": 133800000,
        "grossProfit": 178500000,
        "grossProfitRatio": 0.5715658021,
        "researchAndDevelopmentExpenses": 0,
        "generalAndAdministrativeExpenses": 0,
        "sellingAndMarketingExpenses": 0,
        "sellingGeneralAndAdministrativeExpenses": 94800000,
        "otherExpenses": 29800000,
        "operatingExpenses": 124600000,
        "costAndExpenses": 258400000,
        "interestIncome": 0,
        "interestExpense": 3500000,
        "depreciationAndAmortization": -29800000,
        "ebitda": 82100000,
        "ebitdaratio": 0.2628882485,
        "operatingIncome": 51100000,
        "operatingIncomeRatio": 0.1636247198,
        "totalOtherIncomeExpensesNet": -2800000,
        "incomeBeforeTax": 51100000,
        "incomeBeforeTaxRatio": 0.1636247198,
        "incomeTaxExpense": 22000000,
        "netIncome": 29100000,
        "netIncomeRatio": 0.093179635,
        "eps": 0.55,
        "epsdiluted": 0.55,
        "weightedAverageShsOut": 53241996,
        "weightedAverageShsOutDil": 53241996,
        "link": "https://www.sec.gov/Archives/edgar/data/832428/000083242895000003/0000832428-95-000003-index.html",
        "finalLink": "https://www.sec.gov/Archives/edgar/data/832428/"
    },
    {
        "date": "1994-12-31",
        "symbol": "SSP",
        "reportedCurrency": "USD",
        "cik": "0000832428",
        "fillingDate": "1995-03-30",
        "acceptedDate": "1995-03-30 00:00:00",
        "calendarYear": "1994",
        "period": "Q4",
        "revenue": 330651000,
        "costOfRevenue": 0,
        "grossProfit": 330651000,
        "grossProfitRatio": 1,
        "researchAndDevelopmentExpenses": 0,
        "generalAndAdministrativeExpenses": 0,
        "sellingAndMarketingExpenses": 0,
        "sellingGeneralAndAdministrativeExpenses": 0,
        "otherExpenses": 642004000,
        "operatingExpenses": 642004000,
        "costAndExpenses": 275704000,
        "interestIncome": 0,
        "interestExpense": 3416000,
        "depreciationAndAmortization": 204267000,
        "ebitda": 259214000,
        "ebitdaratio": 0.7839504493,
        "operatingIncome": 29708000,
        "operatingIncomeRatio": 0.0898469988,
        "totalOtherIncomeExpensesNet": -17251000,
        "incomeBeforeTax": 37696000,
        "incomeBeforeTaxRatio": 0.1140054015,
        "incomeTaxExpense": 6025000,
        "netIncome": 23683000,
        "netIncomeRatio": 0.0716253693,
        "eps": 0.59,
        "epsdiluted": 0.59,
        "weightedAverageShsOut": 53241996,
        "weightedAverageShsOutDil": 53241996,
        "link": "https://www.sec.gov/Archives/edgar/data/832428/000083242895000001/0000832428-95-000001-index.html",
        "finalLink": "https://www.sec.gov/Archives/edgar/data/832428/"
    },
    {
        "date": "1994-09-30",
        "symbol": "SSP",
        "reportedCurrency": "USD",
        "cik": "0000832428",
        "fillingDate": "1994-11-07",
        "acceptedDate": "1994-11-07 00:00:00",
        "calendarYear": "1994",
        "period": "Q3",
        "revenue": 296000000,
        "costOfRevenue": 126300000,
        "grossProfit": 169700000,
        "grossProfitRatio": 0.5733108108,
        "researchAndDevelopmentExpenses": 0,
        "generalAndAdministrativeExpenses": 0,
        "sellingAndMarketingExpenses": 0,
        "sellingGeneralAndAdministrativeExpenses": 87600000,
        "otherExpenses": 28300000,
        "operatingExpenses": 115900000,
        "costAndExpenses": 242200000,
        "interestIncome": 0,
        "interestExpense": 3900000,
        "depreciationAndAmortization": -28300000,
        "ebitda": 82100000,
        "ebitdaratio": 0.2773648649,
        "operatingIncome": 47500000,
        "operatingIncomeRatio": 0.160472973,
        "totalOtherIncomeExpensesNet": -6300000,
        "incomeBeforeTax": 47500000,
        "incomeBeforeTaxRatio": 0.160472973,
        "incomeTaxExpense": 21400000,
        "netIncome": 26100000,
        "netIncomeRatio": 0.0881756757,
        "eps": 0.52,
        "epsdiluted": 0.52,
        "weightedAverageShsOut": 53241996,
        "weightedAverageShsOutDil": 53241996,
        "link": "https://www.sec.gov/Archives/edgar/data/832428/000083242894000018/0000832428-94-000018-index.html",
        "finalLink": "https://www.sec.gov/Archives/edgar/data/832428/"
    },
    {
        "date": "1994-06-30",
        "symbol": "SSP",
        "reportedCurrency": "USD",
        "cik": "0000832428",
        "fillingDate": "1994-08-03",
        "acceptedDate": "1994-08-03 00:00:00",
        "calendarYear": "1994",
        "period": "Q2",
        "revenue": 307600000,
        "costOfRevenue": 123500000,
        "grossProfit": 184100000,
        "grossProfitRatio": 0.5985045514,
        "researchAndDevelopmentExpenses": 0,
        "generalAndAdministrativeExpenses": 0,
        "sellingAndMarketingExpenses": 0,
        "sellingGeneralAndAdministrativeExpenses": 90200000,
        "otherExpenses": 30700000,
        "operatingExpenses": 120900000,
        "costAndExpenses": 244400000,
        "interestIncome": 0,
        "interestExpense": 4600000,
        "depreciationAndAmortization": -30700000,
        "ebitda": 62700000,
        "ebitdaratio": 0.2038361508,
        "operatingIncome": 87000000,
        "operatingIncomeRatio": 0.2828348505,
        "totalOtherIncomeExpensesNet": 23800000,
        "incomeBeforeTax": 87000000,
        "incomeBeforeTaxRatio": 0.2828348505,
        "incomeTaxExpense": 39200000,
        "netIncome": 47800000,
        "netIncomeRatio": 0.155396619,
        "eps": 0.96,
        "epsdiluted": 0.96,
        "weightedAverageShsOut": 49840833,
        "weightedAverageShsOutDil": 49840833,
        "link": "https://www.sec.gov/Archives/edgar/data/832428/000083242894000009/0000832428-94-000009-index.html",
        "finalLink": "https://www.sec.gov/Archives/edgar/data/832428/"
    },
    {
        "date": "1994-03-31",
        "symbol": "SSP",
        "reportedCurrency": "USD",
        "cik": "0000832428",
        "fillingDate": "1994-05-11",
        "acceptedDate": "1994-05-11 00:00:00",
        "calendarYear": "1994",
        "period": "Q1",
        "revenue": 285800000,
        "costOfRevenue": 116500000,
        "grossProfit": 169300000,
        "grossProfitRatio": 0.5923722883,
        "researchAndDevelopmentExpenses": 0,
        "generalAndAdministrativeExpenses": 0,
        "sellingAndMarketingExpenses": 0,
        "sellingGeneralAndAdministrativeExpenses": 88100000,
        "otherExpenses": 29000000,
        "operatingExpenses": 117100000,
        "costAndExpenses": 233600000,
        "interestIncome": 0,
        "interestExpense": 4700000,
        "depreciationAndAmortization": -29000000,
        "ebitda": 81100000,
        "ebitdaratio": 0.2837648705,
        "operatingIncome": 45500000,
        "operatingIncomeRatio": 0.1592022393,
        "totalOtherIncomeExpensesNet": -6700000,
        "incomeBeforeTax": 45500000,
        "incomeBeforeTaxRatio": 0.1592022393,
        "incomeTaxExpense": 20400000,
        "netIncome": 25100000,
        "netIncomeRatio": 0.0878236529,
        "eps": 0.5,
        "epsdiluted": 0.5,
        "weightedAverageShsOut": 49840835,
        "weightedAverageShsOutDil": 49840835,
        "link": "https://www.sec.gov/Archives/edgar/data/832428/000083242894000005/0000832428-94-000005-index.html",
        "finalLink": "https://www.sec.gov/Archives/edgar/data/832428/"
    },
    {
        "date": "1993-12-31",
        "symbol": "SSP",
        "reportedCurrency": "USD",
        "cik": "0000832428",
        "fillingDate": "1994-03-28",
        "acceptedDate": "1994-03-28 14:15:00",
        "calendarYear": "1993",
        "period": "Q4",
        "revenue": 316371000,
        "costOfRevenue": 0,
        "grossProfit": 316371000,
        "grossProfitRatio": 1,
        "researchAndDevelopmentExpenses": 0,
        "generalAndAdministrativeExpenses": 0,
        "sellingAndMarketingExpenses": 0,
        "sellingGeneralAndAdministrativeExpenses": 0,
        "otherExpenses": 645267000,
        "operatingExpenses": 645267000,
        "costAndExpenses": 262367000,
        "interestIncome": 0,
        "interestExpense": 6086000,
        "depreciationAndAmortization": 211078000,
        "ebitda": 265082000,
        "ebitdaratio": 0.8378833711,
        "operatingIncome": 108485000,
        "operatingIncomeRatio": 0.3429043749,
        "totalOtherIncomeExpensesNet": 54481000,
        "incomeBeforeTax": 108485000,
        "incomeBeforeTaxRatio": 0.3429043749,
        "incomeTaxExpense": 48599000,
        "netIncome": 59886000,
        "netIncomeRatio": 0.1892904217,
        "eps": 1.2,
        "epsdiluted": 1.2,
        "weightedAverageShsOut": 49840835,
        "weightedAverageShsOutDil": 49840835,
        "link": "https://www.sec.gov/Archives/edgar/data/832428/000083242894000002/0000832428-94-000002-index.htm",
        "finalLink": "https://www.sec.gov/Archives/edgar/data/832428/000083242894000002/"
    },
    {
        "date": "1993-09-30",
        "symbol": "SSP",
        "reportedCurrency": "USD",
        "cik": "0000832428",
        "fillingDate": "1993-09-30",
        "acceptedDate": "1993-09-30 00:00:00",
        "calendarYear": "1993",
        "period": "Q3",
        "revenue": 294400000,
        "costOfRevenue": 132300000,
        "grossProfit": 162100000,
        "grossProfitRatio": 0.550611413,
        "researchAndDevelopmentExpenses": 0,
        "generalAndAdministrativeExpenses": 0,
        "sellingAndMarketingExpenses": 0,
        "sellingGeneralAndAdministrativeExpenses": 93500000,
        "otherExpenses": 30600000,
        "operatingExpenses": 124100000,
        "costAndExpenses": 256400000,
        "interestIncome": 0,
        "interestExpense": 6100000,
        "depreciationAndAmortization": -30500000,
        "ebitda": 68600000,
        "ebitdaratio": 0.2330163043,
        "operatingIncome": 26200000,
        "operatingIncomeRatio": 0.0889945652,
        "totalOtherIncomeExpensesNet": -11800000,
        "incomeBeforeTax": 26200000,
        "incomeBeforeTaxRatio": 0.0889945652,
        "incomeTaxExpense": 12100000,
        "netIncome": 14100000,
        "netIncomeRatio": 0.0478940217,
        "eps": 0.28,
        "epsdiluted": 0.28,
        "weightedAverageShsOut": 49840835,
        "weightedAverageShsOutDil": 49840835,
        "link": null,
        "finalLink": null
    },
    {
        "date": "1993-06-30",
        "symbol": "SSP",
        "reportedCurrency": "USD",
        "cik": "0000832428",
        "fillingDate": "1993-06-30",
        "acceptedDate": "1993-06-30 00:00:00",
        "calendarYear": "1993",
        "period": "Q2",
        "revenue": 309300000,
        "costOfRevenue": 132300000,
        "grossProfit": 177000000,
        "grossProfitRatio": 0.5722599418,
        "researchAndDevelopmentExpenses": 0,
        "generalAndAdministrativeExpenses": 0,
        "sellingAndMarketingExpenses": 0,
        "sellingGeneralAndAdministrativeExpenses": 94500000,
        "otherExpenses": 30000000,
        "operatingExpenses": 124500000,
        "costAndExpenses": 256800000,
        "interestIncome": 0,
        "interestExpense": 7100000,
        "depreciationAndAmortization": -30100000,
        "ebitda": 81900000,
        "ebitdaratio": 0.2647914646,
        "operatingIncome": 43300000,
        "operatingIncomeRatio": 0.1399935338,
        "totalOtherIncomeExpensesNet": -9200000,
        "incomeBeforeTax": 43300000,
        "incomeBeforeTaxRatio": 0.1399935338,
        "incomeTaxExpense": 21200000,
        "netIncome": 22100000,
        "netIncomeRatio": 0.0714516651,
        "eps": 0.44,
        "epsdiluted": 0.44,
        "weightedAverageShsOut": 49840835,
        "weightedAverageShsOutDil": 49840835,
        "link": null,
        "finalLink": null
    },
    {
        "date": "1993-03-31",
        "symbol": "SSP",
        "reportedCurrency": "USD",
        "cik": "0000832428",
        "fillingDate": "1993-03-31",
        "acceptedDate": "1993-03-31 00:00:00",
        "calendarYear": "1993",
        "period": "Q1",
        "revenue": 285700000,
        "costOfRevenue": 118300000,
        "grossProfit": 167400000,
        "grossProfitRatio": 0.5859292965,
        "researchAndDevelopmentExpenses": 0,
        "generalAndAdministrativeExpenses": 0,
        "sellingAndMarketingExpenses": 0,
        "sellingGeneralAndAdministrativeExpenses": 92300000,
        "otherExpenses": 29600000,
        "operatingExpenses": 121900000,
        "costAndExpenses": 240200000,
        "interestIncome": 0,
        "interestExpense": 7900000,
        "depreciationAndAmortization": -29600000,
        "ebitda": 51100000,
        "ebitdaratio": 0.1788589429,
        "operatingIncome": 59400000,
        "operatingIncomeRatio": 0.2079103955,
        "totalOtherIncomeExpensesNet": 13900000,
        "incomeBeforeTax": 59400000,
        "incomeBeforeTaxRatio": 0.2079103955,
        "incomeTaxExpense": 26800000,
        "netIncome": 32600000,
        "netIncomeRatio": 0.1141057053,
        "eps": 0.65,
        "epsdiluted": 0.65,
        "weightedAverageShsOut": 49840835,
        "weightedAverageShsOutDil": 49840835,
        "link": null,
        "finalLink": null
    },
    {
        "date": "1992-12-31",
        "symbol": "SSP",
        "reportedCurrency": "USD",
        "cik": "0000832428",
        "fillingDate": "1992-12-31",
        "acceptedDate": "1992-12-31 00:00:00",
        "calendarYear": "1992",
        "period": "Q4",
        "revenue": 328200000,
        "costOfRevenue": 143100000,
        "grossProfit": 185100000,
        "grossProfitRatio": 0.5639853748,
        "researchAndDevelopmentExpenses": 0,
        "generalAndAdministrativeExpenses": 0,
        "sellingAndMarketingExpenses": 0,
        "sellingGeneralAndAdministrativeExpenses": 102400000,
        "otherExpenses": 34400000,
        "operatingExpenses": 136800000,
        "costAndExpenses": 279900000,
        "interestIncome": 0,
        "interestExpense": 9000000,
        "depreciationAndAmortization": -34400000,
        "ebitda": 9100000,
        "ebitdaratio": 0.0277269957,
        "operatingIncome": 86300000,
        "operatingIncomeRatio": 0.2629494211,
        "totalOtherIncomeExpensesNet": 60400000,
        "incomeBeforeTax": 108700000,
        "incomeBeforeTaxRatio": 0.3312004875,
        "incomeTaxExpense": 48600000,
        "netIncome": 37700000,
        "netIncomeRatio": 0.1148689823,
        "eps": 1.21,
        "epsdiluted": 1.21,
        "weightedAverageShsOut": 49840835,
        "weightedAverageShsOutDil": 49840835,
        "link": null,
        "finalLink": null
    },
    {
        "date": "1992-09-30",
        "symbol": "SSP",
        "reportedCurrency": "USD",
        "cik": "0000832428",
        "fillingDate": "1992-09-30",
        "acceptedDate": "1992-09-30 00:00:00",
        "calendarYear": "1992",
        "period": "Q3",
        "revenue": 295100000,
        "costOfRevenue": 136200000,
        "grossProfit": 158900000,
        "grossProfitRatio": 0.5384615385,
        "researchAndDevelopmentExpenses": 0,
        "generalAndAdministrativeExpenses": 0,
        "sellingAndMarketingExpenses": 0,
        "sellingGeneralAndAdministrativeExpenses": 97600000,
        "otherExpenses": 29400000,
        "operatingExpenses": 127000000,
        "costAndExpenses": 263200000,
        "interestIncome": 0,
        "interestExpense": 9400000,
        "depreciationAndAmortization": -29400000,
        "ebitda": 61100000,
        "ebitdaratio": 0.2070484581,
        "operatingIncome": 19700000,
        "operatingIncomeRatio": 0.0667570315,
        "totalOtherIncomeExpensesNet": -12200000,
        "incomeBeforeTax": 19700000,
        "incomeBeforeTaxRatio": 0.0667570315,
        "incomeTaxExpense": 11900000,
        "netIncome": 7800000,
        "netIncomeRatio": 0.0264317181,
        "eps": 0.16,
        "epsdiluted": 0.16,
        "weightedAverageShsOut": 49840835,
        "weightedAverageShsOutDil": 49840835,
        "link": null,
        "finalLink": null
    },
    {
        "date": "1992-06-30",
        "symbol": "SSP",
        "reportedCurrency": "USD",
        "cik": "0000832428",
        "fillingDate": "1992-06-30",
        "acceptedDate": "1992-06-30 00:00:00",
        "calendarYear": "1992",
        "period": "Q2",
        "revenue": 326500000,
        "costOfRevenue": 136500000,
        "grossProfit": 190000000,
        "grossProfitRatio": 0.5819295559,
        "researchAndDevelopmentExpenses": 0,
        "generalAndAdministrativeExpenses": 0,
        "sellingAndMarketingExpenses": 0,
        "sellingGeneralAndAdministrativeExpenses": 106100000,
        "otherExpenses": 29500000,
        "operatingExpenses": 135600000,
        "costAndExpenses": 272100000,
        "interestIncome": 0,
        "interestExpense": 7500000,
        "depreciationAndAmortization": -29500000,
        "ebitda": 83900000,
        "ebitdaratio": 0.2569678407,
        "operatingIncome": 42700000,
        "operatingIncomeRatio": 0.1307810107,
        "totalOtherIncomeExpensesNet": -11700000,
        "incomeBeforeTax": 42700000,
        "incomeBeforeTaxRatio": 0.1307810107,
        "incomeTaxExpense": 20100000,
        "netIncome": 22600000,
        "netIncomeRatio": 0.0692189893,
        "eps": 0.45,
        "epsdiluted": 0.45,
        "weightedAverageShsOut": 49840835,
        "weightedAverageShsOutDil": 49840835,
        "link": null,
        "finalLink": null
    },
    {
        "date": "1992-03-31",
        "symbol": "SSP",
        "reportedCurrency": "USD",
        "cik": "0000832428",
        "fillingDate": "1992-03-31",
        "acceptedDate": "1992-03-31 00:00:00",
        "calendarYear": "1992",
        "period": "Q1",
        "revenue": 313600000,
        "costOfRevenue": 134700000,
        "grossProfit": 178900000,
        "grossProfitRatio": 0.5704719388,
        "researchAndDevelopmentExpenses": 0,
        "generalAndAdministrativeExpenses": 0,
        "sellingAndMarketingExpenses": 0,
        "sellingGeneralAndAdministrativeExpenses": 111000000,
        "otherExpenses": 28600000,
        "operatingExpenses": 139600000,
        "costAndExpenses": 274300000,
        "interestIncome": 0,
        "interestExpense": 0,
        "depreciationAndAmortization": -28600000,
        "ebitda": 67900000,
        "ebitdaratio": 0.2165178571,
        "operatingIncome": 29200000,
        "operatingIncomeRatio": 0.0931122449,
        "totalOtherIncomeExpensesNet": -10100000,
        "incomeBeforeTax": 29200000,
        "incomeBeforeTaxRatio": 0.0931122449,
        "incomeTaxExpense": 13400000,
        "netIncome": 15800000,
        "netIncomeRatio": 0.0503826531,
        "eps": 0.32,
        "epsdiluted": 0.32,
        "weightedAverageShsOut": 49840835,
        "weightedAverageShsOutDil": 49840835,
        "link": null,
        "finalLink": null
    },
    {
        "date": "1991-12-31",
        "symbol": "SSP",
        "reportedCurrency": "USD",
        "cik": "0000832428",
        "fillingDate": "1991-12-31",
        "acceptedDate": "1991-12-31 00:00:00",
        "calendarYear": "1991",
        "period": "Q4",
        "revenue": 353800000,
        "costOfRevenue": 195100000,
        "grossProfit": 158700000,
        "grossProfitRatio": 0.4485585076,
        "researchAndDevelopmentExpenses": 0,
        "generalAndAdministrativeExpenses": 0,
        "sellingAndMarketingExpenses": 0,
        "sellingGeneralAndAdministrativeExpenses": 107800000,
        "otherExpenses": -11900000,
        "operatingExpenses": 95900000,
        "costAndExpenses": 291000000,
        "interestIncome": 0,
        "interestExpense": 9400000,
        "depreciationAndAmortization": 11900000,
        "ebitda": 74700000,
        "ebitdaratio": 0.2111362352,
        "operatingIncome": 49900000,
        "operatingIncomeRatio": 0.1410401357,
        "totalOtherIncomeExpensesNet": -12900000,
        "incomeBeforeTax": 49900000,
        "incomeBeforeTaxRatio": 0.1410401357,
        "incomeTaxExpense": 25000000,
        "netIncome": 24900000,
        "netIncomeRatio": 0.0703787451,
        "eps": 0.5,
        "epsdiluted": 0.5,
        "weightedAverageShsOut": 49840835,
        "weightedAverageShsOutDil": 49840835,
        "link": null,
        "finalLink": null
    },
    {
        "date": "1991-09-30",
        "symbol": "SSP",
        "reportedCurrency": "USD",
        "cik": "0000832428",
        "fillingDate": "1991-09-30",
        "acceptedDate": "1991-09-30 00:00:00",
        "calendarYear": "1991",
        "period": "Q3",
        "revenue": 317300000,
        "costOfRevenue": 123800000,
        "grossProfit": 193500000,
        "grossProfitRatio": 0.6098329656,
        "researchAndDevelopmentExpenses": 0,
        "generalAndAdministrativeExpenses": 0,
        "sellingAndMarketingExpenses": 0,
        "sellingGeneralAndAdministrativeExpenses": 106900000,
        "otherExpenses": 45000000,
        "operatingExpenses": 151900000,
        "costAndExpenses": 275700000,
        "interestIncome": 0,
        "interestExpense": 10800000,
        "depreciationAndAmortization": -45000000,
        "ebitda": 86500000,
        "ebitdaratio": 0.2726126694,
        "operatingIncome": 29500000,
        "operatingIncomeRatio": 0.0929719508,
        "totalOtherIncomeExpensesNet": -12100000,
        "incomeBeforeTax": 29500000,
        "incomeBeforeTaxRatio": 0.0929719508,
        "incomeTaxExpense": 14600000,
        "netIncome": 14900000,
        "netIncomeRatio": 0.0469587142,
        "eps": 0.3,
        "epsdiluted": 0.3,
        "weightedAverageShsOut": 49840835,
        "weightedAverageShsOutDil": 49840835,
        "link": null,
        "finalLink": null
    },
    {
        "date": "1991-06-30",
        "symbol": "SSP",
        "reportedCurrency": "USD",
        "cik": "0000832428",
        "fillingDate": "1991-06-30",
        "acceptedDate": "1991-06-30 00:00:00",
        "calendarYear": "1991",
        "period": "Q2",
        "revenue": 326900000,
        "costOfRevenue": 128100000,
        "grossProfit": 198800000,
        "grossProfitRatio": 0.608137045,
        "researchAndDevelopmentExpenses": 0,
        "generalAndAdministrativeExpenses": 0,
        "sellingAndMarketingExpenses": 0,
        "sellingGeneralAndAdministrativeExpenses": 107200000,
        "otherExpenses": 40800000,
        "operatingExpenses": 148000000,
        "costAndExpenses": 276100000,
        "interestIncome": 0,
        "interestExpense": 9600000,
        "depreciationAndAmortization": -40800000,
        "ebitda": 91200000,
        "ebitdaratio": 0.2789843989,
        "operatingIncome": 39200000,
        "operatingIncomeRatio": 0.1199143469,
        "totalOtherIncomeExpensesNet": -11600000,
        "incomeBeforeTax": 39200000,
        "incomeBeforeTaxRatio": 0.1199143469,
        "incomeTaxExpense": 19300000,
        "netIncome": 19900000,
        "netIncomeRatio": 0.0608748853,
        "eps": 0.4,
        "epsdiluted": 0.4,
        "weightedAverageShsOut": 49840835,
        "weightedAverageShsOutDil": 49840835,
        "link": null,
        "finalLink": null
    },
    {
        "date": "1991-03-31",
        "symbol": "SSP",
        "reportedCurrency": "USD",
        "cik": "0000832428",
        "fillingDate": "1991-03-31",
        "acceptedDate": "1991-03-31 00:00:00",
        "calendarYear": "1991",
        "period": "Q1",
        "revenue": 301500000,
        "costOfRevenue": 124500000,
        "grossProfit": 177000000,
        "grossProfitRatio": 0.5870646766,
        "researchAndDevelopmentExpenses": 0,
        "generalAndAdministrativeExpenses": 0,
        "sellingAndMarketingExpenses": 0,
        "sellingGeneralAndAdministrativeExpenses": 118200000,
        "otherExpenses": 38200000,
        "operatingExpenses": 156400000,
        "costAndExpenses": 280900000,
        "interestIncome": 0,
        "interestExpense": 8900000,
        "depreciationAndAmortization": -38200000,
        "ebitda": 58800000,
        "ebitdaratio": 0.1950248756,
        "operatingIncome": 11800000,
        "operatingIncomeRatio": 0.0391376451,
        "totalOtherIncomeExpensesNet": -8800000,
        "incomeBeforeTax": 11800000,
        "incomeBeforeTaxRatio": 0.0391376451,
        "incomeTaxExpense": 6800000,
        "netIncome": 5000000,
        "netIncomeRatio": 0.0165837479,
        "eps": 0.1,
        "epsdiluted": 0.1,
        "weightedAverageShsOut": 49840835,
        "weightedAverageShsOutDil": 49840835,
        "link": null,
        "finalLink": null
    },
    {
        "date": "1990-12-31",
        "symbol": "SSP",
        "reportedCurrency": "USD",
        "cik": "0000832428",
        "fillingDate": "1990-12-31",
        "acceptedDate": "1990-12-31 00:00:00",
        "calendarYear": "1990",
        "period": "Q4",
        "revenue": 345500000,
        "costOfRevenue": 140200000,
        "grossProfit": 205300000,
        "grossProfitRatio": 0.594211288,
        "researchAndDevelopmentExpenses": 0,
        "generalAndAdministrativeExpenses": 0,
        "sellingAndMarketingExpenses": 0,
        "sellingGeneralAndAdministrativeExpenses": 107600000,
        "otherExpenses": 36700000,
        "operatingExpenses": 144300000,
        "costAndExpenses": 284500000,
        "interestIncome": 0,
        "interestExpense": 10600000,
        "depreciationAndAmortization": -36700000,
        "ebitda": 97700000,
        "ebitdaratio": 0.2827785818,
        "operatingIncome": 42600000,
        "operatingIncomeRatio": 0.1232995658,
        "totalOtherIncomeExpensesNet": -18400000,
        "incomeBeforeTax": 42600000,
        "incomeBeforeTaxRatio": 0.1232995658,
        "incomeTaxExpense": 21600000,
        "netIncome": 21000000,
        "netIncomeRatio": 0.0607814761,
        "eps": 0.42,
        "epsdiluted": 0.42,
        "weightedAverageShsOut": 49840835,
        "weightedAverageShsOutDil": 49840835,
        "link": null,
        "finalLink": null
    },
    {
        "date": "1990-09-30",
        "symbol": "SSP",
        "reportedCurrency": "USD",
        "cik": "0000832428",
        "fillingDate": "1990-09-30",
        "acceptedDate": "1990-09-30 00:00:00",
        "calendarYear": "1990",
        "period": "Q3",
        "revenue": 321700000,
        "costOfRevenue": 128200000,
        "grossProfit": 193500000,
        "grossProfitRatio": 0.6014920734,
        "researchAndDevelopmentExpenses": 0,
        "generalAndAdministrativeExpenses": 0,
        "sellingAndMarketingExpenses": 0,
        "sellingGeneralAndAdministrativeExpenses": 106800000,
        "otherExpenses": 38600000,
        "operatingExpenses": 145400000,
        "costAndExpenses": 273600000,
        "interestIncome": 0,
        "interestExpense": 10600000,
        "depreciationAndAmortization": -38600000,
        "ebitda": 85700000,
        "ebitdaratio": 0.2663972645,
        "operatingIncome": 36200000,
        "operatingIncomeRatio": 0.1125271993,
        "totalOtherIncomeExpensesNet": -11900000,
        "incomeBeforeTax": 36200000,
        "incomeBeforeTaxRatio": 0.1125271993,
        "incomeTaxExpense": 18800000,
        "netIncome": 17400000,
        "netIncomeRatio": 0.0540876593,
        "eps": 0.35,
        "epsdiluted": 0.35,
        "weightedAverageShsOut": 49840835,
        "weightedAverageShsOutDil": 49840835,
        "link": null,
        "finalLink": null
    },
    {
        "date": "1990-06-30",
        "symbol": "SSP",
        "reportedCurrency": "USD",
        "cik": "0000832428",
        "fillingDate": "1990-06-30",
        "acceptedDate": "1990-06-30 00:00:00",
        "calendarYear": "1990",
        "period": "Q2",
        "revenue": 331900000,
        "costOfRevenue": 127800000,
        "grossProfit": 204100000,
        "grossProfitRatio": 0.6149442603,
        "researchAndDevelopmentExpenses": 0,
        "generalAndAdministrativeExpenses": 0,
        "sellingAndMarketingExpenses": 0,
        "sellingGeneralAndAdministrativeExpenses": 143900000,
        "otherExpenses": 38800000,
        "operatingExpenses": 182700000,
        "costAndExpenses": 310500000,
        "interestIncome": 0,
        "interestExpense": 10800000,
        "depreciationAndAmortization": -38800000,
        "ebitda": 59100000,
        "ebitdaratio": 0.1780656824,
        "operatingIncome": 9200000,
        "operatingIncomeRatio": 0.0277191925,
        "totalOtherIncomeExpensesNet": -12200000,
        "incomeBeforeTax": 9200000,
        "incomeBeforeTaxRatio": 0.0277191925,
        "incomeTaxExpense": 9400000,
        "netIncome": -200000,
        "netIncomeRatio": -0.0006025911,
        "eps": -0.004,
        "epsdiluted": -0.004,
        "weightedAverageShsOut": 49840835,
        "weightedAverageShsOutDil": 49840835,
        "link": null,
        "finalLink": null
    },
    {
        "date": "1990-03-31",
        "symbol": "SSP",
        "reportedCurrency": "USD",
        "cik": "0000832428",
        "fillingDate": "1990-03-31",
        "acceptedDate": "1990-03-31 00:00:00",
        "calendarYear": "1990",
        "period": "Q1",
        "revenue": 297500000,
        "costOfRevenue": 120300000,
        "grossProfit": 177200000,
        "grossProfitRatio": 0.5956302521,
        "researchAndDevelopmentExpenses": 0,
        "generalAndAdministrativeExpenses": 0,
        "sellingAndMarketingExpenses": 0,
        "sellingGeneralAndAdministrativeExpenses": 106100000,
        "otherExpenses": 39300000,
        "operatingExpenses": 145400000,
        "costAndExpenses": 265700000,
        "interestIncome": 0,
        "interestExpense": 11700000,
        "depreciationAndAmortization": -39300000,
        "ebitda": 70900000,
        "ebitdaratio": 0.2383193277,
        "operatingIncome": 18900000,
        "operatingIncomeRatio": 0.0635294118,
        "totalOtherIncomeExpensesNet": -12900000,
        "incomeBeforeTax": 18900000,
        "incomeBeforeTaxRatio": 0.0635294118,
        "incomeTaxExpense": 9200000,
        "netIncome": 9700000,
        "netIncomeRatio": 0.032605042,
        "eps": 0.19,
        "epsdiluted": 0.19,
        "weightedAverageShsOut": 49840835,
        "weightedAverageShsOutDil": 49840835,
        "link": null,
        "finalLink": null
    },
    {
        "date": "1989-12-31",
        "symbol": "SSP",
        "reportedCurrency": "USD",
        "cik": "0000832428",
        "fillingDate": "1989-12-31",
        "acceptedDate": "1989-12-31 00:00:00",
        "calendarYear": "1989",
        "period": "Q4",
        "revenue": 346300000,
        "costOfRevenue": 137400000,
        "grossProfit": 208900000,
        "grossProfitRatio": 0.60323419,
        "researchAndDevelopmentExpenses": 0,
        "generalAndAdministrativeExpenses": 0,
        "sellingAndMarketingExpenses": 0,
        "sellingGeneralAndAdministrativeExpenses": 103300000,
        "otherExpenses": 37000000,
        "operatingExpenses": 140300000,
        "costAndExpenses": 277700000,
        "interestIncome": 0,
        "interestExpense": 10300000,
        "depreciationAndAmortization": -37000000,
        "ebitda": 102600000,
        "ebitdaratio": 0.2962749062,
        "operatingIncome": 58100000,
        "operatingIncomeRatio": 0.1677736067,
        "totalOtherIncomeExpensesNet": -10500000,
        "incomeBeforeTax": 58100000,
        "incomeBeforeTaxRatio": 0.1677736067,
        "incomeTaxExpense": 27100000,
        "netIncome": 31000000,
        "netIncomeRatio": 0.0895177592,
        "eps": 0.62,
        "epsdiluted": 0.62,
        "weightedAverageShsOut": 49840835,
        "weightedAverageShsOutDil": 49840835,
        "link": null,
        "finalLink": null
    },
    {
        "date": "1989-09-30",
        "symbol": "SSP",
        "reportedCurrency": "USD",
        "cik": "0000832428",
        "fillingDate": "1989-09-30",
        "acceptedDate": "1989-09-30 00:00:00",
        "calendarYear": "1989",
        "period": "Q3",
        "revenue": 304300000,
        "costOfRevenue": 119200000,
        "grossProfit": 185100000,
        "grossProfitRatio": 0.6082813013,
        "researchAndDevelopmentExpenses": 0,
        "generalAndAdministrativeExpenses": 0,
        "sellingAndMarketingExpenses": 0,
        "sellingGeneralAndAdministrativeExpenses": 101600000,
        "otherExpenses": 37500000,
        "operatingExpenses": 139100000,
        "costAndExpenses": 258300000,
        "interestIncome": 0,
        "interestExpense": 10100000,
        "depreciationAndAmortization": -37500000,
        "ebitda": 83500000,
        "ebitdaratio": 0.2744002629,
        "operatingIncome": 33400000,
        "operatingIncomeRatio": 0.1097601052,
        "totalOtherIncomeExpensesNet": -12600000,
        "incomeBeforeTax": 33400000,
        "incomeBeforeTaxRatio": 0.1097601052,
        "incomeTaxExpense": 15400000,
        "netIncome": 18000000,
        "netIncomeRatio": 0.0591521525,
        "eps": 0.36,
        "epsdiluted": 0.36,
        "weightedAverageShsOut": 49840835,
        "weightedAverageShsOutDil": 49840835,
        "link": null,
        "finalLink": null
    },
    {
        "date": "1989-06-30",
        "symbol": "SSP",
        "reportedCurrency": "USD",
        "cik": "0000832428",
        "fillingDate": "1989-06-30",
        "acceptedDate": "1989-06-30 00:00:00",
        "calendarYear": "1989",
        "period": "Q2",
        "revenue": 320900000,
        "costOfRevenue": 123700000,
        "grossProfit": 197200000,
        "grossProfitRatio": 0.6145216578,
        "researchAndDevelopmentExpenses": 0,
        "generalAndAdministrativeExpenses": 0,
        "sellingAndMarketingExpenses": 0,
        "sellingGeneralAndAdministrativeExpenses": 101600000,
        "otherExpenses": 37000000,
        "operatingExpenses": 138600000,
        "costAndExpenses": 262300000,
        "interestIncome": 0,
        "interestExpense": 10800000,
        "depreciationAndAmortization": 37000000,
        "ebitda": 95600000,
        "ebitdaratio": 0.2979121222,
        "operatingIncome": 46200000,
        "operatingIncomeRatio": 0.1439700841,
        "totalOtherIncomeExpensesNet": -12400000,
        "incomeBeforeTax": 46200000,
        "incomeBeforeTaxRatio": 0.1439700841,
        "incomeTaxExpense": 21000000,
        "netIncome": 25200000,
        "netIncomeRatio": 0.0785291368,
        "eps": 0.51,
        "epsdiluted": 0.51,
        "weightedAverageShsOut": 49840835,
        "weightedAverageShsOutDil": 49840835,
        "link": null,
        "finalLink": null
    },
    {
        "date": "1989-03-31",
        "symbol": "SSP",
        "reportedCurrency": "USD",
        "cik": "0000832428",
        "fillingDate": "1989-03-31",
        "acceptedDate": "1989-03-31 00:00:00",
        "calendarYear": "1989",
        "period": "Q1",
        "revenue": 294900000,
        "costOfRevenue": 0,
        "grossProfit": 294900000,
        "grossProfitRatio": 1,
        "researchAndDevelopmentExpenses": 0,
        "generalAndAdministrativeExpenses": 0,
        "sellingAndMarketingExpenses": 0,
        "sellingGeneralAndAdministrativeExpenses": 0,
        "otherExpenses": 0,
        "operatingExpenses": 0,
        "costAndExpenses": 0,
        "interestIncome": 0,
        "interestExpense": 294900000,
        "depreciationAndAmortization": -279800000,
        "ebitda": 294900000,
        "ebitdaratio": 1,
        "operatingIncome": 294900000,
        "operatingIncomeRatio": 1,
        "totalOtherIncomeExpensesNet": -279800000,
        "incomeBeforeTax": 15100000,
        "incomeBeforeTaxRatio": 0.0512037979,
        "incomeTaxExpense": 0,
        "netIncome": 15100000,
        "netIncomeRatio": 0.0512037979,
        "eps": 0.61,
        "epsdiluted": 0.61,
        "weightedAverageShsOut": 49840835,
        "weightedAverageShsOutDil": 49840835,
        "link": null,
        "finalLink": null
    },
    {
        "date": "1988-12-31",
        "symbol": "SSP",
        "reportedCurrency": "USD",
        "cik": "0000832428",
        "fillingDate": "1988-12-31",
        "acceptedDate": "1988-12-31 00:00:00",
        "calendarYear": "1988",
        "period": "Q4",
        "revenue": 335700000,
        "costOfRevenue": 0,
        "grossProfit": 335700000,
        "grossProfitRatio": 1,
        "researchAndDevelopmentExpenses": 0,
        "generalAndAdministrativeExpenses": 0,
        "sellingAndMarketingExpenses": 0,
        "sellingGeneralAndAdministrativeExpenses": 0,
        "otherExpenses": -984200000,
        "operatingExpenses": -984200000,
        "costAndExpenses": -984200000,
        "interestIncome": 0,
        "interestExpense": 0,
        "depreciationAndAmortization": 671000000,
        "ebitda": -648500000,
        "ebitdaratio": -1.9317843312,
        "operatingIncome": -648500000,
        "operatingIncomeRatio": -1.9317843312,
        "totalOtherIncomeExpensesNet": 671000000,
        "incomeBeforeTax": 22500000,
        "incomeBeforeTaxRatio": 0.0670241287,
        "incomeTaxExpense": 0,
        "netIncome": 22500000,
        "netIncomeRatio": 0.0670241287,
        "eps": 0.9,
        "epsdiluted": 0.9,
        "weightedAverageShsOut": 49840835,
        "weightedAverageShsOutDil": 49840835,
        "link": null,
        "finalLink": null
    },
    {
        "date": "1988-09-30",
        "symbol": "SSP",
        "reportedCurrency": "USD",
        "cik": "0000832428",
        "fillingDate": "1988-09-30",
        "acceptedDate": "1988-09-30 00:00:00",
        "calendarYear": "1988",
        "period": "Q3",
        "revenue": 293200000,
        "costOfRevenue": 0,
        "grossProfit": 293200000,
        "grossProfitRatio": 1,
        "researchAndDevelopmentExpenses": 0,
        "generalAndAdministrativeExpenses": 0,
        "sellingAndMarketingExpenses": 0,
        "sellingGeneralAndAdministrativeExpenses": 0,
        "otherExpenses": 0,
        "operatingExpenses": 0,
        "costAndExpenses": 0,
        "interestIncome": 0,
        "interestExpense": 293200000,
        "depreciationAndAmortization": -279800000,
        "ebitda": 293200000,
        "ebitdaratio": 1,
        "operatingIncome": 293200000,
        "operatingIncomeRatio": 1,
        "totalOtherIncomeExpensesNet": -279800000,
        "incomeBeforeTax": 13400000,
        "incomeBeforeTaxRatio": 0.0457025921,
        "incomeTaxExpense": 0,
        "netIncome": 13400000,
        "netIncomeRatio": 0.0457025921,
        "eps": 0.54,
        "epsdiluted": 0.54,
        "weightedAverageShsOut": 49840835,
        "weightedAverageShsOutDil": 49840835,
        "link": null,
        "finalLink": null
    },
    {
        "date": "1988-06-30",
        "symbol": "SSP",
        "reportedCurrency": "USD",
        "cik": "0000832428",
        "fillingDate": "1988-06-30",
        "acceptedDate": "1988-06-30 00:00:00",
        "calendarYear": "1988",
        "period": "Q2",
        "revenue": 305400000,
        "costOfRevenue": 0,
        "grossProfit": 305400000,
        "grossProfitRatio": 1,
        "researchAndDevelopmentExpenses": 0,
        "generalAndAdministrativeExpenses": 0,
        "sellingAndMarketingExpenses": 0,
        "sellingGeneralAndAdministrativeExpenses": 0,
        "otherExpenses": 0,
        "operatingExpenses": 0,
        "costAndExpenses": 0,
        "interestIncome": 0,
        "interestExpense": 305400000,
        "depreciationAndAmortization": -282200000,
        "ebitda": 305400000,
        "ebitdaratio": 1,
        "operatingIncome": 305400000,
        "operatingIncomeRatio": 1,
        "totalOtherIncomeExpensesNet": -282200000,
        "incomeBeforeTax": 23200000,
        "incomeBeforeTaxRatio": 0.0759659463,
        "incomeTaxExpense": 0,
        "netIncome": 23200000,
        "netIncomeRatio": 0.0759659463,
        "eps": 0.93,
        "epsdiluted": 0.93,
        "weightedAverageShsOut": 49840835,
        "weightedAverageShsOutDil": 49840835,
        "link": null,
        "finalLink": null
    },
    {
        "date": "1988-03-31",
        "symbol": "SSP",
        "reportedCurrency": "USD",
        "cik": "0000832428",
        "fillingDate": "1988-03-31",
        "acceptedDate": "1988-03-31 00:00:00",
        "calendarYear": "1988",
        "period": "Q1",
        "revenue": 280200000,
        "costOfRevenue": 0,
        "grossProfit": 280200000,
        "grossProfitRatio": 1,
        "researchAndDevelopmentExpenses": 0,
        "generalAndAdministrativeExpenses": 0,
        "sellingAndMarketingExpenses": 0,
        "sellingGeneralAndAdministrativeExpenses": 0,
        "otherExpenses": 0,
        "operatingExpenses": 0,
        "costAndExpenses": 0,
        "interestIncome": 0,
        "interestExpense": 280200000,
        "depreciationAndAmortization": -269100000,
        "ebitda": 280200000,
        "ebitdaratio": 1,
        "operatingIncome": 280200000,
        "operatingIncomeRatio": 1,
        "totalOtherIncomeExpensesNet": -269100000,
        "incomeBeforeTax": 11100000,
        "incomeBeforeTaxRatio": 0.039614561,
        "incomeTaxExpense": 0,
        "netIncome": 11100000,
        "netIncomeRatio": 0.039614561,
        "eps": 0.22,
        "epsdiluted": 0.22,
        "weightedAverageShsOut": 49840835,
        "weightedAverageShsOutDil": 49840835,
        "link": null,
        "finalLink": null
    },
    {
        "date": "1987-12-31",
        "symbol": "SSP",
        "reportedCurrency": "USD",
        "cik": "0000832428",
        "fillingDate": "1987-12-31",
        "acceptedDate": "1987-12-31 00:00:00",
        "calendarYear": "1987",
        "period": "Q4",
        "revenue": 286800000,
        "costOfRevenue": 0,
        "grossProfit": 286800000,
        "grossProfitRatio": 1,
        "researchAndDevelopmentExpenses": 0,
        "generalAndAdministrativeExpenses": 0,
        "sellingAndMarketingExpenses": 0,
        "sellingGeneralAndAdministrativeExpenses": 0,
        "otherExpenses": -945800000,
        "operatingExpenses": -945800000,
        "costAndExpenses": -945800000,
        "interestIncome": 0,
        "interestExpense": 0,
        "depreciationAndAmortization": 670300000,
        "ebitda": -659000000,
        "ebitdaratio": -2.2977684798,
        "operatingIncome": -659000000,
        "operatingIncomeRatio": -2.2977684798,
        "totalOtherIncomeExpensesNet": 670300000,
        "incomeBeforeTax": 11300000,
        "incomeBeforeTaxRatio": 0.0394002789,
        "incomeTaxExpense": 0,
        "netIncome": 11300000,
        "netIncomeRatio": 0.0394002789,
        "eps": 0.45,
        "epsdiluted": 0.45,
        "weightedAverageShsOut": 49840835,
        "weightedAverageShsOutDil": 49840835,
        "link": null,
        "finalLink": null
    },
    {
        "date": "1987-09-30",
        "symbol": "SSP",
        "reportedCurrency": "USD",
        "cik": "0000832428",
        "fillingDate": "1987-09-30",
        "acceptedDate": "1987-09-30 00:00:00",
        "calendarYear": "1987",
        "period": "Q3",
        "revenue": 286800000,
        "costOfRevenue": 0,
        "grossProfit": 286800000,
        "grossProfitRatio": 1,
        "researchAndDevelopmentExpenses": 0,
        "generalAndAdministrativeExpenses": 0,
        "sellingAndMarketingExpenses": 0,
        "sellingGeneralAndAdministrativeExpenses": 0,
        "otherExpenses": 0,
        "operatingExpenses": 0,
        "costAndExpenses": 0,
        "interestIncome": 0,
        "interestExpense": 286800000,
        "depreciationAndAmortization": -275500000,
        "ebitda": 286800000,
        "ebitdaratio": 1,
        "operatingIncome": 286800000,
        "operatingIncomeRatio": 1,
        "totalOtherIncomeExpensesNet": -275500000,
        "incomeBeforeTax": 11300000,
        "incomeBeforeTaxRatio": 0.0394002789,
        "incomeTaxExpense": 0,
        "netIncome": 11300000,
        "netIncomeRatio": 0.0394002789,
        "eps": 0.23,
        "epsdiluted": 0.23,
        "weightedAverageShsOut": 49840835,
        "weightedAverageShsOutDil": 49840835,
        "link": null,
        "finalLink": null
    },
    {
        "date": "1987-06-30",
        "symbol": "SSP",
        "reportedCurrency": "USD",
        "cik": "0000832428",
        "fillingDate": "1987-06-30",
        "acceptedDate": "1987-06-30 00:00:00",
        "calendarYear": "1987",
        "period": "Q2",
        "revenue": 286700000,
        "costOfRevenue": 0,
        "grossProfit": 286700000,
        "grossProfitRatio": 1,
        "researchAndDevelopmentExpenses": 0,
        "generalAndAdministrativeExpenses": 0,
        "sellingAndMarketingExpenses": 0,
        "sellingGeneralAndAdministrativeExpenses": 0,
        "otherExpenses": 0,
        "operatingExpenses": 0,
        "costAndExpenses": 0,
        "interestIncome": 0,
        "interestExpense": 286700000,
        "depreciationAndAmortization": -275400000,
        "ebitda": 286700000,
        "ebitdaratio": 1,
        "operatingIncome": 286700000,
        "operatingIncomeRatio": 1,
        "totalOtherIncomeExpensesNet": -275400000,
        "incomeBeforeTax": 11300000,
        "incomeBeforeTaxRatio": 0.0394140216,
        "incomeTaxExpense": 0,
        "netIncome": 11300000,
        "netIncomeRatio": 0.0394140216,
        "eps": 0.23,
        "epsdiluted": 0.23,
        "weightedAverageShsOut": 49840835,
        "weightedAverageShsOutDil": 49840835,
        "link": null,
        "finalLink": null
    },
    {
        "date": "1987-03-31",
        "symbol": "SSP",
        "reportedCurrency": "USD",
        "cik": "0000832428",
        "fillingDate": "1987-03-31",
        "acceptedDate": "1987-03-31 00:00:00",
        "calendarYear": "1987",
        "period": "Q1",
        "revenue": 286700000,
        "costOfRevenue": 0,
        "grossProfit": 286700000,
        "grossProfitRatio": 1,
        "researchAndDevelopmentExpenses": 0,
        "generalAndAdministrativeExpenses": 0,
        "sellingAndMarketingExpenses": 0,
        "sellingGeneralAndAdministrativeExpenses": 0,
        "otherExpenses": 0,
        "operatingExpenses": 0,
        "costAndExpenses": 0,
        "interestIncome": 0,
        "interestExpense": 286700000,
        "depreciationAndAmortization": -275400000,
        "ebitda": 286700000,
        "ebitdaratio": 1,
        "operatingIncome": 286700000,
        "operatingIncomeRatio": 1,
        "totalOtherIncomeExpensesNet": -275400000,
        "incomeBeforeTax": 11300000,
        "incomeBeforeTaxRatio": 0.0394140216,
        "incomeTaxExpense": 0,
        "netIncome": 11300000,
        "netIncomeRatio": 0.0394140216,
        "eps": 0.23,
        "epsdiluted": 0.23,
        "weightedAverageShsOut": 49840835,
        "weightedAverageShsOutDil": 49840835,
        "link": null,
        "finalLink": null
    },
    {
        "date": "1986-12-31",
        "symbol": "SSP",
        "reportedCurrency": "USD",
        "cik": "0000832428",
        "fillingDate": "1986-12-31",
        "acceptedDate": "1986-12-31 00:00:00",
        "calendarYear": "1986",
        "period": "Q4",
        "revenue": 259200000,
        "costOfRevenue": 0,
        "grossProfit": 259200000,
        "grossProfitRatio": 1,
        "researchAndDevelopmentExpenses": 0,
        "generalAndAdministrativeExpenses": 0,
        "sellingAndMarketingExpenses": 0,
        "sellingGeneralAndAdministrativeExpenses": 0,
        "otherExpenses": -905100000,
        "operatingExpenses": -905100000,
        "costAndExpenses": -905100000,
        "interestIncome": 0,
        "interestExpense": 0,
        "depreciationAndAmortization": 654500000,
        "ebitda": -645900000,
        "ebitdaratio": -2.4918981481,
        "operatingIncome": -645900000,
        "operatingIncomeRatio": -2.4918981481,
        "totalOtherIncomeExpensesNet": 654500000,
        "incomeBeforeTax": 8600000,
        "incomeBeforeTaxRatio": 0.0331790123,
        "incomeTaxExpense": 0,
        "netIncome": 8600000,
        "netIncomeRatio": 0.0331790123,
        "eps": 0.35,
        "epsdiluted": 0.35,
        "weightedAverageShsOut": 49840835,
        "weightedAverageShsOutDil": 49840835,
        "link": null,
        "finalLink": null
    },
    {
        "date": "1986-09-30",
        "symbol": "SSP",
        "reportedCurrency": "USD",
        "cik": "0000832428",
        "fillingDate": "1986-09-30",
        "acceptedDate": "1986-09-30 00:00:00",
        "calendarYear": "1986",
        "period": "Q3",
        "revenue": 259200000,
        "costOfRevenue": 0,
        "grossProfit": 259200000,
        "grossProfitRatio": 1,
        "researchAndDevelopmentExpenses": 0,
        "generalAndAdministrativeExpenses": 0,
        "sellingAndMarketingExpenses": 0,
        "sellingGeneralAndAdministrativeExpenses": 0,
        "otherExpenses": 0,
        "operatingExpenses": 0,
        "costAndExpenses": 0,
        "interestIncome": 0,
        "interestExpense": 259200000,
        "depreciationAndAmortization": -250700000,
        "ebitda": 259200000,
        "ebitdaratio": 1,
        "operatingIncome": 259200000,
        "operatingIncomeRatio": 1,
        "totalOtherIncomeExpensesNet": -250700000,
        "incomeBeforeTax": 8500000,
        "incomeBeforeTaxRatio": 0.0327932099,
        "incomeTaxExpense": 0,
        "netIncome": 8500000,
        "netIncomeRatio": 0.0327932099,
        "eps": 0.17,
        "epsdiluted": 0.17,
        "weightedAverageShsOut": 49840835,
        "weightedAverageShsOutDil": 49840835,
        "link": null,
        "finalLink": null
    },
    {
        "date": "1986-06-30",
        "symbol": "SSP",
        "reportedCurrency": "USD",
        "cik": "0000832428",
        "fillingDate": "1986-06-30",
        "acceptedDate": "1986-06-30 00:00:00",
        "calendarYear": "1986",
        "period": "Q2",
        "revenue": 259200000,
        "costOfRevenue": 0,
        "grossProfit": 259200000,
        "grossProfitRatio": 1,
        "researchAndDevelopmentExpenses": 0,
        "generalAndAdministrativeExpenses": 0,
        "sellingAndMarketingExpenses": 0,
        "sellingGeneralAndAdministrativeExpenses": 0,
        "otherExpenses": 0,
        "operatingExpenses": 0,
        "costAndExpenses": 0,
        "interestIncome": 0,
        "interestExpense": 259200000,
        "depreciationAndAmortization": -250700000,
        "ebitda": 259200000,
        "ebitdaratio": 1,
        "operatingIncome": 259200000,
        "operatingIncomeRatio": 1,
        "totalOtherIncomeExpensesNet": -250700000,
        "incomeBeforeTax": 8500000,
        "incomeBeforeTaxRatio": 0.0327932099,
        "incomeTaxExpense": 0,
        "netIncome": 8500000,
        "netIncomeRatio": 0.0327932099,
        "eps": 0.17,
        "epsdiluted": 0.17,
        "weightedAverageShsOut": 49840835,
        "weightedAverageShsOutDil": 49840835,
        "link": null,
        "finalLink": null
    },
    {
        "date": "1986-03-31",
        "symbol": "SSP",
        "reportedCurrency": "USD",
        "cik": "0000832428",
        "fillingDate": "1986-03-31",
        "acceptedDate": "1986-03-31 00:00:00",
        "calendarYear": "1986",
        "period": "Q1",
        "revenue": 259100000,
        "costOfRevenue": 0,
        "grossProfit": 259100000,
        "grossProfitRatio": 1,
        "researchAndDevelopmentExpenses": 0,
        "generalAndAdministrativeExpenses": 0,
        "sellingAndMarketingExpenses": 0,
        "sellingGeneralAndAdministrativeExpenses": 0,
        "otherExpenses": 0,
        "operatingExpenses": 0,
        "costAndExpenses": 0,
        "interestIncome": 0,
        "interestExpense": 259100000,
        "depreciationAndAmortization": -250600000,
        "ebitda": 259100000,
        "ebitdaratio": 1,
        "operatingIncome": 259100000,
        "operatingIncomeRatio": 1,
        "totalOtherIncomeExpensesNet": -250600000,
        "incomeBeforeTax": 8500000,
        "incomeBeforeTaxRatio": 0.0328058665,
        "incomeTaxExpense": 0,
        "netIncome": 8500000,
        "netIncomeRatio": 0.0328058665,
        "eps": 0.17,
        "epsdiluted": 0.17,
        "weightedAverageShsOut": 49840835,
        "weightedAverageShsOutDil": 49840835,
        "link": null,
        "finalLink": null
    }
]