[
    {
        "date": "2016-10-01",
        "symbol": "STJ",
        "reportedCurrency": "USD",
        "cik": "0000203077",
        "fillingDate": "2016-11-07",
        "acceptedDate": "2016-11-07 16:15:54",
        "calendarYear": "2016",
        "period": "Q3",
        "revenue": 1499000000,
        "costOfRevenue": 495000000,
        "grossProfit": 1004000000,
        "grossProfitRatio": 0.6697798532,
        "researchAndDevelopmentExpenses": 183000000,
        "generalAndAdministrativeExpenses": 481000000,
        "sellingAndMarketingExpenses": 47000000,
        "sellingGeneralAndAdministrativeExpenses": 528000000,
        "otherExpenses": 0,
        "operatingExpenses": 711000000,
        "costAndExpenses": 1206000000,
        "interestIncome": 0,
        "interestExpense": 39000000,
        "depreciationAndAmortization": 106000000,
        "ebitda": 390000000,
        "ebitdaratio": 0.260173449,
        "operatingIncome": 286000000,
        "operatingIncomeRatio": 0.1907938626,
        "totalOtherIncomeExpensesNet": -41000000,
        "incomeBeforeTax": 245000000,
        "incomeBeforeTaxRatio": 0.1634422949,
        "incomeTaxExpense": 33000000,
        "netIncome": 212000000,
        "netIncomeRatio": 0.1414276184,
        "eps": 0.75,
        "epsdiluted": 0.74,
        "weightedAverageShsOut": 284300000,
        "weightedAverageShsOutDil": 288200000,
        "link": "https://www.sec.gov/Archives/edgar/data/203077/000020307716000022/0000203077-16-000022-index.html",
        "finalLink": "https://www.sec.gov/Archives/edgar/data/203077/000020307716000022/stj-2016100110qq3.htm"
    },
    {
        "date": "2016-07-02",
        "symbol": "STJ",
        "reportedCurrency": "USD",
        "cik": "0000203077",
        "fillingDate": "2016-08-03",
        "acceptedDate": "2016-08-03 16:22:39",
        "calendarYear": "2016",
        "period": "Q2",
        "revenue": 1562000000,
        "costOfRevenue": 496000000,
        "grossProfit": 1066000000,
        "grossProfitRatio": 0.6824583867,
        "researchAndDevelopmentExpenses": 192000000,
        "generalAndAdministrativeExpenses": 502000000,
        "sellingAndMarketingExpenses": 46000000,
        "sellingGeneralAndAdministrativeExpenses": 548000000,
        "otherExpenses": 0,
        "operatingExpenses": 740000000,
        "costAndExpenses": 1236000000,
        "interestIncome": 0,
        "interestExpense": 40000000,
        "depreciationAndAmortization": 105000000,
        "ebitda": 415000000,
        "ebitdaratio": 0.2656850192,
        "operatingIncome": 313000000,
        "operatingIncomeRatio": 0.2003841229,
        "totalOtherIncomeExpensesNet": -43000000,
        "incomeBeforeTax": 270000000,
        "incomeBeforeTaxRatio": 0.1728553137,
        "incomeTaxExpense": 32000000,
        "netIncome": 238000000,
        "netIncomeRatio": 0.152368758,
        "eps": 0.84,
        "epsdiluted": 0.83,
        "weightedAverageShsOut": 283900000,
        "weightedAverageShsOutDil": 287300000,
        "link": "https://www.sec.gov/Archives/edgar/data/203077/000020307716000020/0000203077-16-000020-index.htm",
        "finalLink": "https://www.sec.gov/Archives/edgar/data/203077/000020307716000020/stj-2016070210qq2.htm"
    },
    {
        "date": "2016-04-02",
        "symbol": "STJ",
        "reportedCurrency": "USD",
        "cik": "0000203077",
        "fillingDate": "2016-05-04",
        "acceptedDate": "2016-05-04 16:28:24",
        "calendarYear": "2016",
        "period": "Q1",
        "revenue": 1448000000,
        "costOfRevenue": 487000000,
        "grossProfit": 961000000,
        "grossProfitRatio": 0.6636740331,
        "researchAndDevelopmentExpenses": 188000000,
        "generalAndAdministrativeExpenses": 491000000,
        "sellingAndMarketingExpenses": 46000000,
        "sellingGeneralAndAdministrativeExpenses": 537000000,
        "otherExpenses": 0,
        "operatingExpenses": 725000000,
        "costAndExpenses": 1212000000,
        "interestIncome": 0,
        "interestExpense": 40000000,
        "depreciationAndAmortization": 103000000,
        "ebitda": 279000000,
        "ebitdaratio": 0.192679558,
        "operatingIncome": 228000000,
        "operatingIncomeRatio": 0.1574585635,
        "totalOtherIncomeExpensesNet": -92000000,
        "incomeBeforeTax": 136000000,
        "incomeBeforeTaxRatio": 0.0939226519,
        "incomeTaxExpense": 41000000,
        "netIncome": 95000000,
        "netIncomeRatio": 0.0656077348,
        "eps": 0.34,
        "epsdiluted": 0.33,
        "weightedAverageShsOut": 283500000,
        "weightedAverageShsOutDil": 286400000,
        "link": "https://www.sec.gov/Archives/edgar/data/203077/000020307716000015/0000203077-16-000015-index.html",
        "finalLink": "https://www.sec.gov/Archives/edgar/data/203077/000020307716000015/stj-2016040210qq1.htm"
    },
    {
        "date": "2016-01-02",
        "symbol": "STJ",
        "reportedCurrency": "USD",
        "cik": "0000203077",
        "fillingDate": "2016-02-23",
        "acceptedDate": "2016-02-23 14:49:43",
        "calendarYear": "2015",
        "period": "Q4",
        "revenue": 1447000000,
        "costOfRevenue": 501000000,
        "grossProfit": 946000000,
        "grossProfitRatio": 0.6537664133,
        "researchAndDevelopmentExpenses": 177000000,
        "generalAndAdministrativeExpenses": 588000000,
        "sellingAndMarketingExpenses": 45000000,
        "sellingGeneralAndAdministrativeExpenses": 633000000,
        "otherExpenses": 0,
        "operatingExpenses": 810000000,
        "costAndExpenses": 1311000000,
        "interestIncome": 0,
        "interestExpense": 40000000,
        "depreciationAndAmortization": 129000000,
        "ebitda": 234000000,
        "ebitdaratio": 0.1617138908,
        "operatingIncome": 97000000,
        "operatingIncomeRatio": 0.0670352453,
        "totalOtherIncomeExpensesNet": -32000000,
        "incomeBeforeTax": 65000000,
        "incomeBeforeTaxRatio": 0.0449205252,
        "incomeTaxExpense": -48000000,
        "netIncome": 113000000,
        "netIncomeRatio": 0.0780926054,
        "eps": 0.4,
        "epsdiluted": 0.39,
        "weightedAverageShsOut": 282200000,
        "weightedAverageShsOutDil": 286300000,
        "link": "https://www.sec.gov/Archives/edgar/data/203077/000020307716000013/0000203077-16-000013-index.html",
        "finalLink": "https://www.sec.gov/Archives/edgar/data/203077/000020307716000013/stj20150102201610-k.htm"
    },
    {
        "date": "2015-10-03",
        "symbol": "STJ",
        "reportedCurrency": "USD",
        "cik": "0000203077",
        "fillingDate": "2015-11-10",
        "acceptedDate": "2015-11-10 09:36:41",
        "calendarYear": "2015",
        "period": "Q3",
        "revenue": 1339000000,
        "costOfRevenue": 425000000,
        "grossProfit": 914000000,
        "grossProfitRatio": 0.6825989544,
        "researchAndDevelopmentExpenses": 161000000,
        "generalAndAdministrativeExpenses": 413000000,
        "sellingAndMarketingExpenses": 23000000,
        "sellingGeneralAndAdministrativeExpenses": 436000000,
        "otherExpenses": 0,
        "operatingExpenses": 597000000,
        "costAndExpenses": 1022000000,
        "interestIncome": 0,
        "interestExpense": 22000000,
        "depreciationAndAmortization": 77000000,
        "ebitda": 360000000,
        "ebitdaratio": 0.2688573562,
        "operatingIncome": 294000000,
        "operatingIncomeRatio": 0.2195668409,
        "totalOtherIncomeExpensesNet": -33000000,
        "incomeBeforeTax": 261000000,
        "incomeBeforeTaxRatio": 0.1949215833,
        "incomeTaxExpense": 46000000,
        "netIncome": 215000000,
        "netIncomeRatio": 0.1605675878,
        "eps": 0.76,
        "epsdiluted": 0.75,
        "weightedAverageShsOut": 282100000,
        "weightedAverageShsOutDil": 286300000,
        "link": "https://www.sec.gov/Archives/edgar/data/203077/000020307715000010/0000203077-15-000010-index.html",
        "finalLink": "https://www.sec.gov/Archives/edgar/data/203077/000020307715000010/stj-2015100310qq3.htm"
    },
    {
        "date": "2015-07-04",
        "symbol": "STJ",
        "reportedCurrency": "USD",
        "cik": "0000203077",
        "fillingDate": "2015-08-05",
        "acceptedDate": "2015-08-05 17:00:39",
        "calendarYear": "2015",
        "period": "Q2",
        "revenue": 1410000000,
        "costOfRevenue": 424000000,
        "grossProfit": 986000000,
        "grossProfitRatio": 0.6992907801,
        "researchAndDevelopmentExpenses": 171000000,
        "generalAndAdministrativeExpenses": 447000000,
        "sellingAndMarketingExpenses": 24000000,
        "sellingGeneralAndAdministrativeExpenses": 471000000,
        "otherExpenses": 0,
        "operatingExpenses": 642000000,
        "costAndExpenses": 1066000000,
        "interestIncome": 0,
        "interestExpense": 20000000,
        "depreciationAndAmortization": 78000000,
        "ebitda": 400000000,
        "ebitdaratio": 0.2836879433,
        "operatingIncome": 314000000,
        "operatingIncomeRatio": 0.2226950355,
        "totalOtherIncomeExpensesNet": -20000000,
        "incomeBeforeTax": 294000000,
        "incomeBeforeTaxRatio": 0.2085106383,
        "incomeTaxExpense": 12000000,
        "netIncome": 290000000,
        "netIncomeRatio": 0.2056737589,
        "eps": 1.03,
        "epsdiluted": 1.01,
        "weightedAverageShsOut": 282000000,
        "weightedAverageShsOutDil": 286300000,
        "link": "https://www.sec.gov/Archives/edgar/data/203077/000020307715000008/0000203077-15-000008-index.html",
        "finalLink": "https://www.sec.gov/Archives/edgar/data/203077/000020307715000008/stj-2015070410qq2.htm"
    },
    {
        "date": "2015-04-04",
        "symbol": "STJ",
        "reportedCurrency": "USD",
        "cik": "0000203077",
        "fillingDate": "2015-05-07",
        "acceptedDate": "2015-05-07 16:19:24",
        "calendarYear": "2015",
        "period": "Q1",
        "revenue": 1345000000,
        "costOfRevenue": 395000000,
        "grossProfit": 950000000,
        "grossProfitRatio": 0.7063197026,
        "researchAndDevelopmentExpenses": 167000000,
        "generalAndAdministrativeExpenses": 430000000,
        "sellingAndMarketingExpenses": 24000000,
        "sellingGeneralAndAdministrativeExpenses": 454000000,
        "otherExpenses": 0,
        "operatingExpenses": 621000000,
        "costAndExpenses": 1016000000,
        "interestIncome": 0,
        "interestExpense": 21000000,
        "depreciationAndAmortization": 78000000,
        "ebitda": 413000000,
        "ebitdaratio": 0.307063197,
        "operatingIncome": 325000000,
        "operatingIncomeRatio": 0.2416356877,
        "totalOtherIncomeExpensesNet": -17000000,
        "incomeBeforeTax": 308000000,
        "incomeBeforeTaxRatio": 0.2289962825,
        "incomeTaxExpense": 52000000,
        "netIncome": 262000000,
        "netIncomeRatio": 0.194795539,
        "eps": 0.93,
        "epsdiluted": 0.91,
        "weightedAverageShsOut": 283000000,
        "weightedAverageShsOutDil": 287100000,
        "link": "https://www.sec.gov/Archives/edgar/data/203077/000020307715000005/0000203077-15-000005-index.html",
        "finalLink": "https://www.sec.gov/Archives/edgar/data/203077/000020307715000005/stj-2015040410qq1.htm"
    },
    {
        "date": "2015-01-03",
        "symbol": "STJ",
        "reportedCurrency": "USD",
        "cik": "0000203077",
        "fillingDate": "2015-02-26",
        "acceptedDate": "2015-02-26 09:59:37",
        "calendarYear": "2014",
        "period": "Q4",
        "revenue": 1439000000,
        "costOfRevenue": 425000000,
        "grossProfit": 1014000000,
        "grossProfitRatio": 0.7046560111,
        "researchAndDevelopmentExpenses": 175000000,
        "generalAndAdministrativeExpenses": 392000000,
        "sellingAndMarketingExpenses": 89000000,
        "sellingGeneralAndAdministrativeExpenses": 481000000,
        "otherExpenses": 0,
        "operatingExpenses": 656000000,
        "costAndExpenses": 1081000000,
        "interestIncome": 0,
        "interestExpense": 22000000,
        "depreciationAndAmortization": 80000000,
        "ebitda": 367000000,
        "ebitdaratio": 0.255038221,
        "operatingIncome": 280000000,
        "operatingIncomeRatio": 0.1945795691,
        "totalOtherIncomeExpensesNet": 185000000,
        "incomeBeforeTax": 465000000,
        "incomeBeforeTaxRatio": 0.3231410702,
        "incomeTaxExpense": 20000000,
        "netIncome": 245000000,
        "netIncomeRatio": 0.170257123,
        "eps": 0.86,
        "epsdiluted": 0.85,
        "weightedAverageShsOut": 285000000,
        "weightedAverageShsOutDil": 289700000,
        "link": "https://www.sec.gov/Archives/edgar/data/203077/000020307715000003/0000203077-15-000003-index.htm",
        "finalLink": "https://www.sec.gov/Archives/edgar/data/203077/000020307715000003/stj20140103201510-k.htm"
    },
    {
        "date": "2014-09-27",
        "symbol": "STJ",
        "reportedCurrency": "USD",
        "cik": "0000203077",
        "fillingDate": "2014-11-04",
        "acceptedDate": "2014-11-04 17:12:08",
        "calendarYear": "2014",
        "period": "Q3",
        "revenue": 1372000000,
        "costOfRevenue": 412000000,
        "grossProfit": 960000000,
        "grossProfitRatio": 0.6997084548,
        "researchAndDevelopmentExpenses": 169000000,
        "generalAndAdministrativeExpenses": 476000000,
        "sellingAndMarketingExpenses": 0,
        "sellingGeneralAndAdministrativeExpenses": 476000000,
        "otherExpenses": 0,
        "operatingExpenses": 645000000,
        "costAndExpenses": 1057000000,
        "interestIncome": 0,
        "interestExpense": 21000000,
        "depreciationAndAmortization": 81000000,
        "ebitda": 358000000,
        "ebitdaratio": 0.2609329446,
        "operatingIncome": 270000000,
        "operatingIncomeRatio": 0.1967930029,
        "totalOtherIncomeExpensesNet": -143000000,
        "incomeBeforeTax": 127000000,
        "incomeBeforeTaxRatio": 0.0925655977,
        "incomeTaxExpense": 18000000,
        "netIncome": 238000000,
        "netIncomeRatio": 0.1734693878,
        "eps": 0.84,
        "epsdiluted": 0.82,
        "weightedAverageShsOut": 284600000,
        "weightedAverageShsOutDil": 289400000,
        "link": "https://www.sec.gov/Archives/edgar/data/203077/000020307714000013/0000203077-14-000013-index.html",
        "finalLink": "https://www.sec.gov/Archives/edgar/data/203077/000020307714000013/stj-201492710qq3.htm"
    },
    {
        "date": "2014-06-28",
        "symbol": "STJ",
        "reportedCurrency": "USD",
        "cik": "0000203077",
        "fillingDate": "2014-07-30",
        "acceptedDate": "2014-07-30 17:10:01",
        "calendarYear": "2014",
        "period": "Q2",
        "revenue": 1448000000,
        "costOfRevenue": 433000000,
        "grossProfit": 1015000000,
        "grossProfitRatio": 0.7009668508,
        "researchAndDevelopmentExpenses": 178000000,
        "generalAndAdministrativeExpenses": 523000000,
        "sellingAndMarketingExpenses": 0,
        "sellingGeneralAndAdministrativeExpenses": 523000000,
        "otherExpenses": 0,
        "operatingExpenses": 701000000,
        "costAndExpenses": 1134000000,
        "interestIncome": 0,
        "interestExpense": 21000000,
        "depreciationAndAmortization": 74000000,
        "ebitda": 387000000,
        "ebitdaratio": 0.2672651934,
        "operatingIncome": 289000000,
        "operatingIncomeRatio": 0.1995856354,
        "totalOtherIncomeExpensesNet": -62000000,
        "incomeBeforeTax": 227000000,
        "incomeBeforeTaxRatio": 0.1567679558,
        "incomeTaxExpense": 22000000,
        "netIncome": 270000000,
        "netIncomeRatio": 0.1864640884,
        "eps": 0.95,
        "epsdiluted": 0.93,
        "weightedAverageShsOut": 284300000,
        "weightedAverageShsOutDil": 289100000,
        "link": "https://www.sec.gov/Archives/edgar/data/203077/000020307714000010/0000203077-14-000010-index.html",
        "finalLink": "https://www.sec.gov/Archives/edgar/data/203077/000020307714000010/stj-201462810qq2.htm"
    },
    {
        "date": "2014-03-29",
        "symbol": "STJ",
        "reportedCurrency": "USD",
        "cik": "0000203077",
        "fillingDate": "2014-05-06",
        "acceptedDate": "2014-05-06 15:18:28",
        "calendarYear": "2014",
        "period": "Q1",
        "revenue": 1363000000,
        "costOfRevenue": 383000000,
        "grossProfit": 980000000,
        "grossProfitRatio": 0.719002201,
        "researchAndDevelopmentExpenses": 170000000,
        "generalAndAdministrativeExpenses": 465000000,
        "sellingAndMarketingExpenses": 0,
        "sellingGeneralAndAdministrativeExpenses": 465000000,
        "otherExpenses": 0,
        "operatingExpenses": 635000000,
        "costAndExpenses": 1018000000,
        "interestIncome": 0,
        "interestExpense": 21000000,
        "depreciationAndAmortization": 75000000,
        "ebitda": 398000000,
        "ebitdaratio": 0.2920029347,
        "operatingIncome": 312000000,
        "operatingIncomeRatio": 0.2289068232,
        "totalOtherIncomeExpensesNet": -63000000,
        "incomeBeforeTax": 249000000,
        "incomeBeforeTaxRatio": 0.1826852531,
        "incomeTaxExpense": 0,
        "netIncome": 249000000,
        "netIncomeRatio": 0.1826852531,
        "eps": 0.88,
        "epsdiluted": 0.86,
        "weightedAverageShsOut": 284400000,
        "weightedAverageShsOutDil": 289300000,
        "link": "https://www.sec.gov/Archives/edgar/data/203077/000020307714000007/0000203077-14-000007-index.html",
        "finalLink": "https://www.sec.gov/Archives/edgar/data/203077/000020307714000007/stj-201432910qq1.htm"
    },
    {
        "date": "2013-12-28",
        "symbol": "STJ",
        "reportedCurrency": "USD",
        "cik": "0000203077",
        "fillingDate": "2014-02-26",
        "acceptedDate": "2014-02-26 15:45:35",
        "calendarYear": "2013",
        "period": "Q4",
        "revenue": 1422000000,
        "costOfRevenue": 430000000,
        "grossProfit": 992000000,
        "grossProfitRatio": 0.6976090014,
        "researchAndDevelopmentExpenses": 186000000,
        "generalAndAdministrativeExpenses": 475000000,
        "sellingAndMarketingExpenses": 0,
        "sellingGeneralAndAdministrativeExpenses": 475000000,
        "otherExpenses": 0,
        "operatingExpenses": 661000000,
        "costAndExpenses": 1091000000,
        "interestIncome": 0,
        "interestExpense": 21000000,
        "depreciationAndAmortization": 79000000,
        "ebitda": 241000000,
        "ebitdaratio": 0.1694796062,
        "operatingIncome": 148000000,
        "operatingIncomeRatio": 0.1040787623,
        "totalOtherIncomeExpensesNet": -46000000,
        "incomeBeforeTax": 102000000,
        "incomeBeforeTaxRatio": 0.0717299578,
        "incomeTaxExpense": 18000000,
        "netIncome": 123000000,
        "netIncomeRatio": 0.0864978903,
        "eps": 0.43,
        "epsdiluted": 0.42,
        "weightedAverageShsOut": 287000000,
        "weightedAverageShsOutDil": 290600000,
        "link": "https://www.sec.gov/Archives/edgar/data/203077/000020307714000003/0000203077-14-000003-index.htm",
        "finalLink": "https://www.sec.gov/Archives/edgar/data/203077/000020307714000003/stj20131228201310-k.htm"
    },
    {
        "date": "2013-09-28",
        "symbol": "STJ",
        "reportedCurrency": "USD",
        "cik": "0000203077",
        "fillingDate": "2013-11-06",
        "acceptedDate": "2013-11-06 11:23:00",
        "calendarYear": "2013",
        "period": "Q3",
        "revenue": 1338000000,
        "costOfRevenue": 385000000,
        "grossProfit": 953000000,
        "grossProfitRatio": 0.7122571001,
        "researchAndDevelopmentExpenses": 172000000,
        "generalAndAdministrativeExpenses": 452000000,
        "sellingAndMarketingExpenses": 0,
        "sellingGeneralAndAdministrativeExpenses": 452000000,
        "otherExpenses": 0,
        "operatingExpenses": 624000000,
        "costAndExpenses": 1009000000,
        "interestIncome": 0,
        "interestExpense": 21000000,
        "depreciationAndAmortization": 79000000,
        "ebitda": 406000000,
        "ebitdaratio": 0.3034379671,
        "operatingIncome": 313000000,
        "operatingIncomeRatio": 0.2339312407,
        "totalOtherIncomeExpensesNet": -12000000,
        "incomeBeforeTax": 301000000,
        "incomeBeforeTaxRatio": 0.2249626308,
        "incomeTaxExpense": 44000000,
        "netIncome": 262000000,
        "netIncomeRatio": 0.1958146487,
        "eps": 0.92,
        "epsdiluted": 0.91,
        "weightedAverageShsOut": 285600000,
        "weightedAverageShsOutDil": 288700000,
        "link": "https://www.sec.gov/Archives/edgar/data/203077/000020307713000015/0000203077-13-000015-index.html",
        "finalLink": "https://www.sec.gov/Archives/edgar/data/203077/000020307713000015/stj-2013928x10qq3.htm"
    },
    {
        "date": "2013-06-29",
        "symbol": "STJ",
        "reportedCurrency": "USD",
        "cik": "0000203077",
        "fillingDate": "2013-08-07",
        "acceptedDate": "2013-08-07 16:47:14",
        "calendarYear": "2013",
        "period": "Q2",
        "revenue": 1403000000,
        "costOfRevenue": 382000000,
        "grossProfit": 1021000000,
        "grossProfitRatio": 0.7277263008,
        "researchAndDevelopmentExpenses": 173000000,
        "generalAndAdministrativeExpenses": 489000000,
        "sellingAndMarketingExpenses": 0,
        "sellingGeneralAndAdministrativeExpenses": 489000000,
        "otherExpenses": 0,
        "operatingExpenses": 662000000,
        "costAndExpenses": 1044000000,
        "interestIncome": 0,
        "interestExpense": 20000000,
        "depreciationAndAmortization": 66000000,
        "ebitda": 193000000,
        "ebitdaratio": 0.1375623664,
        "operatingIncome": 282000000,
        "operatingIncomeRatio": 0.2009978617,
        "totalOtherIncomeExpensesNet": -253000000,
        "incomeBeforeTax": 29000000,
        "incomeBeforeTaxRatio": 0.0206699929,
        "incomeTaxExpense": -8000000,
        "netIncome": 115000000,
        "netIncomeRatio": 0.0819672131,
        "eps": 0.4,
        "epsdiluted": 0.4,
        "weightedAverageShsOut": 284600000,
        "weightedAverageShsOutDil": 287100000,
        "link": "https://www.sec.gov/Archives/edgar/data/203077/000020307713000011/0000203077-13-000011-index.html",
        "finalLink": "https://www.sec.gov/Archives/edgar/data/203077/000020307713000011/stj-2013629x10qq2.htm"
    },
    {
        "date": "2013-03-30",
        "symbol": "STJ",
        "reportedCurrency": "USD",
        "cik": "0000203077",
        "fillingDate": "2013-05-07",
        "acceptedDate": "2013-05-07 17:07:04",
        "calendarYear": "2013",
        "period": "Q1",
        "revenue": 1338000000,
        "costOfRevenue": 377000000,
        "grossProfit": 961000000,
        "grossProfitRatio": 0.7182361734,
        "researchAndDevelopmentExpenses": 160000000,
        "generalAndAdministrativeExpenses": 468000000,
        "sellingAndMarketingExpenses": 0,
        "sellingGeneralAndAdministrativeExpenses": 468000000,
        "otherExpenses": 0,
        "operatingExpenses": 628000000,
        "costAndExpenses": 1005000000,
        "interestIncome": 0,
        "interestExpense": 19000000,
        "depreciationAndAmortization": 71000000,
        "ebitda": 351000000,
        "ebitdaratio": 0.2623318386,
        "operatingIncome": 308000000,
        "operatingIncomeRatio": 0.2301943199,
        "totalOtherIncomeExpensesNet": -48000000,
        "incomeBeforeTax": 260000000,
        "incomeBeforeTaxRatio": 0.1943198804,
        "incomeTaxExpense": 38000000,
        "netIncome": 223000000,
        "netIncomeRatio": 0.1666666667,
        "eps": 0.78,
        "epsdiluted": 0.78,
        "weightedAverageShsOut": 285300000,
        "weightedAverageShsOutDil": 287400000,
        "link": "https://www.sec.gov/Archives/edgar/data/203077/000020307713000006/0000203077-13-000006-index.html",
        "finalLink": "https://www.sec.gov/Archives/edgar/data/203077/000020307713000006/stj-2013330x10qq1.htm"
    },
    {
        "date": "2012-12-29",
        "symbol": "STJ",
        "reportedCurrency": "USD",
        "cik": "0000203077",
        "fillingDate": "2013-02-26",
        "acceptedDate": "2013-02-26 17:18:44",
        "calendarYear": "2012",
        "period": "Q4",
        "revenue": 1372000000,
        "costOfRevenue": 419000000,
        "grossProfit": 953000000,
        "grossProfitRatio": 0.694606414,
        "researchAndDevelopmentExpenses": 158000000,
        "generalAndAdministrativeExpenses": 451000000,
        "sellingAndMarketingExpenses": 0,
        "sellingGeneralAndAdministrativeExpenses": 451000000,
        "otherExpenses": 0,
        "operatingExpenses": 609000000,
        "costAndExpenses": 1028000000,
        "interestIncome": 0,
        "interestExpense": 18000000,
        "depreciationAndAmortization": 75000000,
        "ebitda": 290000000,
        "ebitdaratio": 0.2113702624,
        "operatingIncome": 225000000,
        "operatingIncomeRatio": 0.1639941691,
        "totalOtherIncomeExpensesNet": -28000000,
        "incomeBeforeTax": 197000000,
        "incomeBeforeTaxRatio": 0.1435860058,
        "incomeTaxExpense": 77000000,
        "netIncome": 120000000,
        "netIncomeRatio": 0.0874635569,
        "eps": 0.38,
        "epsdiluted": 0.38,
        "weightedAverageShsOut": 313300000,
        "weightedAverageShsOutDil": 314800000,
        "link": "https://www.sec.gov/Archives/edgar/data/203077/000020307713000003/0000203077-13-000003-index.html",
        "finalLink": "https://www.sec.gov/Archives/edgar/data/203077/000020307713000003/stj201210-k.htm"
    },
    {
        "date": "2012-09-29",
        "symbol": "STJ",
        "reportedCurrency": "USD",
        "cik": "0000203077",
        "fillingDate": "2012-11-07",
        "acceptedDate": "2012-11-07 15:42:51",
        "calendarYear": "2012",
        "period": "Q3",
        "revenue": 1326000000,
        "costOfRevenue": 355000000,
        "grossProfit": 971000000,
        "grossProfitRatio": 0.7322775264,
        "researchAndDevelopmentExpenses": 170000000,
        "generalAndAdministrativeExpenses": 456000000,
        "sellingAndMarketingExpenses": 0,
        "sellingGeneralAndAdministrativeExpenses": 456000000,
        "otherExpenses": 0,
        "operatingExpenses": 626000000,
        "costAndExpenses": 981000000,
        "interestIncome": 0,
        "interestExpense": 18000000,
        "depreciationAndAmortization": 74000000,
        "ebitda": 308000000,
        "ebitdaratio": 0.2322775264,
        "operatingIncome": 235000000,
        "operatingIncomeRatio": 0.177224736,
        "totalOtherIncomeExpensesNet": -19000000,
        "incomeBeforeTax": 216000000,
        "incomeBeforeTaxRatio": 0.1628959276,
        "incomeTaxExpense": 40000000,
        "netIncome": 176000000,
        "netIncomeRatio": 0.1327300151,
        "eps": 0.56,
        "epsdiluted": 0.56,
        "weightedAverageShsOut": 314800000,
        "weightedAverageShsOutDil": 316400000,
        "link": "https://www.sec.gov/Archives/edgar/data/203077/000020307712000008/0000203077-12-000008-index.html",
        "finalLink": "https://www.sec.gov/Archives/edgar/data/203077/000020307712000008/stj-2012929x10qq3.htm"
    },
    {
        "date": "2012-06-30",
        "symbol": "STJ",
        "reportedCurrency": "USD",
        "cik": "0000203077",
        "fillingDate": "2012-08-07",
        "acceptedDate": "2012-08-07 16:29:12",
        "calendarYear": "2012",
        "period": "Q2",
        "revenue": 1410000000,
        "costOfRevenue": 383000000,
        "grossProfit": 1027000000,
        "grossProfitRatio": 0.7283687943,
        "researchAndDevelopmentExpenses": 173000000,
        "generalAndAdministrativeExpenses": 494000000,
        "sellingAndMarketingExpenses": 0,
        "sellingGeneralAndAdministrativeExpenses": 494000000,
        "otherExpenses": 0,
        "operatingExpenses": 667000000,
        "costAndExpenses": 1050000000,
        "interestIncome": 0,
        "interestExpense": 19000000,
        "depreciationAndAmortization": 75000000,
        "ebitda": 407000000,
        "ebitdaratio": 0.2886524823,
        "operatingIncome": 338000000,
        "operatingIncomeRatio": 0.2397163121,
        "totalOtherIncomeExpensesNet": -25000000,
        "incomeBeforeTax": 313000000,
        "incomeBeforeTaxRatio": 0.2219858156,
        "incomeTaxExpense": 69000000,
        "netIncome": 244000000,
        "netIncomeRatio": 0.1730496454,
        "eps": 0.78,
        "epsdiluted": 0.77,
        "weightedAverageShsOut": 314800000,
        "weightedAverageShsOutDil": 316400000,
        "link": "https://www.sec.gov/Archives/edgar/data/203077/000020307712000004/0000203077-12-000004-index.html",
        "finalLink": "https://www.sec.gov/Archives/edgar/data/203077/000020307712000004/stj-2012630x10q.htm"
    },
    {
        "date": "2012-03-31",
        "symbol": "STJ",
        "reportedCurrency": "USD",
        "cik": "0000203077",
        "fillingDate": "2012-05-03",
        "acceptedDate": "2012-05-03 13:24:05",
        "calendarYear": "2012",
        "period": "Q1",
        "revenue": 1395000000,
        "costOfRevenue": 381000000,
        "grossProfit": 1014000000,
        "grossProfitRatio": 0.7268817204,
        "researchAndDevelopmentExpenses": 175000000,
        "generalAndAdministrativeExpenses": 490000000,
        "sellingAndMarketingExpenses": 0,
        "sellingGeneralAndAdministrativeExpenses": 490000000,
        "otherExpenses": 0,
        "operatingExpenses": 665000000,
        "costAndExpenses": 1046000000,
        "interestIncome": 0,
        "interestExpense": 18000000,
        "depreciationAndAmortization": 71000000,
        "ebitda": 368000000,
        "ebitdaratio": 0.2637992832,
        "operatingIncome": 302000000,
        "operatingIncomeRatio": 0.2164874552,
        "totalOtherIncomeExpensesNet": -23000000,
        "incomeBeforeTax": 279000000,
        "incomeBeforeTaxRatio": 0.2,
        "incomeTaxExpense": 67000000,
        "netIncome": 212000000,
        "netIncomeRatio": 0.1519713262,
        "eps": 0.67,
        "epsdiluted": 0.67,
        "weightedAverageShsOut": 315700000,
        "weightedAverageShsOutDil": 317700000,
        "link": "https://www.sec.gov/Archives/edgar/data/203077/000089710112000709/0000897101-12-000709-index.htm",
        "finalLink": "https://www.sec.gov/Archives/edgar/data/203077/000089710112000709/stjude121296_10q.htm"
    },
    {
        "date": "2011-12-31",
        "symbol": "STJ",
        "reportedCurrency": "USD",
        "cik": "0000203077",
        "fillingDate": "2012-02-29",
        "acceptedDate": "2012-02-29 16:52:26",
        "calendarYear": "2011",
        "period": "Q4",
        "revenue": 1406874000,
        "costOfRevenue": 402731000,
        "grossProfit": 1004143000,
        "grossProfitRatio": 0.713740534,
        "researchAndDevelopmentExpenses": 176677000,
        "generalAndAdministrativeExpenses": 552297000,
        "sellingAndMarketingExpenses": 0,
        "sellingGeneralAndAdministrativeExpenses": 552297000,
        "otherExpenses": 0,
        "operatingExpenses": 728974000,
        "costAndExpenses": 1131705000,
        "interestIncome": 0,
        "interestExpense": 18207000,
        "depreciationAndAmortization": 69781000,
        "ebitda": 221268000,
        "ebitdaratio": 0.1572763446,
        "operatingIncome": 157475000,
        "operatingIncomeRatio": 0.111932554,
        "totalOtherIncomeExpensesNet": -24195000,
        "incomeBeforeTax": 133280000,
        "incomeBeforeTaxRatio": 0.0947348519,
        "incomeTaxExpense": 8281000,
        "netIncome": 124999000,
        "netIncomeRatio": 0.0888487526,
        "eps": 0.39,
        "epsdiluted": 0.38,
        "weightedAverageShsOut": 324304000,
        "weightedAverageShsOutDil": 327094000,
        "link": "https://www.sec.gov/Archives/edgar/data/203077/000089710112000354/0000897101-12-000354-index.html",
        "finalLink": "https://www.sec.gov/Archives/edgar/data/203077/000089710112000354/stjude115853_10k.htm"
    },
    {
        "date": "2011-10-01",
        "symbol": "STJ",
        "reportedCurrency": "USD",
        "cik": "0000203077",
        "fillingDate": "2011-11-09",
        "acceptedDate": "2011-11-09 15:56:37",
        "calendarYear": "2011",
        "period": "Q3",
        "revenue": 1382558000,
        "costOfRevenue": 370115000,
        "grossProfit": 1012443000,
        "grossProfitRatio": 0.7322969452,
        "researchAndDevelopmentExpenses": 176320000,
        "generalAndAdministrativeExpenses": 505080000,
        "sellingAndMarketingExpenses": 0,
        "sellingGeneralAndAdministrativeExpenses": 505080000,
        "otherExpenses": 0,
        "operatingExpenses": 681400000,
        "costAndExpenses": 1051515000,
        "interestIncome": 0,
        "interestExpense": 16986000,
        "depreciationAndAmortization": 74490000,
        "ebitda": 381630000,
        "ebitdaratio": 0.2760318193,
        "operatingIncome": 309667000,
        "operatingIncomeRatio": 0.2239812001,
        "totalOtherIncomeExpensesNet": -19513000,
        "incomeBeforeTax": 290154000,
        "incomeBeforeTaxRatio": 0.2098675065,
        "incomeTaxExpense": 63682000,
        "netIncome": 226472000,
        "netIncomeRatio": 0.1638065094,
        "eps": 0.69,
        "epsdiluted": 0.69,
        "weightedAverageShsOut": 326029000,
        "weightedAverageShsOutDil": 329446000,
        "link": "https://www.sec.gov/Archives/edgar/data/203077/000089710111001905/0000897101-11-001905-index.html",
        "finalLink": "https://www.sec.gov/Archives/edgar/data/203077/000089710111001905/stjude114302_10q.htm"
    },
    {
        "date": "2011-07-02",
        "symbol": "STJ",
        "reportedCurrency": "USD",
        "cik": "0000203077",
        "fillingDate": "2011-08-10",
        "acceptedDate": "2011-08-10 12:38:02",
        "calendarYear": "2011",
        "period": "Q2",
        "revenue": 1446751000,
        "costOfRevenue": 394923000,
        "grossProfit": 1051828000,
        "grossProfitRatio": 0.7270276641,
        "researchAndDevelopmentExpenses": 176334000,
        "generalAndAdministrativeExpenses": 513841000,
        "sellingAndMarketingExpenses": 0,
        "sellingGeneralAndAdministrativeExpenses": 513841000,
        "otherExpenses": 0,
        "operatingExpenses": 690175000,
        "costAndExpenses": 1085098000,
        "interestIncome": 0,
        "interestExpense": 17194000,
        "depreciationAndAmortization": 89561000,
        "ebitda": 406826000,
        "ebitdaratio": 0.2811997365,
        "operatingIncome": 325084000,
        "operatingIncomeRatio": 0.2246993436,
        "totalOtherIncomeExpensesNet": -25013000,
        "incomeBeforeTax": 300071000,
        "incomeBeforeTaxRatio": 0.2074102593,
        "incomeTaxExpense": 59177000,
        "netIncome": 240894000,
        "netIncomeRatio": 0.1665068834,
        "eps": 0.74,
        "epsdiluted": 0.73,
        "weightedAverageShsOut": 326941000,
        "weightedAverageShsOutDil": 330757000,
        "link": "https://www.sec.gov/Archives/edgar/data/203077/000089710111001376/0000897101-11-001376-index.html",
        "finalLink": "https://www.sec.gov/Archives/edgar/data/203077/000089710111001376/stjude112852_10q.htm"
    },
    {
        "date": "2011-04-02",
        "symbol": "STJ",
        "reportedCurrency": "USD",
        "cik": "0000203077",
        "fillingDate": "2011-05-11",
        "acceptedDate": "2011-05-10 17:31:53",
        "calendarYear": "2011",
        "period": "Q1",
        "revenue": 1375513000,
        "costOfRevenue": 364442000,
        "grossProfit": 1011071000,
        "grossProfitRatio": 0.7350501231,
        "researchAndDevelopmentExpenses": 175733000,
        "generalAndAdministrativeExpenses": 513320000,
        "sellingAndMarketingExpenses": 0,
        "sellingGeneralAndAdministrativeExpenses": 513320000,
        "otherExpenses": 0,
        "operatingExpenses": 689053000,
        "costAndExpenses": 1053495000,
        "interestIncome": 0,
        "interestExpense": 17567000,
        "depreciationAndAmortization": 85973000,
        "ebitda": 399106000,
        "ebitdaratio": 0.2901506565,
        "operatingIncome": 322018000,
        "operatingIncomeRatio": 0.2341075657,
        "totalOtherIncomeExpensesNet": -26452000,
        "incomeBeforeTax": 295566000,
        "incomeBeforeTaxRatio": 0.2148769223,
        "incomeTaxExpense": 62138000,
        "netIncome": 233428000,
        "netIncomeRatio": 0.1697025037,
        "eps": 0.72,
        "epsdiluted": 0.71,
        "weightedAverageShsOut": 325265000,
        "weightedAverageShsOutDil": 328878000,
        "link": "https://www.sec.gov/Archives/edgar/data/203077/000089710111000820/0000897101-11-000820-index.html",
        "finalLink": "https://www.sec.gov/Archives/edgar/data/203077/000089710111000820/stjude111369_10q.htm"
    },
    {
        "date": "2011-01-01",
        "symbol": "STJ",
        "reportedCurrency": "USD",
        "cik": "0000203077",
        "fillingDate": "2011-03-02",
        "acceptedDate": "2011-03-02 16:38:54",
        "calendarYear": "2010",
        "period": "Q4",
        "revenue": 1350401000,
        "costOfRevenue": 403821000,
        "grossProfit": 946580000,
        "grossProfitRatio": 0.7009621586,
        "researchAndDevelopmentExpenses": 174617000,
        "generalAndAdministrativeExpenses": 487958000,
        "sellingAndMarketingExpenses": 0,
        "sellingGeneralAndAdministrativeExpenses": 487958000,
        "otherExpenses": 0,
        "operatingExpenses": 662575000,
        "costAndExpenses": 1066396000,
        "interestIncome": 0,
        "interestExpense": 17073000,
        "depreciationAndAmortization": 68202000,
        "ebitda": 335991000,
        "ebitdaratio": 0.2488083169,
        "operatingIncome": 267505000,
        "operatingIncomeRatio": 0.1980930109,
        "totalOtherIncomeExpensesNet": -16789000,
        "incomeBeforeTax": 250716000,
        "incomeBeforeTaxRatio": 0.1856604075,
        "incomeTaxExpense": 44272000,
        "netIncome": 206444000,
        "netIncomeRatio": 0.1528760716,
        "eps": 0.63,
        "epsdiluted": 0.62,
        "weightedAverageShsOut": 328191000,
        "weightedAverageShsOutDil": 330488000,
        "link": "https://www.sec.gov/Archives/edgar/data/203077/000089710111000338/0000897101-11-000338-index.htm",
        "finalLink": "https://www.sec.gov/Archives/edgar/data/203077/000089710111000338/stjude106333_10k.htm"
    },
    {
        "date": "2010-10-02",
        "symbol": "STJ",
        "reportedCurrency": "USD",
        "cik": "0000203077",
        "fillingDate": "2010-11-10",
        "acceptedDate": "2010-11-10 16:53:31",
        "calendarYear": "2010",
        "period": "Q3",
        "revenue": 1239905000,
        "costOfRevenue": 1006290000,
        "grossProfit": 233615000,
        "grossProfitRatio": 0.1884136285,
        "researchAndDevelopmentExpenses": 456469000,
        "generalAndAdministrativeExpenses": 1329623000,
        "sellingAndMarketingExpenses": 0,
        "sellingGeneralAndAdministrativeExpenses": 1329623000,
        "otherExpenses": 0,
        "operatingExpenses": 1786092000,
        "costAndExpenses": 2792382000,
        "interestIncome": 0,
        "interestExpense": 14714000,
        "depreciationAndAmortization": 60449000,
        "ebitda": 540643000,
        "ebitdaratio": 0.4360358253,
        "operatingIncome": 298984000,
        "operatingIncomeRatio": 0.2411346031,
        "totalOtherIncomeExpensesNet": 281670000,
        "incomeBeforeTax": 580654000,
        "incomeBeforeTaxRatio": 0.4683052331,
        "incomeTaxExpense": 257095000,
        "netIncome": 208385000,
        "netIncomeRatio": 0.1680652953,
        "eps": 0.64,
        "epsdiluted": 0.63,
        "weightedAverageShsOut": 326822000,
        "weightedAverageShsOutDil": 329101000,
        "link": "https://www.sec.gov/Archives/edgar/data/203077/000089710110002229/0000897101-10-002229-index.htm",
        "finalLink": "https://www.sec.gov/Archives/edgar/data/203077/000089710110002229/stjude104727_10q.htm"
    },
    {
        "date": "2010-07-03",
        "symbol": "STJ",
        "reportedCurrency": "USD",
        "cik": "0000203077",
        "fillingDate": "2010-08-11",
        "acceptedDate": "2010-08-11 16:47:17",
        "calendarYear": "2010",
        "period": "Q2",
        "revenue": 2574465000,
        "costOfRevenue": 345302000,
        "grossProfit": 2229163000,
        "grossProfitRatio": 0.865874269,
        "researchAndDevelopmentExpenses": 155104000,
        "generalAndAdministrativeExpenses": 447610000,
        "sellingAndMarketingExpenses": 0,
        "sellingGeneralAndAdministrativeExpenses": 447610000,
        "otherExpenses": 0,
        "operatingExpenses": 602714000,
        "costAndExpenses": 948016000,
        "interestIncome": 0,
        "interestExpense": 35585000,
        "depreciationAndAmortization": 56546000,
        "ebitda": 436654000,
        "ebitdaratio": 0.1696096082,
        "operatingIncome": 472191000,
        "operatingIncomeRatio": 0.1834132529,
        "totalOtherIncomeExpensesNet": -333327000,
        "incomeBeforeTax": 138864000,
        "incomeBeforeTaxRatio": 0.0539389737,
        "incomeTaxExpense": 90485000,
        "netIncome": 254038000,
        "netIncomeRatio": 0.0986760356,
        "eps": 0.78,
        "epsdiluted": 0.77,
        "weightedAverageShsOut": 326113000,
        "weightedAverageShsOutDil": 328684000,
        "link": "https://www.sec.gov/Archives/edgar/data/203077/000089710110001618/0000897101-10-001618-index.htm",
        "finalLink": "https://www.sec.gov/Archives/edgar/data/203077/000089710110001618/stjude103469_10q.htm"
    },
    {
        "date": "2010-04-03",
        "symbol": "STJ",
        "reportedCurrency": "USD",
        "cik": "0000203077",
        "fillingDate": "2010-05-04",
        "acceptedDate": "2010-05-04 16:29:43",
        "calendarYear": "2010",
        "period": "Q1",
        "revenue": 1261696000,
        "costOfRevenue": 321169000,
        "grossProfit": 940527000,
        "grossProfitRatio": 0.7454466052,
        "researchAndDevelopmentExpenses": 151230000,
        "generalAndAdministrativeExpenses": 443290000,
        "sellingAndMarketingExpenses": 0,
        "sellingGeneralAndAdministrativeExpenses": 443290000,
        "otherExpenses": 0,
        "operatingExpenses": 594520000,
        "costAndExpenses": 915689000,
        "interestIncome": 0,
        "interestExpense": 0,
        "depreciationAndAmortization": 58818000,
        "ebitda": 384509000,
        "ebitdaratio": 0.3047556622,
        "operatingIncome": 238569000,
        "operatingIncomeRatio": 0.1890859605,
        "totalOtherIncomeExpensesNet": 0,
        "incomeBeforeTax": 238569000,
        "incomeBeforeTaxRatio": 0.1890859605,
        "incomeTaxExpense": 0,
        "netIncome": 238569000,
        "netIncomeRatio": 0.1890859605,
        "eps": 0.73,
        "epsdiluted": 0.73,
        "weightedAverageShsOut": 325309000,
        "weightedAverageShsOutDil": 328062000,
        "link": "https://www.sec.gov/Archives/edgar/data/203077/000089710110000919/0000897101-10-000919-index.htm",
        "finalLink": "https://www.sec.gov/Archives/edgar/data/203077/000089710110000919/stjude102225_10q.htm"
    },
    {
        "date": "2010-01-02",
        "symbol": "STJ",
        "reportedCurrency": "USD",
        "cik": "0000203077",
        "fillingDate": "2010-03-02",
        "acceptedDate": "2010-03-02 16:39:24",
        "calendarYear": "2009",
        "period": "Q4",
        "revenue": 1253385000,
        "costOfRevenue": 2473009000,
        "grossProfit": -1219624000,
        "grossProfitRatio": -0.9730641423,
        "researchAndDevelopmentExpenses": 559766000,
        "generalAndAdministrativeExpenses": 1675251000,
        "sellingAndMarketingExpenses": 0,
        "sellingGeneralAndAdministrativeExpenses": 1675251000,
        "otherExpenses": 0,
        "operatingExpenses": 2235017000,
        "costAndExpenses": 4708026000,
        "interestIncome": 0,
        "interestExpense": -1424000000,
        "depreciationAndAmortization": -630000000,
        "ebitda": -996607000,
        "ebitdaratio": -0.7951323815,
        "operatingIncome": 1057393000,
        "operatingIncomeRatio": 0.8436298504,
        "totalOtherIncomeExpensesNet": 0,
        "incomeBeforeTax": 1057393000,
        "incomeBeforeTaxRatio": 0.8436298504,
        "incomeTaxExpense": 280167000,
        "netIncome": 777226000,
        "netIncomeRatio": 0.620101565,
        "eps": 2.28,
        "epsdiluted": 2.26,
        "weightedAverageShsOut": 340880000,
        "weightedAverageShsOutDil": 344359000,
        "link": "https://www.sec.gov/Archives/edgar/data/203077/000089710110000409/0000897101-10-000409-index.htm",
        "finalLink": "https://www.sec.gov/Archives/edgar/data/203077/000089710110000409/stjude100816_10k.htm"
    },
    {
        "date": "2009-10-03",
        "symbol": "STJ",
        "reportedCurrency": "USD",
        "cik": "0000203077",
        "fillingDate": "2009-11-10",
        "acceptedDate": "2009-11-10 17:03:14",
        "calendarYear": "2009",
        "period": "Q3",
        "revenue": 1159606000,
        "costOfRevenue": 299670000,
        "grossProfit": 859936000,
        "grossProfitRatio": 0.7415760181,
        "researchAndDevelopmentExpenses": 142224000,
        "generalAndAdministrativeExpenses": 427227000,
        "sellingAndMarketingExpenses": 0,
        "sellingGeneralAndAdministrativeExpenses": 427227000,
        "otherExpenses": 0,
        "operatingExpenses": 569451000,
        "costAndExpenses": 869121000,
        "interestIncome": 0,
        "interestExpense": 0,
        "depreciationAndAmortization": 40400000,
        "ebitda": 258836000,
        "ebitdaratio": 0.2232102973,
        "operatingIncome": 218436000,
        "operatingIncomeRatio": 0.1883708777,
        "totalOtherIncomeExpensesNet": 0,
        "incomeBeforeTax": 218436000,
        "incomeBeforeTaxRatio": 0.1883708777,
        "incomeTaxExpense": 51501000,
        "netIncome": 166935000,
        "netIncomeRatio": 0.143958379,
        "eps": 0.49,
        "epsdiluted": 0.48,
        "weightedAverageShsOut": 340880000,
        "weightedAverageShsOutDil": 344359000,
        "link": "https://www.sec.gov/Archives/edgar/data/203077/000089710109002245/0000897101-09-002245-index.htm",
        "finalLink": "https://www.sec.gov/Archives/edgar/data/203077/000089710109002245/stjude095112_10q.htm"
    },
    {
        "date": "2009-07-04",
        "symbol": "STJ",
        "reportedCurrency": "USD",
        "cik": "0000203077",
        "fillingDate": "2009-08-12",
        "acceptedDate": "2009-08-12 17:01:59",
        "calendarYear": "2009",
        "period": "Q2",
        "revenue": 1184412000,
        "costOfRevenue": 305544000,
        "grossProfit": 878868000,
        "grossProfitRatio": 0.7420289561,
        "researchAndDevelopmentExpenses": 143052000,
        "generalAndAdministrativeExpenses": 431169000,
        "sellingAndMarketingExpenses": 0,
        "sellingGeneralAndAdministrativeExpenses": 431169000,
        "otherExpenses": 0,
        "operatingExpenses": 574221000,
        "costAndExpenses": 879765000,
        "interestIncome": 0,
        "interestExpense": 0,
        "depreciationAndAmortization": 34994000,
        "ebitda": 334680000,
        "ebitdaratio": 0.282570592,
        "operatingIncome": 299686000,
        "operatingIncomeRatio": 0.2530251298,
        "totalOtherIncomeExpensesNet": 0,
        "incomeBeforeTax": 299686000,
        "incomeBeforeTaxRatio": 0.2530251298,
        "incomeTaxExpense": 80316000,
        "netIncome": 219370000,
        "netIncomeRatio": 0.1852142667,
        "eps": 0.63,
        "epsdiluted": 0.63,
        "weightedAverageShsOut": 346308000,
        "weightedAverageShsOutDil": 350213000,
        "link": "https://www.sec.gov/Archives/edgar/data/203077/000095012309034092/0000950123-09-034092-index.htm",
        "finalLink": "https://www.sec.gov/Archives/edgar/data/203077/000095012309034092/c52922e10vq.htm"
    },
    {
        "date": "2009-04-04",
        "symbol": "STJ",
        "reportedCurrency": "USD",
        "cik": "0000203077",
        "fillingDate": "2009-05-12",
        "acceptedDate": "2009-05-12 16:05:17",
        "calendarYear": "2009",
        "period": "Q1",
        "revenue": 1133793000,
        "costOfRevenue": 294495000,
        "grossProfit": 839298000,
        "grossProfitRatio": 0.7402568194,
        "researchAndDevelopmentExpenses": 139351000,
        "generalAndAdministrativeExpenses": 417675000,
        "sellingAndMarketingExpenses": 0,
        "sellingGeneralAndAdministrativeExpenses": 417675000,
        "otherExpenses": 0,
        "operatingExpenses": 557026000,
        "costAndExpenses": 851521000,
        "interestIncome": 0,
        "interestExpense": 0,
        "depreciationAndAmortization": 36419000,
        "ebitda": 311379000,
        "ebitdaratio": 0.2746347878,
        "operatingIncome": 274960000,
        "operatingIncomeRatio": 0.2425134041,
        "totalOtherIncomeExpensesNet": 0,
        "incomeBeforeTax": 274960000,
        "incomeBeforeTaxRatio": 0.2425134041,
        "incomeTaxExpense": 73689000,
        "netIncome": 201271000,
        "netIncomeRatio": 0.1775200588,
        "eps": 0.58,
        "epsdiluted": 0.58,
        "weightedAverageShsOut": 345850000,
        "weightedAverageShsOutDil": 349807000,
        "link": "https://www.sec.gov/Archives/edgar/data/203077/000089710109000993/0000897101-09-000993-index.htm",
        "finalLink": "https://www.sec.gov/Archives/edgar/data/203077/000089710109000993/stjude092109_10q.htm"
    },
    {
        "date": "2009-01-03",
        "symbol": "STJ",
        "reportedCurrency": "USD",
        "cik": "0000203077",
        "fillingDate": "2009-02-27",
        "acceptedDate": "2009-02-27 16:07:44",
        "calendarYear": "2008",
        "period": "Q4",
        "revenue": 1170541000,
        "costOfRevenue": 2276479000,
        "grossProfit": -1105938000,
        "grossProfitRatio": -0.9448092805,
        "researchAndDevelopmentExpenses": 531799000,
        "generalAndAdministrativeExpenses": 1636526000,
        "sellingAndMarketingExpenses": 0,
        "sellingGeneralAndAdministrativeExpenses": 1636526000,
        "otherExpenses": 0,
        "operatingExpenses": 2168325000,
        "costAndExpenses": 4444804000,
        "interestIncome": 0,
        "interestExpense": 0,
        "depreciationAndAmortization": 35102000,
        "ebitda": 665843000,
        "ebitdaratio": 0.5688335564,
        "operatingIncome": 630741000,
        "operatingIncomeRatio": 0.5388457132,
        "totalOtherIncomeExpensesNet": 0,
        "incomeBeforeTax": 630741000,
        "incomeBeforeTaxRatio": 0.5388457132,
        "incomeTaxExpense": 246414000,
        "netIncome": 384327000,
        "netIncomeRatio": 0.3283327965,
        "eps": 1.12,
        "epsdiluted": 1.1,
        "weightedAverageShsOut": 342888000,
        "weightedAverageShsOutDil": 349722000,
        "link": "https://www.sec.gov/Archives/edgar/data/203077/000089710109000381/0000897101-09-000381-index.htm",
        "finalLink": "https://www.sec.gov/Archives/edgar/data/203077/000089710109000381/stjude090797_10k.htm"
    },
    {
        "date": "2008-09-27",
        "symbol": "STJ",
        "reportedCurrency": "USD",
        "cik": "0000203077",
        "fillingDate": "2008-10-30",
        "acceptedDate": "2008-10-30 16:54:50",
        "calendarYear": "2008",
        "period": "Q3",
        "revenue": 1084136000,
        "costOfRevenue": 273926000,
        "grossProfit": 810210000,
        "grossProfitRatio": 0.747332438,
        "researchAndDevelopmentExpenses": 131054000,
        "generalAndAdministrativeExpenses": 401325000,
        "sellingAndMarketingExpenses": 0,
        "sellingGeneralAndAdministrativeExpenses": 401325000,
        "otherExpenses": 0,
        "operatingExpenses": 532379000,
        "costAndExpenses": 806305000,
        "interestIncome": 0,
        "interestExpense": 0,
        "depreciationAndAmortization": 34498000,
        "ebitda": 307388000,
        "ebitdaratio": 0.2835326933,
        "operatingIncome": 272890000,
        "operatingIncomeRatio": 0.2517119623,
        "totalOtherIncomeExpensesNet": 0,
        "incomeBeforeTax": 272890000,
        "incomeBeforeTaxRatio": 0.2517119623,
        "incomeTaxExpense": 79947000,
        "netIncome": 192943000,
        "netIncomeRatio": 0.1779693692,
        "eps": 0.56,
        "epsdiluted": 0.55,
        "weightedAverageShsOut": 342352000,
        "weightedAverageShsOutDil": 349984000,
        "link": "https://www.sec.gov/Archives/edgar/data/203077/000089710108002181/0000897101-08-002181-index.htm",
        "finalLink": "https://www.sec.gov/Archives/edgar/data/203077/000089710108002181/stjude084381_10q.htm"
    },
    {
        "date": "2008-06-28",
        "symbol": "STJ",
        "reportedCurrency": "USD",
        "cik": "0000203077",
        "fillingDate": "2008-08-06",
        "acceptedDate": "2008-08-06 12:46:27",
        "calendarYear": "2008",
        "period": "Q2",
        "revenue": 1135760000,
        "costOfRevenue": 287691000,
        "grossProfit": 848069000,
        "grossProfitRatio": 0.7466973656,
        "researchAndDevelopmentExpenses": 138455000,
        "generalAndAdministrativeExpenses": 416261000,
        "sellingAndMarketingExpenses": 0,
        "sellingGeneralAndAdministrativeExpenses": 416261000,
        "otherExpenses": 0,
        "operatingExpenses": 554716000,
        "costAndExpenses": 842407000,
        "interestIncome": 0,
        "interestExpense": 0,
        "depreciationAndAmortization": 32353000,
        "ebitda": 320666000,
        "ebitdaratio": 0.2823360569,
        "operatingIncome": 288313000,
        "operatingIncomeRatio": 0.2538502853,
        "totalOtherIncomeExpensesNet": 0,
        "incomeBeforeTax": 288313000,
        "incomeBeforeTaxRatio": 0.2538502853,
        "incomeTaxExpense": 87254000,
        "netIncome": 201059000,
        "netIncomeRatio": 0.1770259562,
        "eps": 0.59,
        "epsdiluted": 0.57,
        "weightedAverageShsOut": 342178000,
        "weightedAverageShsOutDil": 350112000,
        "link": "https://www.sec.gov/Archives/edgar/data/203077/000089710108001654/0000897101-08-001654-index.htm",
        "finalLink": "https://www.sec.gov/Archives/edgar/data/203077/000089710108001654/stjude083154_10q.htm"
    },
    {
        "date": "2008-03-29",
        "symbol": "STJ",
        "reportedCurrency": "USD",
        "cik": "0000203077",
        "fillingDate": "2008-05-05",
        "acceptedDate": "2008-05-05 16:26:26",
        "calendarYear": "2008",
        "period": "Q1",
        "revenue": 1010738000,
        "costOfRevenue": 260487000,
        "grossProfit": 750251000,
        "grossProfitRatio": 0.7422803931,
        "researchAndDevelopmentExpenses": 123635000,
        "generalAndAdministrativeExpenses": 367116000,
        "sellingAndMarketingExpenses": 0,
        "sellingGeneralAndAdministrativeExpenses": 367116000,
        "otherExpenses": 0,
        "operatingExpenses": 490751000,
        "costAndExpenses": 751238000,
        "interestIncome": 0,
        "interestExpense": 0,
        "depreciationAndAmortization": 30355000,
        "ebitda": 292456000,
        "ebitdaratio": 0.2893489708,
        "operatingIncome": 262101000,
        "operatingIncomeRatio": 0.2593164599,
        "totalOtherIncomeExpensesNet": 0,
        "incomeBeforeTax": 262101000,
        "incomeBeforeTaxRatio": 0.2593164599,
        "incomeTaxExpense": 77320000,
        "netIncome": 184781000,
        "netIncomeRatio": 0.1828179014,
        "eps": 0.54,
        "epsdiluted": 0.53,
        "weightedAverageShsOut": 343658000,
        "weightedAverageShsOutDil": 351955000,
        "link": "https://www.sec.gov/Archives/edgar/data/203077/000089710108000999/0000897101-08-000999-index.htm",
        "finalLink": "https://www.sec.gov/Archives/edgar/data/203077/000089710108000999/stjude082006_10q.htm"
    },
    {
        "date": "2007-12-29",
        "symbol": "STJ",
        "reportedCurrency": "USD",
        "cik": "0000203077",
        "fillingDate": "2008-02-27",
        "acceptedDate": "2008-02-27 17:11:50",
        "calendarYear": "2007",
        "period": "Q4",
        "revenue": 1041594000,
        "costOfRevenue": 2044896000,
        "grossProfit": -1003302000,
        "grossProfitRatio": -0.9632371154,
        "researchAndDevelopmentExpenses": 476332000,
        "generalAndAdministrativeExpenses": 1382466000,
        "sellingAndMarketingExpenses": 0,
        "sellingGeneralAndAdministrativeExpenses": 1382466000,
        "otherExpenses": 0,
        "operatingExpenses": 1858798000,
        "costAndExpenses": 3903694000,
        "interestIncome": 0,
        "interestExpense": 0,
        "depreciationAndAmortization": 31886000,
        "ebitda": 776191000,
        "ebitdaratio": 0.7451953448,
        "operatingIncome": 744305000,
        "operatingIncomeRatio": 0.7145826493,
        "totalOtherIncomeExpensesNet": 0,
        "incomeBeforeTax": 744305000,
        "incomeBeforeTaxRatio": 0.7145826493,
        "incomeTaxExpense": 185267000,
        "netIncome": 559038000,
        "netIncomeRatio": 0.5367139212,
        "eps": 1.63,
        "epsdiluted": 1.59,
        "weightedAverageShsOut": 342103000,
        "weightedAverageShsOutDil": 352444000,
        "link": "https://www.sec.gov/Archives/edgar/data/203077/000089710108000412/0000897101-08-000412-index.htm",
        "finalLink": "https://www.sec.gov/Archives/edgar/data/203077/000089710108000412/stjude080794_10k.htm"
    },
    {
        "date": "2007-09-29",
        "symbol": "STJ",
        "reportedCurrency": "USD",
        "cik": "0000203077",
        "fillingDate": "2007-11-02",
        "acceptedDate": "2007-11-02 16:17:26",
        "calendarYear": "2007",
        "period": "Q3",
        "revenue": 926840000,
        "costOfRevenue": 244859000,
        "grossProfit": 681981000,
        "grossProfitRatio": 0.7358130853,
        "researchAndDevelopmentExpenses": 117027000,
        "generalAndAdministrativeExpenses": 337823000,
        "sellingAndMarketingExpenses": 0,
        "sellingGeneralAndAdministrativeExpenses": 337823000,
        "otherExpenses": 0,
        "operatingExpenses": 454850000,
        "costAndExpenses": 699709000,
        "interestIncome": 0,
        "interestExpense": 0,
        "depreciationAndAmortization": 31886000,
        "ebitda": 251392000,
        "ebitdaratio": 0.2712355962,
        "operatingIncome": 219506000,
        "operatingIncomeRatio": 0.2368326788,
        "totalOtherIncomeExpensesNet": 0,
        "incomeBeforeTax": 219506000,
        "incomeBeforeTaxRatio": 0.2368326788,
        "incomeTaxExpense": 59267000,
        "netIncome": 160239000,
        "netIncomeRatio": 0.1728874455,
        "eps": 0.47,
        "epsdiluted": 0.45,
        "weightedAverageShsOut": 342042000,
        "weightedAverageShsOutDil": 353027000,
        "link": "https://www.sec.gov/Archives/edgar/data/203077/000089710107002290/0000897101-07-002290-index.htm",
        "finalLink": "https://www.sec.gov/Archives/edgar/data/203077/000089710107002290/stjude074409_10q.htm"
    },
    {
        "date": "2007-06-30",
        "symbol": "STJ",
        "reportedCurrency": "USD",
        "cik": "0000203077",
        "fillingDate": "2007-08-09",
        "acceptedDate": "2007-08-09 16:36:09",
        "calendarYear": "2007",
        "period": "Q2",
        "revenue": 947336000,
        "costOfRevenue": 253023000,
        "grossProfit": 694313000,
        "grossProfitRatio": 0.7329110263,
        "researchAndDevelopmentExpenses": 119458000,
        "generalAndAdministrativeExpenses": 348694000,
        "sellingAndMarketingExpenses": 0,
        "sellingGeneralAndAdministrativeExpenses": 348694000,
        "otherExpenses": 0,
        "operatingExpenses": 468152000,
        "costAndExpenses": 721175000,
        "interestIncome": 0,
        "interestExpense": 0,
        "depreciationAndAmortization": 30641000,
        "ebitda": 211352000,
        "ebitdaratio": 0.2231014128,
        "operatingIncome": 180711000,
        "operatingIncomeRatio": 0.1907570281,
        "totalOtherIncomeExpensesNet": 0,
        "incomeBeforeTax": 180711000,
        "incomeBeforeTaxRatio": 0.1907570281,
        "incomeTaxExpense": 45911000,
        "netIncome": 134800000,
        "netIncomeRatio": 0.1422937585,
        "eps": 0.39,
        "epsdiluted": 0.38,
        "weightedAverageShsOut": 342883000,
        "weightedAverageShsOutDil": 354422000,
        "link": "https://www.sec.gov/Archives/edgar/data/203077/000089710107001664/0000897101-07-001664-index.htm",
        "finalLink": "https://www.sec.gov/Archives/edgar/data/203077/000089710107001664/stjude073247_10q.htm"
    },
    {
        "date": "2007-03-31",
        "symbol": "STJ",
        "reportedCurrency": "USD",
        "cik": "0000203077",
        "fillingDate": "2007-05-09",
        "acceptedDate": "2007-05-09 17:09:42",
        "calendarYear": "2007",
        "period": "Q1",
        "revenue": 886978000,
        "costOfRevenue": 238977000,
        "grossProfit": 648001000,
        "grossProfitRatio": 0.7305716715,
        "researchAndDevelopmentExpenses": 115958000,
        "generalAndAdministrativeExpenses": 328340000,
        "sellingAndMarketingExpenses": 0,
        "sellingGeneralAndAdministrativeExpenses": 328340000,
        "otherExpenses": 0,
        "operatingExpenses": 444298000,
        "costAndExpenses": 683275000,
        "interestIncome": 0,
        "interestExpense": 0,
        "depreciationAndAmortization": 27275000,
        "ebitda": 225810000,
        "ebitdaratio": 0.254583541,
        "operatingIncome": 198535000,
        "operatingIncomeRatio": 0.2238330601,
        "totalOtherIncomeExpensesNet": 0,
        "incomeBeforeTax": 198535000,
        "incomeBeforeTaxRatio": 0.2238330601,
        "incomeTaxExpense": 52810000,
        "netIncome": 145725000,
        "netIncomeRatio": 0.1642938156,
        "eps": 0.42,
        "epsdiluted": 0.41,
        "weightedAverageShsOut": 347032000,
        "weightedAverageShsOutDil": 359276000,
        "link": "https://www.sec.gov/Archives/edgar/data/203077/000089710107001046/0000897101-07-001046-index.htm",
        "finalLink": "https://www.sec.gov/Archives/edgar/data/203077/000089710107001046/stjude072010_10q.htm"
    },
    {
        "date": "2006-12-30",
        "symbol": "STJ",
        "reportedCurrency": "USD",
        "cik": "0000203077",
        "fillingDate": "2007-02-28",
        "acceptedDate": "2007-02-28 17:27:12",
        "calendarYear": "2006",
        "period": "Q4",
        "revenue": 913513000,
        "costOfRevenue": 1811918000,
        "grossProfit": -898405000,
        "grossProfitRatio": -0.9834616475,
        "researchAndDevelopmentExpenses": 431102000,
        "generalAndAdministrativeExpenses": 1195030000,
        "sellingAndMarketingExpenses": 0,
        "sellingGeneralAndAdministrativeExpenses": 1195030000,
        "otherExpenses": 0,
        "operatingExpenses": 1626132000,
        "costAndExpenses": 3438050000,
        "interestIncome": 0,
        "interestExpense": 0,
        "depreciationAndAmortization": 26926000,
        "ebitda": 747567000,
        "ebitdaratio": 0.818343034,
        "operatingIncome": 720641000,
        "operatingIncomeRatio": 0.7888678103,
        "totalOtherIncomeExpensesNet": 0,
        "incomeBeforeTax": 720641000,
        "incomeBeforeTaxRatio": 0.7888678103,
        "incomeTaxExpense": 172390000,
        "netIncome": 548251000,
        "netIncomeRatio": 0.6001567575,
        "eps": 1.53,
        "epsdiluted": 1.47,
        "weightedAverageShsOut": 359252000,
        "weightedAverageShsOutDil": 372830000,
        "link": "https://www.sec.gov/Archives/edgar/data/203077/000089710107000493/0000897101-07-000493-index.htm",
        "finalLink": "https://www.sec.gov/Archives/edgar/data/203077/000089710107000493/stjude070841_10k.htm"
    },
    {
        "date": "2006-09-30",
        "symbol": "STJ",
        "reportedCurrency": "USD",
        "cik": "0000203077",
        "fillingDate": "2006-11-07",
        "acceptedDate": "2006-11-07 17:01:19",
        "calendarYear": "2006",
        "period": "Q3",
        "revenue": 1605694000,
        "costOfRevenue": 433626000,
        "grossProfit": 1172068000,
        "grossProfitRatio": 0.7299448089,
        "researchAndDevelopmentExpenses": 213932000,
        "generalAndAdministrativeExpenses": 574632000,
        "sellingAndMarketingExpenses": 0,
        "sellingGeneralAndAdministrativeExpenses": 574632000,
        "otherExpenses": 0,
        "operatingExpenses": 788564000,
        "costAndExpenses": 1222190000,
        "interestIncome": 0,
        "interestExpense": 0,
        "depreciationAndAmortization": 24323000,
        "ebitda": 363137000,
        "ebitdaratio": 0.2261557931,
        "operatingIncome": 338814000,
        "operatingIncomeRatio": 0.2110078259,
        "totalOtherIncomeExpensesNet": 0,
        "incomeBeforeTax": 338814000,
        "incomeBeforeTaxRatio": 0.2110078259,
        "incomeTaxExpense": 86205000,
        "netIncome": 252609000,
        "netIncomeRatio": 0.1573207597,
        "eps": 0.7,
        "epsdiluted": 0.67,
        "weightedAverageShsOut": 361219000,
        "weightedAverageShsOutDil": 375110000,
        "link": "https://www.sec.gov/Archives/edgar/data/203077/000089710106002310/0000897101-06-002310-index.htm",
        "finalLink": "https://www.sec.gov/Archives/edgar/data/203077/000089710106002310/stjude064210_10q.htm"
    },
    {
        "date": "2006-06-30",
        "symbol": "STJ",
        "reportedCurrency": "USD",
        "cik": "0000203077",
        "fillingDate": "2006-08-07",
        "acceptedDate": "2006-08-07 16:47:24",
        "calendarYear": "2006",
        "period": "Q2",
        "revenue": 832922000,
        "costOfRevenue": 226964000,
        "grossProfit": 605958000,
        "grossProfitRatio": 0.7275086983,
        "researchAndDevelopmentExpenses": 108840000,
        "generalAndAdministrativeExpenses": 301022000,
        "sellingAndMarketingExpenses": 0,
        "sellingGeneralAndAdministrativeExpenses": 301022000,
        "otherExpenses": 0,
        "operatingExpenses": 409862000,
        "costAndExpenses": 636826000,
        "interestIncome": 0,
        "interestExpense": 0,
        "depreciationAndAmortization": 42753000,
        "ebitda": 233630000,
        "ebitdaratio": 0.2804944521,
        "operatingIncome": 190877000,
        "operatingIncomeRatio": 0.2291655161,
        "totalOtherIncomeExpensesNet": 0,
        "incomeBeforeTax": 190877000,
        "incomeBeforeTaxRatio": 0.2291655161,
        "incomeTaxExpense": 49845000,
        "netIncome": 141032000,
        "netIncomeRatio": 0.1693219773,
        "eps": 0.39,
        "epsdiluted": 0.38,
        "weightedAverageShsOut": 362175000,
        "weightedAverageShsOutDil": 375141000,
        "link": "https://www.sec.gov/Archives/edgar/data/203077/000089710106001605/0000897101-06-001605-index.htm",
        "finalLink": "https://www.sec.gov/Archives/edgar/data/203077/000089710106001605/stjude063052_10q.htm"
    },
    {
        "date": "2006-03-31",
        "symbol": "STJ",
        "reportedCurrency": "USD",
        "cik": "0000203077",
        "fillingDate": "2006-05-09",
        "acceptedDate": "2006-05-09 15:12:49",
        "calendarYear": "2006",
        "period": "Q1",
        "revenue": 784416000,
        "costOfRevenue": 208447000,
        "grossProfit": 575969000,
        "grossProfitRatio": 0.7342647269,
        "researchAndDevelopmentExpenses": 105258000,
        "generalAndAdministrativeExpenses": 284208000,
        "sellingAndMarketingExpenses": 0,
        "sellingGeneralAndAdministrativeExpenses": 284208000,
        "otherExpenses": 0,
        "operatingExpenses": 389466000,
        "costAndExpenses": 597913000,
        "interestIncome": 0,
        "interestExpense": 0,
        "depreciationAndAmortization": 20291000,
        "ebitda": 206090000,
        "ebitdaratio": 0.2627304899,
        "operatingIncome": 185799000,
        "operatingIncomeRatio": 0.2368628381,
        "totalOtherIncomeExpensesNet": 0,
        "incomeBeforeTax": 185799000,
        "incomeBeforeTaxRatio": 0.2368628381,
        "incomeTaxExpense": 48730000,
        "netIncome": 137069000,
        "netIncomeRatio": 0.1747401889,
        "eps": 0.37,
        "epsdiluted": 0.36,
        "weightedAverageShsOut": 370456756,
        "weightedAverageShsOutDil": 380747222,
        "link": "https://www.sec.gov/Archives/edgar/data/203077/000089710106001007/0000897101-06-001007-index.htm",
        "finalLink": "https://www.sec.gov/Archives/edgar/data/203077/000089710106001007/stjude061955_10q.htm"
    }
]