[
    {
        "date": "2018-08-31",
        "symbol": "SVU",
        "reportedCurrency": "USD",
        "cik": "0000095521",
        "fillingDate": "2018-08-31",
        "acceptedDate": "2018-08-31 00:00:00",
        "calendarYear": "2019",
        "period": "Q2",
        "revenue": 3512000000,
        "costOfRevenue": 3218000000,
        "grossProfit": 294000000,
        "grossProfitRatio": 0.0837129841,
        "researchAndDevelopmentExpenses": 0,
        "generalAndAdministrativeExpenses": 0,
        "sellingAndMarketingExpenses": 0,
        "sellingGeneralAndAdministrativeExpenses": 356000000,
        "otherExpenses": 0,
        "operatingExpenses": 356000000,
        "costAndExpenses": 3574000000,
        "interestIncome": -1000000,
        "interestExpense": 26000000,
        "depreciationAndAmortization": 54000000,
        "ebitda": 86000000,
        "ebitdaratio": 0.0244874715,
        "operatingIncome": -62000000,
        "operatingIncomeRatio": -0.0176537585,
        "totalOtherIncomeExpensesNet": -29000000,
        "incomeBeforeTax": -80000000,
        "incomeBeforeTaxRatio": -0.0227790433,
        "incomeTaxExpense": -25000000,
        "netIncome": -55000000,
        "netIncomeRatio": -0.0156605923,
        "eps": -1.41,
        "epsdiluted": -1.41,
        "weightedAverageShsOut": 39000000,
        "weightedAverageShsOutDil": 39000000,
        "link": null,
        "finalLink": null
    },
    {
        "date": "2018-06-30",
        "symbol": "SVU",
        "reportedCurrency": "USD",
        "cik": "0000095521",
        "fillingDate": "2018-06-30",
        "acceptedDate": "2018-06-30 00:00:00",
        "calendarYear": "2019",
        "period": "Q1",
        "revenue": 4755000000,
        "costOfRevenue": 4327000000,
        "grossProfit": 428000000,
        "grossProfitRatio": 0.0900105152,
        "researchAndDevelopmentExpenses": 0,
        "generalAndAdministrativeExpenses": 0,
        "sellingAndMarketingExpenses": 0,
        "sellingGeneralAndAdministrativeExpenses": 428000000,
        "otherExpenses": 0,
        "operatingExpenses": 428000000,
        "costAndExpenses": 4755000000,
        "interestIncome": 1000000,
        "interestExpense": 40000000,
        "depreciationAndAmortization": 67000000,
        "ebitda": 70000000,
        "ebitdaratio": 0.014721346,
        "operatingIncome": 3000000,
        "operatingIncomeRatio": 0.0006309148,
        "totalOtherIncomeExpensesNet": -30000000,
        "incomeBeforeTax": -37000000,
        "incomeBeforeTaxRatio": -0.0077812829,
        "incomeTaxExpense": -10000000,
        "netIncome": -27000000,
        "netIncomeRatio": -0.0056782334,
        "eps": -0.71,
        "epsdiluted": -0.71,
        "weightedAverageShsOut": 38000000,
        "weightedAverageShsOutDil": 38000000,
        "link": null,
        "finalLink": null
    },
    {
        "date": "2018-02-28",
        "symbol": "SVU",
        "reportedCurrency": "USD",
        "cik": "0000095521",
        "fillingDate": "2018-02-28",
        "acceptedDate": "2018-02-28 00:00:00",
        "calendarYear": "2018",
        "period": "Q4",
        "revenue": 3594000000,
        "costOfRevenue": 3238000000,
        "grossProfit": 356000000,
        "grossProfitRatio": 0.0990539789,
        "researchAndDevelopmentExpenses": 0,
        "generalAndAdministrativeExpenses": 0,
        "sellingAndMarketingExpenses": 0,
        "sellingGeneralAndAdministrativeExpenses": 288000000,
        "otherExpenses": 0,
        "operatingExpenses": 288000000,
        "costAndExpenses": 3526000000,
        "interestIncome": 1000000,
        "interestExpense": 31000000,
        "depreciationAndAmortization": 37000000,
        "ebitda": 82000000,
        "ebitdaratio": 0.0228158041,
        "operatingIncome": 45000000,
        "operatingIncomeRatio": 0.0125208681,
        "totalOtherIncomeExpensesNet": 7000000,
        "incomeBeforeTax": 51000000,
        "incomeBeforeTaxRatio": 0.0141903172,
        "incomeTaxExpense": 26000000,
        "netIncome": 25000000,
        "netIncomeRatio": 0.0069560378,
        "eps": 0.66,
        "epsdiluted": 0.66,
        "weightedAverageShsOut": 38000000,
        "weightedAverageShsOutDil": 38000000,
        "link": null,
        "finalLink": null
    },
    {
        "date": "2017-11-30",
        "symbol": "SVU",
        "reportedCurrency": "USD",
        "cik": "0000095521",
        "fillingDate": "2017-11-30",
        "acceptedDate": "2017-11-30 00:00:00",
        "calendarYear": "2018",
        "period": "Q3",
        "revenue": 3938000000,
        "costOfRevenue": 3529000000,
        "grossProfit": 409000000,
        "grossProfitRatio": 0.1038598273,
        "researchAndDevelopmentExpenses": 0,
        "generalAndAdministrativeExpenses": 0,
        "sellingAndMarketingExpenses": 0,
        "sellingGeneralAndAdministrativeExpenses": 370000000,
        "otherExpenses": 0,
        "operatingExpenses": 370000000,
        "costAndExpenses": 3899000000,
        "interestIncome": 0,
        "interestExpense": 28000000,
        "depreciationAndAmortization": 47000000,
        "ebitda": 86000000,
        "ebitdaratio": 0.0218384967,
        "operatingIncome": 39000000,
        "operatingIncomeRatio": 0.0099035043,
        "totalOtherIncomeExpensesNet": -38000000,
        "incomeBeforeTax": 10000000,
        "incomeBeforeTaxRatio": 0.0025393601,
        "incomeTaxExpense": -8000000,
        "netIncome": 18000000,
        "netIncomeRatio": 0.0045708481,
        "eps": 0.47,
        "epsdiluted": 0.47,
        "weightedAverageShsOut": 38000000,
        "weightedAverageShsOutDil": 38000000,
        "link": null,
        "finalLink": null
    },
    {
        "date": "2017-08-31",
        "symbol": "SVU",
        "reportedCurrency": "USD",
        "cik": "0000095521",
        "fillingDate": "2017-08-31",
        "acceptedDate": "2017-08-31 00:00:00",
        "calendarYear": "2018",
        "period": "Q2",
        "revenue": 3800000000,
        "costOfRevenue": 3372000000,
        "grossProfit": 428000000,
        "grossProfitRatio": 0.1126315789,
        "researchAndDevelopmentExpenses": 0,
        "generalAndAdministrativeExpenses": 0,
        "sellingAndMarketingExpenses": 0,
        "sellingGeneralAndAdministrativeExpenses": 435000000,
        "otherExpenses": 0,
        "operatingExpenses": 435000000,
        "costAndExpenses": 3807000000,
        "interestIncome": 1000000,
        "interestExpense": 31000000,
        "depreciationAndAmortization": 52000000,
        "ebitda": 16000000,
        "ebitdaratio": 0.0042105263,
        "operatingIncome": -7000000,
        "operatingIncomeRatio": -0.0018421053,
        "totalOtherIncomeExpensesNet": -31000000,
        "incomeBeforeTax": -38000000,
        "incomeBeforeTaxRatio": -0.01,
        "incomeTaxExpense": -13000000,
        "netIncome": -25000000,
        "netIncomeRatio": -0.0065789474,
        "eps": -0.66,
        "epsdiluted": -0.66,
        "weightedAverageShsOut": 38000000,
        "weightedAverageShsOutDil": 38000000,
        "link": null,
        "finalLink": null
    },
    {
        "date": "2017-06-30",
        "symbol": "SVU",
        "reportedCurrency": "USD",
        "cik": "0000095521",
        "fillingDate": "2017-06-30",
        "acceptedDate": "2017-06-30 00:00:00",
        "calendarYear": "2018",
        "period": "Q1",
        "revenue": 3517000000,
        "costOfRevenue": 3086000000,
        "grossProfit": 431000000,
        "grossProfitRatio": 0.1225476258,
        "researchAndDevelopmentExpenses": 0,
        "generalAndAdministrativeExpenses": 0,
        "sellingAndMarketingExpenses": 0,
        "sellingGeneralAndAdministrativeExpenses": 387000000,
        "otherExpenses": 0,
        "operatingExpenses": 387000000,
        "costAndExpenses": 3473000000,
        "interestIncome": 1000000,
        "interestExpense": 36000000,
        "depreciationAndAmortization": 53000000,
        "ebitda": 151000000,
        "ebitdaratio": 0.042934319,
        "operatingIncome": 44000000,
        "operatingIncomeRatio": 0.0125106625,
        "totalOtherIncomeExpensesNet": 4000000,
        "incomeBeforeTax": 20000000,
        "incomeBeforeTaxRatio": 0.0056866648,
        "incomeTaxExpense": 11000000,
        "netIncome": 11000000,
        "netIncomeRatio": 0.0031276656,
        "eps": 0.29,
        "epsdiluted": 0.29,
        "weightedAverageShsOut": 38000000,
        "weightedAverageShsOutDil": 38000000,
        "link": null,
        "finalLink": null
    },
    {
        "date": "2017-02-28",
        "symbol": "SVU",
        "reportedCurrency": "USD",
        "cik": "0000095521",
        "fillingDate": "2017-02-28",
        "acceptedDate": "2017-02-28 00:00:00",
        "calendarYear": "2017",
        "period": "Q4",
        "revenue": 2907000000,
        "costOfRevenue": 2472000000,
        "grossProfit": 435000000,
        "grossProfitRatio": 0.1496388029,
        "researchAndDevelopmentExpenses": 0,
        "generalAndAdministrativeExpenses": 0,
        "sellingAndMarketingExpenses": 0,
        "sellingGeneralAndAdministrativeExpenses": 400000000,
        "otherExpenses": 0,
        "operatingExpenses": 400000000,
        "costAndExpenses": 2872000000,
        "interestIncome": 0,
        "interestExpense": 0,
        "depreciationAndAmortization": 48000000,
        "ebitda": 83000000,
        "ebitdaratio": 0.0285517716,
        "operatingIncome": 35000000,
        "operatingIncomeRatio": 0.0120399037,
        "totalOtherIncomeExpensesNet": 39000000,
        "incomeBeforeTax": -3000000,
        "incomeBeforeTaxRatio": -0.0010319917,
        "incomeTaxExpense": -9000000,
        "netIncome": 599000000,
        "netIncomeRatio": 0.2060543516,
        "eps": 15.7,
        "epsdiluted": 15.59,
        "weightedAverageShsOut": 38142819,
        "weightedAverageShsOutDil": 38428533,
        "link": null,
        "finalLink": null
    },
    {
        "date": "2016-11-30",
        "symbol": "SVU",
        "reportedCurrency": "USD",
        "cik": "0000095521",
        "fillingDate": "2016-11-30",
        "acceptedDate": "2016-11-30 00:00:00",
        "calendarYear": "2017",
        "period": "Q3",
        "revenue": 3003000000,
        "costOfRevenue": 2596000000,
        "grossProfit": 407000000,
        "grossProfitRatio": 0.1355311355,
        "researchAndDevelopmentExpenses": 0,
        "generalAndAdministrativeExpenses": 0,
        "sellingAndMarketingExpenses": 0,
        "sellingGeneralAndAdministrativeExpenses": 391000000,
        "otherExpenses": 0,
        "operatingExpenses": 391000000,
        "costAndExpenses": 2987000000,
        "interestIncome": 0,
        "interestExpense": 0,
        "depreciationAndAmortization": 10000000,
        "ebitda": 166000000,
        "ebitdaratio": 0.0552780553,
        "operatingIncome": 1000000,
        "operatingIncomeRatio": 0.0003330003,
        "totalOtherIncomeExpensesNet": -46000000,
        "incomeBeforeTax": -38000000,
        "incomeBeforeTaxRatio": -0.0126540127,
        "incomeTaxExpense": -27000000,
        "netIncome": -26000000,
        "netIncomeRatio": -0.0086580087,
        "eps": -0.69,
        "epsdiluted": -0.69,
        "weightedAverageShsOut": 37857105,
        "weightedAverageShsOutDil": 37857105,
        "link": null,
        "finalLink": null
    },
    {
        "date": "2016-08-31",
        "symbol": "SVU",
        "reportedCurrency": "USD",
        "cik": "0000095521",
        "fillingDate": "2016-08-31",
        "acceptedDate": "2016-08-31 00:00:00",
        "calendarYear": "2017",
        "period": "Q2",
        "revenue": 3865000000,
        "costOfRevenue": 3303000000,
        "grossProfit": 562000000,
        "grossProfitRatio": 0.1454075032,
        "researchAndDevelopmentExpenses": 0,
        "generalAndAdministrativeExpenses": 0,
        "sellingAndMarketingExpenses": 0,
        "sellingGeneralAndAdministrativeExpenses": 474000000,
        "otherExpenses": 0,
        "operatingExpenses": 474000000,
        "costAndExpenses": 3777000000,
        "interestIncome": 0,
        "interestExpense": 0,
        "depreciationAndAmortization": 63000000,
        "ebitda": 151000000,
        "ebitdaratio": 0.039068564,
        "operatingIncome": 88000000,
        "operatingIncomeRatio": 0.0227684347,
        "totalOtherIncomeExpensesNet": -44000000,
        "incomeBeforeTax": 48000000,
        "incomeBeforeTaxRatio": 0.0124191462,
        "incomeTaxExpense": 18000000,
        "netIncome": 31000000,
        "netIncomeRatio": 0.0080206986,
        "eps": 0.82,
        "epsdiluted": 0.81,
        "weightedAverageShsOut": 37857105,
        "weightedAverageShsOutDil": 38142819,
        "link": null,
        "finalLink": null
    },
    {
        "date": "2016-05-31",
        "symbol": "SVU",
        "reportedCurrency": "USD",
        "cik": "0000095521",
        "fillingDate": "2016-05-31",
        "acceptedDate": "2016-05-31 00:00:00",
        "calendarYear": "2017",
        "period": "Q1",
        "revenue": 5196000000,
        "costOfRevenue": 4417000000,
        "grossProfit": 779000000,
        "grossProfitRatio": 0.1499230177,
        "researchAndDevelopmentExpenses": 0,
        "generalAndAdministrativeExpenses": 0,
        "sellingAndMarketingExpenses": 0,
        "sellingGeneralAndAdministrativeExpenses": 646000000,
        "otherExpenses": 0,
        "operatingExpenses": 646000000,
        "costAndExpenses": 5063000000,
        "interestIncome": 0,
        "interestExpense": 0,
        "depreciationAndAmortization": 86000000,
        "ebitda": 219000000,
        "ebitdaratio": 0.042147806,
        "operatingIncome": 133000000,
        "operatingIncomeRatio": 0.0255966128,
        "totalOtherIncomeExpensesNet": -20000000,
        "incomeBeforeTax": 74000000,
        "incomeBeforeTaxRatio": 0.0142417244,
        "incomeTaxExpense": 27000000,
        "netIncome": 46000000,
        "netIncomeRatio": 0.0088529638,
        "eps": 1.22,
        "epsdiluted": 1.21,
        "weightedAverageShsOut": 37714248,
        "weightedAverageShsOutDil": 38142819,
        "link": null,
        "finalLink": null
    },
    {
        "date": "2016-02-29",
        "symbol": "SVU",
        "reportedCurrency": "USD",
        "cik": "0000095521",
        "fillingDate": "2016-02-29",
        "acceptedDate": "2016-02-29 00:00:00",
        "calendarYear": "2016",
        "period": "Q4",
        "revenue": 3946000000,
        "costOfRevenue": 3356000000,
        "grossProfit": 590000000,
        "grossProfitRatio": 0.1495184997,
        "researchAndDevelopmentExpenses": 0,
        "generalAndAdministrativeExpenses": 0,
        "sellingAndMarketingExpenses": 0,
        "sellingGeneralAndAdministrativeExpenses": 489000000,
        "otherExpenses": 0,
        "operatingExpenses": 489000000,
        "costAndExpenses": 3845000000,
        "interestIncome": 0,
        "interestExpense": 0,
        "depreciationAndAmortization": 65000000,
        "ebitda": 166000000,
        "ebitdaratio": 0.0420679169,
        "operatingIncome": 101000000,
        "operatingIncomeRatio": 0.0255955398,
        "totalOtherIncomeExpensesNet": 0,
        "incomeBeforeTax": 55000000,
        "incomeBeforeTaxRatio": 0.0139381652,
        "incomeTaxExpense": 6000000,
        "netIncome": 52000000,
        "netIncomeRatio": 0.0131779017,
        "eps": 1.38,
        "epsdiluted": 1.36,
        "weightedAverageShsOut": 37642820,
        "weightedAverageShsOutDil": 38285676,
        "link": null,
        "finalLink": null
    },
    {
        "date": "2015-11-30",
        "symbol": "SVU",
        "reportedCurrency": "USD",
        "cik": "0000095521",
        "fillingDate": "2015-11-30",
        "acceptedDate": "2015-11-30 00:00:00",
        "calendarYear": "2016",
        "period": "Q3",
        "revenue": 4114000000,
        "costOfRevenue": 3513000000,
        "grossProfit": 601000000,
        "grossProfitRatio": 0.1460865338,
        "researchAndDevelopmentExpenses": 0,
        "generalAndAdministrativeExpenses": 0,
        "sellingAndMarketingExpenses": 0,
        "sellingGeneralAndAdministrativeExpenses": 494000000,
        "otherExpenses": 0,
        "operatingExpenses": 494000000,
        "costAndExpenses": 4007000000,
        "interestIncome": 0,
        "interestExpense": 0,
        "depreciationAndAmortization": 64000000,
        "ebitda": 177000000,
        "ebitdaratio": 0.0430238211,
        "operatingIncome": 101000000,
        "operatingIncomeRatio": 0.024550316,
        "totalOtherIncomeExpensesNet": -86000000,
        "incomeBeforeTax": 57000000,
        "incomeBeforeTaxRatio": 0.0138551288,
        "incomeTaxExpense": 22000000,
        "netIncome": 34000000,
        "netIncomeRatio": 0.0082644628,
        "eps": 0.9,
        "epsdiluted": 0.89,
        "weightedAverageShsOut": 37714248,
        "weightedAverageShsOutDil": 38285676,
        "link": null,
        "finalLink": null
    },
    {
        "date": "2015-08-31",
        "symbol": "SVU",
        "reportedCurrency": "USD",
        "cik": "0000095521",
        "fillingDate": "2015-08-31",
        "acceptedDate": "2015-08-31 00:00:00",
        "calendarYear": "2016",
        "period": "Q2",
        "revenue": 4062000000,
        "costOfRevenue": 3479000000,
        "grossProfit": 583000000,
        "grossProfitRatio": 0.143525357,
        "researchAndDevelopmentExpenses": 0,
        "generalAndAdministrativeExpenses": 0,
        "sellingAndMarketingExpenses": 0,
        "sellingGeneralAndAdministrativeExpenses": 489000000,
        "otherExpenses": 0,
        "operatingExpenses": 489000000,
        "costAndExpenses": 3968000000,
        "interestIncome": 0,
        "interestExpense": 0,
        "depreciationAndAmortization": 64000000,
        "ebitda": 158000000,
        "ebitdaratio": 0.038897095,
        "operatingIncome": 94000000,
        "operatingIncomeRatio": 0.0231413097,
        "totalOtherIncomeExpensesNet": -45000000,
        "incomeBeforeTax": 50000000,
        "incomeBeforeTaxRatio": 0.0123092073,
        "incomeTaxExpense": 19000000,
        "netIncome": 31000000,
        "netIncomeRatio": 0.0076317085,
        "eps": 0.83,
        "epsdiluted": 0.81,
        "weightedAverageShsOut": 37571391,
        "weightedAverageShsOutDil": 38285676,
        "link": null,
        "finalLink": null
    },
    {
        "date": "2015-05-31",
        "symbol": "SVU",
        "reportedCurrency": "USD",
        "cik": "0000095521",
        "fillingDate": "2015-05-31",
        "acceptedDate": "2015-05-31 00:00:00",
        "calendarYear": "2016",
        "period": "Q1",
        "revenue": 5407000000,
        "costOfRevenue": 4597000000,
        "grossProfit": 810000000,
        "grossProfitRatio": 0.1498058073,
        "researchAndDevelopmentExpenses": 0,
        "generalAndAdministrativeExpenses": 0,
        "sellingAndMarketingExpenses": 0,
        "sellingGeneralAndAdministrativeExpenses": 652000000,
        "otherExpenses": 0,
        "operatingExpenses": 652000000,
        "costAndExpenses": 5249000000,
        "interestIncome": 0,
        "interestExpense": 0,
        "depreciationAndAmortization": 83000000,
        "ebitda": 241000000,
        "ebitdaratio": 0.0445718513,
        "operatingIncome": 158000000,
        "operatingIncomeRatio": 0.0292213797,
        "totalOtherIncomeExpensesNet": 7000000,
        "incomeBeforeTax": 101000000,
        "incomeBeforeTaxRatio": 0.0186794896,
        "incomeTaxExpense": 38000000,
        "netIncome": 61000000,
        "netIncomeRatio": 0.0112816719,
        "eps": 1.63,
        "epsdiluted": 1.59,
        "weightedAverageShsOut": 37428534,
        "weightedAverageShsOutDil": 38285676,
        "link": null,
        "finalLink": null
    },
    {
        "date": "2015-02-28",
        "symbol": "SVU",
        "reportedCurrency": "USD",
        "cik": "0000095521",
        "fillingDate": "2015-02-28",
        "acceptedDate": "2015-02-28 00:00:00",
        "calendarYear": "2015",
        "period": "Q4",
        "revenue": 4364000000,
        "costOfRevenue": 3703000000,
        "grossProfit": 661000000,
        "grossProfitRatio": 0.1514665445,
        "researchAndDevelopmentExpenses": 0,
        "generalAndAdministrativeExpenses": 0,
        "sellingAndMarketingExpenses": 0,
        "sellingGeneralAndAdministrativeExpenses": 522000000,
        "otherExpenses": 0,
        "operatingExpenses": 522000000,
        "costAndExpenses": 4225000000,
        "interestIncome": 0,
        "interestExpense": 0,
        "depreciationAndAmortization": 66000000,
        "ebitda": 224000000,
        "ebitdaratio": 0.0513290559,
        "operatingIncome": 139000000,
        "operatingIncomeRatio": 0.0318515124,
        "totalOtherIncomeExpensesNet": -63000000,
        "incomeBeforeTax": 53000000,
        "incomeBeforeTaxRatio": 0.0121448213,
        "incomeTaxExpense": 17000000,
        "netIncome": 39000000,
        "netIncomeRatio": 0.0089367553,
        "eps": 1.05,
        "epsdiluted": 1.03,
        "weightedAverageShsOut": 37214249,
        "weightedAverageShsOutDil": 37785677,
        "link": null,
        "finalLink": null
    },
    {
        "date": "2014-11-30",
        "symbol": "SVU",
        "reportedCurrency": "USD",
        "cik": "0000095521",
        "fillingDate": "2014-11-30",
        "acceptedDate": "2014-11-30 00:00:00",
        "calendarYear": "2015",
        "period": "Q3",
        "revenue": 4204000000,
        "costOfRevenue": 3611000000,
        "grossProfit": 593000000,
        "grossProfitRatio": 0.141056137,
        "researchAndDevelopmentExpenses": 0,
        "generalAndAdministrativeExpenses": 0,
        "sellingAndMarketingExpenses": 0,
        "sellingGeneralAndAdministrativeExpenses": 537000000,
        "otherExpenses": 0,
        "operatingExpenses": 537000000,
        "costAndExpenses": 4148000000,
        "interestIncome": 0,
        "interestExpense": 0,
        "depreciationAndAmortization": 65000000,
        "ebitda": 121000000,
        "ebitdaratio": 0.0287821123,
        "operatingIncome": 56000000,
        "operatingIncomeRatio": 0.013320647,
        "totalOtherIncomeExpensesNet": 8000000,
        "incomeBeforeTax": 11000000,
        "incomeBeforeTaxRatio": 0.0026165557,
        "incomeTaxExpense": -1000000,
        "netIncome": 79000000,
        "netIncomeRatio": 0.018791627,
        "eps": 2.12,
        "epsdiluted": 2.09,
        "weightedAverageShsOut": 37285677,
        "weightedAverageShsOutDil": 37857105,
        "link": null,
        "finalLink": null
    },
    {
        "date": "2014-08-31",
        "symbol": "SVU",
        "reportedCurrency": "USD",
        "cik": "0000095521",
        "fillingDate": "2014-08-31",
        "acceptedDate": "2014-08-31 00:00:00",
        "calendarYear": "2015",
        "period": "Q2",
        "revenue": 4018000000,
        "costOfRevenue": 3446000000,
        "grossProfit": 572000000,
        "grossProfitRatio": 0.1423593828,
        "researchAndDevelopmentExpenses": 0,
        "generalAndAdministrativeExpenses": 0,
        "sellingAndMarketingExpenses": 0,
        "sellingGeneralAndAdministrativeExpenses": 478000000,
        "otherExpenses": 0,
        "operatingExpenses": 478000000,
        "costAndExpenses": 3924000000,
        "interestIncome": 0,
        "interestExpense": 0,
        "depreciationAndAmortization": 65000000,
        "ebitda": 159000000,
        "ebitdaratio": 0.0395719263,
        "operatingIncome": 94000000,
        "operatingIncomeRatio": 0.0233947237,
        "totalOtherIncomeExpensesNet": -41000000,
        "incomeBeforeTax": 49000000,
        "incomeBeforeTaxRatio": 0.012195122,
        "incomeTaxExpense": 18000000,
        "netIncome": 31000000,
        "netIncomeRatio": 0.0077152812,
        "eps": 0.83,
        "epsdiluted": 0.82,
        "weightedAverageShsOut": 37142820,
        "weightedAverageShsOutDil": 37714248,
        "link": null,
        "finalLink": null
    },
    {
        "date": "2014-05-31",
        "symbol": "SVU",
        "reportedCurrency": "USD",
        "cik": "0000095521",
        "fillingDate": "2014-05-31",
        "acceptedDate": "2014-05-31 00:00:00",
        "calendarYear": "2015",
        "period": "Q1",
        "revenue": 5234000000,
        "costOfRevenue": 4482000000,
        "grossProfit": 752000000,
        "grossProfitRatio": 0.1436759648,
        "researchAndDevelopmentExpenses": 0,
        "generalAndAdministrativeExpenses": 0,
        "sellingAndMarketingExpenses": 0,
        "sellingGeneralAndAdministrativeExpenses": 617000000,
        "otherExpenses": 0,
        "operatingExpenses": 617000000,
        "costAndExpenses": 5099000000,
        "interestIncome": 0,
        "interestExpense": 0,
        "depreciationAndAmortization": 89000000,
        "ebitda": 224000000,
        "ebitdaratio": 0.0427970959,
        "operatingIncome": 135000000,
        "operatingIncomeRatio": 0.0257928926,
        "totalOtherIncomeExpensesNet": -51000000,
        "incomeBeforeTax": 72000000,
        "incomeBeforeTaxRatio": 0.0137562094,
        "incomeTaxExpense": 24000000,
        "netIncome": 43000000,
        "netIncomeRatio": 0.0082155139,
        "eps": 1.16,
        "epsdiluted": 1.15,
        "weightedAverageShsOut": 37142820,
        "weightedAverageShsOutDil": 37428534,
        "link": null,
        "finalLink": null
    },
    {
        "date": "2014-02-28",
        "symbol": "SVU",
        "reportedCurrency": "USD",
        "cik": "0000095521",
        "fillingDate": "2014-02-28",
        "acceptedDate": "2014-02-28 00:00:00",
        "calendarYear": "2014",
        "period": "Q4",
        "revenue": 3953000000,
        "costOfRevenue": 3363000000,
        "grossProfit": 590000000,
        "grossProfitRatio": 0.1492537313,
        "researchAndDevelopmentExpenses": 0,
        "generalAndAdministrativeExpenses": 0,
        "sellingAndMarketingExpenses": 0,
        "sellingGeneralAndAdministrativeExpenses": 471000000,
        "otherExpenses": 0,
        "operatingExpenses": 471000000,
        "costAndExpenses": 3834000000,
        "interestIncome": 0,
        "interestExpense": 0,
        "depreciationAndAmortization": 67000000,
        "ebitda": 186000000,
        "ebitdaratio": 0.0470528712,
        "operatingIncome": 119000000,
        "operatingIncomeRatio": 0.0301037187,
        "totalOtherIncomeExpensesNet": -249000000,
        "incomeBeforeTax": 64000000,
        "incomeBeforeTaxRatio": 0.0161902353,
        "incomeTaxExpense": 24000000,
        "netIncome": 26000000,
        "netIncomeRatio": 0.0065772831,
        "eps": 0.71,
        "epsdiluted": 0.7,
        "weightedAverageShsOut": 36714249,
        "weightedAverageShsOutDil": 37142820,
        "link": null,
        "finalLink": null
    },
    {
        "date": "2013-11-30",
        "symbol": "SVU",
        "reportedCurrency": "USD",
        "cik": "0000095521",
        "fillingDate": "2013-11-30",
        "acceptedDate": "2013-11-30 00:00:00",
        "calendarYear": "2014",
        "period": "Q3",
        "revenue": 4012000000,
        "costOfRevenue": 3443000000,
        "grossProfit": 569000000,
        "grossProfitRatio": 0.1418245264,
        "researchAndDevelopmentExpenses": 0,
        "generalAndAdministrativeExpenses": 0,
        "sellingAndMarketingExpenses": 0,
        "sellingGeneralAndAdministrativeExpenses": 464000000,
        "otherExpenses": 0,
        "operatingExpenses": 464000000,
        "costAndExpenses": 3907000000,
        "interestIncome": 0,
        "interestExpense": 0,
        "depreciationAndAmortization": 67000000,
        "ebitda": -211000000,
        "ebitdaratio": -0.0525922233,
        "operatingIncome": 105000000,
        "operatingIncomeRatio": 0.0261714855,
        "totalOtherIncomeExpensesNet": -381000000,
        "incomeBeforeTax": 53000000,
        "incomeBeforeTaxRatio": 0.0132103689,
        "incomeTaxExpense": 21000000,
        "netIncome": 31000000,
        "netIncomeRatio": 0.0077268195,
        "eps": 0.84,
        "epsdiluted": 0.83,
        "weightedAverageShsOut": 36999963,
        "weightedAverageShsOutDil": 37428534,
        "link": null,
        "finalLink": null
    },
    {
        "date": "2013-08-31",
        "symbol": "SVU",
        "reportedCurrency": "USD",
        "cik": "0000095521",
        "fillingDate": "2013-08-31",
        "acceptedDate": "2013-08-31 00:00:00",
        "calendarYear": "2014",
        "period": "Q2",
        "revenue": 3948000000,
        "costOfRevenue": 3371000000,
        "grossProfit": 577000000,
        "grossProfitRatio": 0.1461499493,
        "researchAndDevelopmentExpenses": 0,
        "generalAndAdministrativeExpenses": 0,
        "sellingAndMarketingExpenses": 0,
        "sellingGeneralAndAdministrativeExpenses": 465000000,
        "otherExpenses": 0,
        "operatingExpenses": 465000000,
        "costAndExpenses": 3836000000,
        "interestIncome": 0,
        "interestExpense": 0,
        "depreciationAndAmortization": 70000000,
        "ebitda": 182000000,
        "ebitdaratio": 0.0460992908,
        "operatingIncome": 112000000,
        "operatingIncomeRatio": 0.0283687943,
        "totalOtherIncomeExpensesNet": -51000000,
        "incomeBeforeTax": 61000000,
        "incomeBeforeTaxRatio": 0.0154508612,
        "incomeTaxExpense": 22000000,
        "netIncome": 40000000,
        "netIncomeRatio": 0.0101317123,
        "eps": 1.09,
        "epsdiluted": 1.07,
        "weightedAverageShsOut": 36857106,
        "weightedAverageShsOutDil": 37285677,
        "link": null,
        "finalLink": null
    },
    {
        "date": "2013-05-31",
        "symbol": "SVU",
        "reportedCurrency": "USD",
        "cik": "0000095521",
        "fillingDate": "2013-05-31",
        "acceptedDate": "2013-05-31 00:00:00",
        "calendarYear": "2014",
        "period": "Q1",
        "revenue": 5158000000,
        "costOfRevenue": 4446000000,
        "grossProfit": 712000000,
        "grossProfitRatio": 0.1380379992,
        "researchAndDevelopmentExpenses": 0,
        "generalAndAdministrativeExpenses": 0,
        "sellingAndMarketingExpenses": 0,
        "sellingGeneralAndAdministrativeExpenses": 630000000,
        "otherExpenses": 0,
        "operatingExpenses": 630000000,
        "costAndExpenses": 5076000000,
        "interestIncome": 0,
        "interestExpense": 0,
        "depreciationAndAmortization": 98000000,
        "ebitda": 180000000,
        "ebitdaratio": 0.034897247,
        "operatingIncome": 82000000,
        "operatingIncomeRatio": 0.0158976347,
        "totalOtherIncomeExpensesNet": -249000000,
        "incomeBeforeTax": -167000000,
        "incomeBeforeTaxRatio": -0.0323768903,
        "incomeTaxExpense": -62000000,
        "netIncome": 85000000,
        "netIncomeRatio": 0.0164792555,
        "eps": 2.42,
        "epsdiluted": 2.38,
        "weightedAverageShsOut": 35142822,
        "weightedAverageShsOutDil": 35714250,
        "link": null,
        "finalLink": null
    },
    {
        "date": "2013-02-28",
        "symbol": "SVU",
        "reportedCurrency": "USD",
        "cik": "0000095521",
        "fillingDate": "2013-02-28",
        "acceptedDate": "2013-02-28 00:00:00",
        "calendarYear": "2013",
        "period": "Q4",
        "revenue": 3890000000,
        "costOfRevenue": 3342000000,
        "grossProfit": 548000000,
        "grossProfitRatio": 0.140874036,
        "researchAndDevelopmentExpenses": 0,
        "generalAndAdministrativeExpenses": 0,
        "sellingAndMarketingExpenses": 0,
        "sellingGeneralAndAdministrativeExpenses": 759000000,
        "otherExpenses": 0,
        "operatingExpenses": 759000000,
        "costAndExpenses": 4101000000,
        "interestIncome": 0,
        "interestExpense": 0,
        "depreciationAndAmortization": -314000000,
        "ebitda": -205000000,
        "ebitdaratio": -0.0526992288,
        "operatingIncome": -217000000,
        "operatingIncomeRatio": -0.0557840617,
        "totalOtherIncomeExpensesNet": -59000000,
        "incomeBeforeTax": -276000000,
        "incomeBeforeTaxRatio": -0.0709511568,
        "incomeTaxExpense": -97000000,
        "netIncome": -1412000000,
        "netIncomeRatio": -0.3629820051,
        "eps": -46.62,
        "epsdiluted": -46.62,
        "weightedAverageShsOut": 30285684,
        "weightedAverageShsOutDil": 30285684,
        "link": null,
        "finalLink": null
    },
    {
        "date": "2012-12-01",
        "symbol": "SVU",
        "reportedCurrency": "USD",
        "cik": "0000095521",
        "fillingDate": "2013-01-10",
        "acceptedDate": "2013-01-10 12:30:17",
        "calendarYear": "2013",
        "period": "Q3",
        "revenue": 7913000000,
        "costOfRevenue": 6234000000,
        "grossProfit": 1679000000,
        "grossProfitRatio": 0.2121824845,
        "researchAndDevelopmentExpenses": 0,
        "generalAndAdministrativeExpenses": 0,
        "sellingAndMarketingExpenses": 0,
        "sellingGeneralAndAdministrativeExpenses": 1522000000,
        "otherExpenses": 0,
        "operatingExpenses": 1522000000,
        "costAndExpenses": 7756000000,
        "interestIncome": 0,
        "interestExpense": -126000000,
        "depreciationAndAmortization": 201000000,
        "ebitda": 106000000,
        "ebitdaratio": 0.013395678,
        "operatingIncome": -95000000,
        "operatingIncomeRatio": -0.0120055605,
        "totalOtherIncomeExpensesNet": 126000000,
        "incomeBeforeTax": 31000000,
        "incomeBeforeTaxRatio": 0.0039176039,
        "incomeTaxExpense": 15000000,
        "netIncome": 16000000,
        "netIncomeRatio": 0.0020219891,
        "eps": 0.53,
        "epsdiluted": 0.52,
        "weightedAverageShsOut": 30285684,
        "weightedAverageShsOutDil": 30571398,
        "link": "https://www.sec.gov/Archives/edgar/data/95521/000119312513009544/0001193125-13-009544-index.html",
        "finalLink": "https://www.sec.gov/Archives/edgar/data/95521/000119312513009544/d445321d10q.htm"
    },
    {
        "date": "2012-09-08",
        "symbol": "SVU",
        "reportedCurrency": "USD",
        "cik": "0000095521",
        "fillingDate": "2012-10-19",
        "acceptedDate": "2012-10-18 17:37:23",
        "calendarYear": "2013",
        "period": "Q2",
        "revenue": 8039000000,
        "costOfRevenue": 6319000000,
        "grossProfit": 1720000000,
        "grossProfitRatio": 0.2139569598,
        "researchAndDevelopmentExpenses": 0,
        "generalAndAdministrativeExpenses": 0,
        "sellingAndMarketingExpenses": 0,
        "sellingGeneralAndAdministrativeExpenses": 1687000000,
        "otherExpenses": 0,
        "operatingExpenses": 1687000000,
        "costAndExpenses": 8006000000,
        "interestIncome": 0,
        "interestExpense": 141000000,
        "depreciationAndAmortization": 202000000,
        "ebitda": 161000000,
        "ebitdaratio": 0.0200273666,
        "operatingIncome": -41000000,
        "operatingIncomeRatio": -0.0051001368,
        "totalOtherIncomeExpensesNet": -141000000,
        "incomeBeforeTax": -182000000,
        "incomeBeforeTaxRatio": -0.0226396318,
        "incomeTaxExpense": -71000000,
        "netIncome": -111000000,
        "netIncomeRatio": -0.0138076875,
        "eps": -3.67,
        "epsdiluted": -3.67,
        "weightedAverageShsOut": 30285684,
        "weightedAverageShsOutDil": 30285684,
        "link": "https://www.sec.gov/Archives/edgar/data/95521/000119312512427631/0001193125-12-427631-index.html",
        "finalLink": "https://www.sec.gov/Archives/edgar/data/95521/000119312512427631/d410300d10q.htm"
    },
    {
        "date": "2012-06-16",
        "symbol": "SVU",
        "reportedCurrency": "USD",
        "cik": "0000095521",
        "fillingDate": "2012-07-23",
        "acceptedDate": "2012-07-20 15:25:49",
        "calendarYear": "2013",
        "period": "Q1",
        "revenue": 10590000000,
        "costOfRevenue": 8265000000,
        "grossProfit": 2325000000,
        "grossProfitRatio": 0.2195467422,
        "researchAndDevelopmentExpenses": 0,
        "generalAndAdministrativeExpenses": 0,
        "sellingAndMarketingExpenses": 0,
        "sellingGeneralAndAdministrativeExpenses": 2116000000,
        "otherExpenses": 0,
        "operatingExpenses": 2116000000,
        "costAndExpenses": 10381000000,
        "interestIncome": 0,
        "interestExpense": -155000000,
        "depreciationAndAmortization": 276000000,
        "ebitda": 175000000,
        "ebitdaratio": 0.0165250236,
        "operatingIncome": -101000000,
        "operatingIncomeRatio": -0.0095372993,
        "totalOtherIncomeExpensesNet": 155000000,
        "incomeBeforeTax": 54000000,
        "incomeBeforeTaxRatio": 0.0050991501,
        "incomeTaxExpense": 13000000,
        "netIncome": 41000000,
        "netIncomeRatio": 0.003871577,
        "eps": 1.35,
        "epsdiluted": 1.34,
        "weightedAverageShsOut": 30285684,
        "weightedAverageShsOutDil": 30571398,
        "link": "https://www.sec.gov/Archives/edgar/data/95521/000119312512309279/0001193125-12-309279-index.html",
        "finalLink": "https://www.sec.gov/Archives/edgar/data/95521/000119312512309279/d356627d10q.htm"
    },
    {
        "date": "2012-02-29",
        "symbol": "SVU",
        "reportedCurrency": "USD",
        "cik": "0000095521",
        "fillingDate": "2012-02-29",
        "acceptedDate": "2012-02-28 19:00:00",
        "calendarYear": "2012",
        "period": "Q4",
        "revenue": 8231000000,
        "costOfRevenue": 6353000000,
        "grossProfit": 1878000000,
        "grossProfitRatio": 0.2281618272,
        "researchAndDevelopmentExpenses": 0,
        "generalAndAdministrativeExpenses": 0,
        "sellingAndMarketingExpenses": 0,
        "sellingGeneralAndAdministrativeExpenses": 1660000000,
        "otherExpenses": 0,
        "operatingExpenses": 1660000000,
        "costAndExpenses": 8013000000,
        "interestIncome": 0,
        "interestExpense": -115000000,
        "depreciationAndAmortization": 204000000,
        "ebitda": -333000000,
        "ebitdaratio": -0.0404568096,
        "operatingIncome": -537000000,
        "operatingIncomeRatio": -0.0652411615,
        "totalOtherIncomeExpensesNet": 115000000,
        "incomeBeforeTax": -422000000,
        "incomeBeforeTaxRatio": -0.0512695906,
        "incomeTaxExpense": 2000000,
        "netIncome": -424000000,
        "netIncomeRatio": -0.0515125744,
        "eps": -14,
        "epsdiluted": -13.87,
        "weightedAverageShsOut": 30285684,
        "weightedAverageShsOutDil": 30571398,
        "link": "",
        "finalLink": ""
    },
    {
        "date": "2011-12-03",
        "symbol": "SVU",
        "reportedCurrency": "USD",
        "cik": "0000095521",
        "fillingDate": "2012-01-12",
        "acceptedDate": "2012-01-11 14:32:56",
        "calendarYear": "2012",
        "period": "Q3",
        "revenue": 8327000000,
        "costOfRevenue": 6518000000,
        "grossProfit": 1809000000,
        "grossProfitRatio": 0.2172451063,
        "researchAndDevelopmentExpenses": 0,
        "generalAndAdministrativeExpenses": 0,
        "sellingAndMarketingExpenses": 0,
        "sellingGeneralAndAdministrativeExpenses": 1610000000,
        "otherExpenses": 0,
        "operatingExpenses": 1610000000,
        "costAndExpenses": 8128000000,
        "interestIncome": 0,
        "interestExpense": -119000000,
        "depreciationAndAmortization": 202000000,
        "ebitda": -744000000,
        "ebitdaratio": -0.0893479044,
        "operatingIncome": -946000000,
        "operatingIncomeRatio": -0.1136063408,
        "totalOtherIncomeExpensesNet": 119000000,
        "incomeBeforeTax": -827000000,
        "incomeBeforeTaxRatio": -0.0993154798,
        "incomeTaxExpense": -77000000,
        "netIncome": -750000000,
        "netIncomeRatio": -0.090068452,
        "eps": -24.76,
        "epsdiluted": -24.76,
        "weightedAverageShsOut": 30285684,
        "weightedAverageShsOutDil": 30285684,
        "link": "https://www.sec.gov/Archives/edgar/data/95521/000119312512009623/0001193125-12-009623-index.html",
        "finalLink": "https://www.sec.gov/Archives/edgar/data/95521/000119312512009623/d262847d10q.htm"
    },
    {
        "date": "2011-09-10",
        "symbol": "SVU",
        "reportedCurrency": "USD",
        "cik": "0000095521",
        "fillingDate": "2011-10-20",
        "acceptedDate": "2011-10-19 14:43:56",
        "calendarYear": "2012",
        "period": "Q2",
        "revenue": 8429000000,
        "costOfRevenue": 6556000000,
        "grossProfit": 1873000000,
        "grossProfitRatio": 0.2222090402,
        "researchAndDevelopmentExpenses": 0,
        "generalAndAdministrativeExpenses": 0,
        "sellingAndMarketingExpenses": 0,
        "sellingGeneralAndAdministrativeExpenses": 1657000000,
        "otherExpenses": 0,
        "operatingExpenses": 1657000000,
        "costAndExpenses": 8213000000,
        "interestIncome": 0,
        "interestExpense": -120000000,
        "depreciationAndAmortization": 201000000,
        "ebitda": 177000000,
        "ebitdaratio": 0.0209989323,
        "operatingIncome": -24000000,
        "operatingIncomeRatio": -0.0028473128,
        "totalOtherIncomeExpensesNet": 120000000,
        "incomeBeforeTax": 96000000,
        "incomeBeforeTaxRatio": 0.0113892514,
        "incomeTaxExpense": 36000000,
        "netIncome": 60000000,
        "netIncomeRatio": 0.0071182821,
        "eps": 1.98,
        "epsdiluted": 1.97,
        "weightedAverageShsOut": 30285684,
        "weightedAverageShsOutDil": 30428541,
        "link": "https://www.sec.gov/Archives/edgar/data/95521/000095012311090775/0000950123-11-090775-index.html",
        "finalLink": "https://www.sec.gov/Archives/edgar/data/95521/000095012311090775/c66266e10vq.htm"
    },
    {
        "date": "2011-06-30",
        "symbol": "SVU",
        "reportedCurrency": "USD",
        "cik": "0000095521",
        "fillingDate": "2011-06-30",
        "acceptedDate": "2011-06-29 20:00:00",
        "calendarYear": "2012",
        "period": "Q1",
        "revenue": 11113000000,
        "costOfRevenue": 8654000000,
        "grossProfit": 2459000000,
        "grossProfitRatio": 0.2212723837,
        "researchAndDevelopmentExpenses": 0,
        "generalAndAdministrativeExpenses": 0,
        "sellingAndMarketingExpenses": 0,
        "sellingGeneralAndAdministrativeExpenses": 2179000000,
        "otherExpenses": 0,
        "operatingExpenses": 2179000000,
        "costAndExpenses": 10833000000,
        "interestIncome": 0,
        "interestExpense": -155000000,
        "depreciationAndAmortization": 277000000,
        "ebitda": 247000000,
        "ebitdaratio": 0.0222262215,
        "operatingIncome": -30000000,
        "operatingIncomeRatio": -0.0026995411,
        "totalOtherIncomeExpensesNet": 155000000,
        "incomeBeforeTax": 125000000,
        "incomeBeforeTaxRatio": 0.0112480878,
        "incomeTaxExpense": 51000000,
        "netIncome": 74000000,
        "netIncomeRatio": 0.006658868,
        "eps": 2.44,
        "epsdiluted": 2.43,
        "weightedAverageShsOut": 30285684,
        "weightedAverageShsOutDil": 30428541,
        "link": "",
        "finalLink": ""
    },
    {
        "date": "2011-02-28",
        "symbol": "SVU",
        "reportedCurrency": "USD",
        "cik": "0000095521",
        "fillingDate": "2011-02-28",
        "acceptedDate": "2011-02-27 19:00:00",
        "calendarYear": "2011",
        "period": "Q4",
        "revenue": 8660000000,
        "costOfRevenue": 6644000000,
        "grossProfit": 2016000000,
        "grossProfitRatio": 0.2327944573,
        "researchAndDevelopmentExpenses": 0,
        "generalAndAdministrativeExpenses": 0,
        "sellingAndMarketingExpenses": 0,
        "sellingGeneralAndAdministrativeExpenses": 1767000000,
        "otherExpenses": 0,
        "operatingExpenses": 1767000000,
        "costAndExpenses": 8411000000,
        "interestIncome": 0,
        "interestExpense": -120000000,
        "depreciationAndAmortization": 211000000,
        "ebitda": 190000000,
        "ebitdaratio": 0.0219399538,
        "operatingIncome": -21000000,
        "operatingIncomeRatio": -0.0024249423,
        "totalOtherIncomeExpensesNet": 120000000,
        "incomeBeforeTax": 99000000,
        "incomeBeforeTaxRatio": 0.0114318707,
        "incomeTaxExpense": 4000000,
        "netIncome": 95000000,
        "netIncomeRatio": 0.0109699769,
        "eps": 3.14,
        "epsdiluted": 3.12,
        "weightedAverageShsOut": 30285684,
        "weightedAverageShsOutDil": 30428541,
        "link": "",
        "finalLink": ""
    },
    {
        "date": "2010-12-04",
        "symbol": "SVU",
        "reportedCurrency": "USD",
        "cik": "0000095521",
        "fillingDate": "2011-01-13",
        "acceptedDate": "2011-01-12 19:00:00",
        "calendarYear": "2011",
        "period": "Q3",
        "revenue": 8673000000,
        "costOfRevenue": 6808000000,
        "grossProfit": 1865000000,
        "grossProfitRatio": 0.2150351666,
        "researchAndDevelopmentExpenses": 0,
        "generalAndAdministrativeExpenses": 0,
        "sellingAndMarketingExpenses": 0,
        "sellingGeneralAndAdministrativeExpenses": 1724000000,
        "otherExpenses": 0,
        "operatingExpenses": 1724000000,
        "costAndExpenses": 8532000000,
        "interestIncome": 0,
        "interestExpense": 124000000,
        "depreciationAndAmortization": 212000000,
        "ebitda": 113000000,
        "ebitdaratio": 0.0130289404,
        "operatingIncome": -99000000,
        "operatingIncomeRatio": -0.0114147354,
        "totalOtherIncomeExpensesNet": -124000000,
        "incomeBeforeTax": -223000000,
        "incomeBeforeTaxRatio": -0.0257119797,
        "incomeTaxExpense": -21000000,
        "netIncome": -202000000,
        "netIncomeRatio": -0.0232906722,
        "eps": -6.67,
        "epsdiluted": -6.67,
        "weightedAverageShsOut": 30285684,
        "weightedAverageShsOutDil": 30285684,
        "link": "https://www.sec.gov/Archives/edgar/data/95521/000095012311002407/0000950123-11-002407-index.htm",
        "finalLink": "https://www.sec.gov/Archives/edgar/data/95521/000095012311002407/c61273e10vq.htm"
    },
    {
        "date": "2010-09-11",
        "symbol": "SVU",
        "reportedCurrency": "USD",
        "cik": "0000095521",
        "fillingDate": "2010-10-20",
        "acceptedDate": "2010-10-20 13:12:08",
        "calendarYear": "2011",
        "period": "Q2",
        "revenue": 8656000000,
        "costOfRevenue": 6724000000,
        "grossProfit": 1932000000,
        "grossProfitRatio": 0.2231977819,
        "researchAndDevelopmentExpenses": 0,
        "generalAndAdministrativeExpenses": 0,
        "sellingAndMarketingExpenses": 0,
        "sellingGeneralAndAdministrativeExpenses": 1729000000,
        "otherExpenses": 0,
        "operatingExpenses": 1729000000,
        "costAndExpenses": 8453000000,
        "interestIncome": 0,
        "interestExpense": 129000000,
        "depreciationAndAmortization": 214000000,
        "ebitda": -1183000000,
        "ebitdaratio": -0.136668207,
        "operatingIncome": -1397000000,
        "operatingIncomeRatio": -0.1613909427,
        "totalOtherIncomeExpensesNet": -129000000,
        "incomeBeforeTax": -1526000000,
        "incomeBeforeTaxRatio": -0.1762939002,
        "incomeTaxExpense": -56000000,
        "netIncome": -1470000000,
        "netIncomeRatio": -0.1698243993,
        "eps": -48.54,
        "epsdiluted": -48.54,
        "weightedAverageShsOut": 30285684,
        "weightedAverageShsOutDil": 30285684,
        "link": "https://www.sec.gov/Archives/edgar/data/95521/000095012310094629/0000950123-10-094629-index.html",
        "finalLink": "https://www.sec.gov/Archives/edgar/data/95521/000095012310094629/c59629e10vq.htm"
    },
    {
        "date": "2010-06-19",
        "symbol": "SVU",
        "reportedCurrency": "USD",
        "cik": "0000095521",
        "fillingDate": "2010-07-28",
        "acceptedDate": "2010-07-28 12:42:15",
        "calendarYear": "2011",
        "period": "Q1",
        "revenue": 11545000000,
        "costOfRevenue": 8948000000,
        "grossProfit": 2597000000,
        "grossProfitRatio": 0.224945864,
        "researchAndDevelopmentExpenses": 0,
        "generalAndAdministrativeExpenses": 0,
        "sellingAndMarketingExpenses": 0,
        "sellingGeneralAndAdministrativeExpenses": 2296000000,
        "otherExpenses": 0,
        "operatingExpenses": 2296000000,
        "costAndExpenses": 11244000000,
        "interestIncome": 0,
        "interestExpense": 174000000,
        "depreciationAndAmortization": 288000000,
        "ebitda": 589000000,
        "ebitdaratio": 0.0510177566,
        "operatingIncome": 301000000,
        "operatingIncomeRatio": 0.0260718926,
        "totalOtherIncomeExpensesNet": -174000000,
        "incomeBeforeTax": 127000000,
        "incomeBeforeTaxRatio": 0.0110004331,
        "incomeTaxExpense": 60000000,
        "netIncome": 67000000,
        "netIncomeRatio": 0.0058033781,
        "eps": 2.21,
        "epsdiluted": 2.2,
        "weightedAverageShsOut": 30285684,
        "weightedAverageShsOutDil": 30428541,
        "link": "https://www.sec.gov/Archives/edgar/data/95521/000095012310069089/0000950123-10-069089-index.html",
        "finalLink": "https://www.sec.gov/Archives/edgar/data/95521/000095012310069089/c58164e10vq.htm"
    },
    {
        "date": "2010-02-28",
        "symbol": "SVU",
        "reportedCurrency": "USD",
        "cik": "0000095521",
        "fillingDate": "2010-02-28",
        "acceptedDate": "2010-02-27 19:00:00",
        "calendarYear": "2010",
        "period": "Q4",
        "revenue": 9205000000,
        "costOfRevenue": 7048000000,
        "grossProfit": 2157000000,
        "grossProfitRatio": 0.2343291689,
        "researchAndDevelopmentExpenses": 0,
        "generalAndAdministrativeExpenses": 0,
        "sellingAndMarketingExpenses": 0,
        "sellingGeneralAndAdministrativeExpenses": 1871000000,
        "otherExpenses": 0,
        "operatingExpenses": 1871000000,
        "costAndExpenses": 8919000000,
        "interestIncome": 0,
        "interestExpense": -130000000,
        "depreciationAndAmortization": 222000000,
        "ebitda": 248000000,
        "ebitdaratio": 0.0269418794,
        "operatingIncome": 26000000,
        "operatingIncomeRatio": 0.0028245519,
        "totalOtherIncomeExpensesNet": 130000000,
        "incomeBeforeTax": 156000000,
        "incomeBeforeTaxRatio": 0.0169473112,
        "incomeTaxExpense": 59000000,
        "netIncome": 97000000,
        "netIncomeRatio": 0.0105377512,
        "eps": 3.2,
        "epsdiluted": 3.19,
        "weightedAverageShsOut": 30285684,
        "weightedAverageShsOutDil": 30428541,
        "link": "",
        "finalLink": ""
    },
    {
        "date": "2009-12-05",
        "symbol": "SVU",
        "reportedCurrency": "USD",
        "cik": "0000095521",
        "fillingDate": "2010-01-14",
        "acceptedDate": "2010-01-13 13:27:34",
        "calendarYear": "2010",
        "period": "Q3",
        "revenue": 9216000000,
        "costOfRevenue": 7156000000,
        "grossProfit": 2060000000,
        "grossProfitRatio": 0.2235243056,
        "researchAndDevelopmentExpenses": 0,
        "generalAndAdministrativeExpenses": 0,
        "sellingAndMarketingExpenses": 0,
        "sellingGeneralAndAdministrativeExpenses": 1752000000,
        "otherExpenses": 0,
        "operatingExpenses": 1752000000,
        "costAndExpenses": 8908000000,
        "interestIncome": 0,
        "interestExpense": 131000000,
        "depreciationAndAmortization": 220000000,
        "ebitda": 528000000,
        "ebitdaratio": 0.0572916667,
        "operatingIncome": 308000000,
        "operatingIncomeRatio": 0.0334201389,
        "totalOtherIncomeExpensesNet": -131000000,
        "incomeBeforeTax": 177000000,
        "incomeBeforeTaxRatio": 0.0192057292,
        "incomeTaxExpense": 68000000,
        "netIncome": 109000000,
        "netIncomeRatio": 0.0118272569,
        "eps": 3.6,
        "epsdiluted": 3.58,
        "weightedAverageShsOut": 30285684,
        "weightedAverageShsOutDil": 30428541,
        "link": "https://www.sec.gov/Archives/edgar/data/95521/000095012310002359/0000950123-10-002359-index.html",
        "finalLink": "https://www.sec.gov/Archives/edgar/data/95521/000095012310002359/c55113e10vq.htm"
    },
    {
        "date": "2009-09-12",
        "symbol": "SVU",
        "reportedCurrency": "USD",
        "cik": "0000095521",
        "fillingDate": "2009-10-21",
        "acceptedDate": "2009-10-21 12:54:21",
        "calendarYear": "2010",
        "period": "Q2",
        "revenue": 9461000000,
        "costOfRevenue": 7372000000,
        "grossProfit": 2089000000,
        "grossProfitRatio": 0.2208011838,
        "researchAndDevelopmentExpenses": 0,
        "generalAndAdministrativeExpenses": 0,
        "sellingAndMarketingExpenses": 0,
        "sellingGeneralAndAdministrativeExpenses": 1844000000,
        "otherExpenses": 0,
        "operatingExpenses": 1844000000,
        "costAndExpenses": 9216000000,
        "interestIncome": 0,
        "interestExpense": 131000000,
        "depreciationAndAmortization": 218000000,
        "ebitda": 463000000,
        "ebitdaratio": 0.0489377444,
        "operatingIncome": 245000000,
        "operatingIncomeRatio": 0.0258957827,
        "totalOtherIncomeExpensesNet": -131000000,
        "incomeBeforeTax": 114000000,
        "incomeBeforeTaxRatio": 0.0120494662,
        "incomeTaxExpense": 40000000,
        "netIncome": 74000000,
        "netIncomeRatio": 0.0078215833,
        "eps": 2.44,
        "epsdiluted": 2.43,
        "weightedAverageShsOut": 30285684,
        "weightedAverageShsOutDil": 30428541,
        "link": "https://www.sec.gov/Archives/edgar/data/95521/000095012309051954/0000950123-09-051954-index.html",
        "finalLink": "https://www.sec.gov/Archives/edgar/data/95521/000095012309051954/c52970e10vq.htm"
    },
    {
        "date": "2009-06-20",
        "symbol": "SVU",
        "reportedCurrency": "USD",
        "cik": "0000095521",
        "fillingDate": "2009-07-29",
        "acceptedDate": "2009-07-29 11:09:39",
        "calendarYear": "2010",
        "period": "Q1",
        "revenue": 12715000000,
        "costOfRevenue": 9868000000,
        "grossProfit": 2847000000,
        "grossProfitRatio": 0.2239087692,
        "researchAndDevelopmentExpenses": 0,
        "generalAndAdministrativeExpenses": 0,
        "sellingAndMarketingExpenses": 0,
        "sellingGeneralAndAdministrativeExpenses": 2485000000,
        "otherExpenses": 0,
        "operatingExpenses": 2485000000,
        "costAndExpenses": 12353000000,
        "interestIncome": 0,
        "interestExpense": -177000000,
        "depreciationAndAmortization": 297000000,
        "ebitda": 305000000,
        "ebitdaratio": 0.0239874164,
        "operatingIncome": 8000000,
        "operatingIncomeRatio": 0.0006291781,
        "totalOtherIncomeExpensesNet": 177000000,
        "incomeBeforeTax": 185000000,
        "incomeBeforeTaxRatio": 0.0145497444,
        "incomeTaxExpense": 72000000,
        "netIncome": 113000000,
        "netIncomeRatio": 0.0088871412,
        "eps": 3.73,
        "epsdiluted": 3.73,
        "weightedAverageShsOut": 30285684,
        "weightedAverageShsOutDil": 30285684,
        "link": "https://www.sec.gov/Archives/edgar/data/95521/000095012309026905/0000950123-09-026905-index.html",
        "finalLink": "https://www.sec.gov/Archives/edgar/data/95521/000095012309026905/c52443e10vq.htm"
    },
    {
        "date": "2009-02-28",
        "symbol": "SVU",
        "reportedCurrency": "USD",
        "cik": "0000095521",
        "fillingDate": "2009-02-28",
        "acceptedDate": "2009-02-27 19:00:00",
        "calendarYear": "2009",
        "period": "Q4",
        "revenue": 10820000000,
        "costOfRevenue": 8341000000,
        "grossProfit": 2479000000,
        "grossProfitRatio": 0.2291127542,
        "researchAndDevelopmentExpenses": 0,
        "generalAndAdministrativeExpenses": 0,
        "sellingAndMarketingExpenses": 0,
        "sellingGeneralAndAdministrativeExpenses": 2269000000,
        "otherExpenses": 274000000,
        "operatingExpenses": 2543000000,
        "costAndExpenses": 10884000000,
        "interestIncome": 0,
        "interestExpense": 159000000,
        "depreciationAndAmortization": 234000000,
        "ebitda": 181000000,
        "ebitdaratio": 0.016728281,
        "operatingIncome": -53000000,
        "operatingIncomeRatio": -0.0048983364,
        "totalOtherIncomeExpensesNet": -159000000,
        "incomeBeforeTax": -212000000,
        "incomeBeforeTaxRatio": -0.0195933457,
        "incomeTaxExpense": -11000000,
        "netIncome": -201000000,
        "netIncomeRatio": -0.0185767098,
        "eps": -6.64,
        "epsdiluted": -6.64,
        "weightedAverageShsOut": 30285684,
        "weightedAverageShsOutDil": 30285684,
        "link": "",
        "finalLink": ""
    },
    {
        "date": "2008-11-30",
        "symbol": "SVU",
        "reportedCurrency": "USD",
        "cik": "0000095521",
        "fillingDate": "2008-11-30",
        "acceptedDate": "2008-11-29 19:00:00",
        "calendarYear": "2009",
        "period": "Q3",
        "revenue": 10171000000,
        "costOfRevenue": 7891000000,
        "grossProfit": 2280000000,
        "grossProfitRatio": 0.2241667486,
        "researchAndDevelopmentExpenses": 0,
        "generalAndAdministrativeExpenses": 0,
        "sellingAndMarketingExpenses": 0,
        "sellingGeneralAndAdministrativeExpenses": 1921000000,
        "otherExpenses": 3250000000,
        "operatingExpenses": 5171000000,
        "costAndExpenses": 13062000000,
        "interestIncome": 0,
        "interestExpense": 143000000,
        "depreciationAndAmortization": 254000000,
        "ebitda": -2637000000,
        "ebitdaratio": -0.2592665421,
        "operatingIncome": -2891000000,
        "operatingIncomeRatio": -0.2842395045,
        "totalOtherIncomeExpensesNet": -143000000,
        "incomeBeforeTax": -3034000000,
        "incomeBeforeTaxRatio": -0.2982990856,
        "incomeTaxExpense": -90000000,
        "netIncome": -2944000000,
        "netIncomeRatio": -0.2894503982,
        "eps": -97.67,
        "epsdiluted": -97.67,
        "weightedAverageShsOut": 30142827,
        "weightedAverageShsOutDil": 30142827,
        "link": "",
        "finalLink": ""
    },
    {
        "date": "2008-09-06",
        "symbol": "SVU",
        "reportedCurrency": "USD",
        "cik": "0000095521",
        "fillingDate": "2008-10-16",
        "acceptedDate": "2008-10-15 15:53:31",
        "calendarYear": "2009",
        "period": "Q2",
        "revenue": 10226000000,
        "costOfRevenue": 7937000000,
        "grossProfit": 2289000000,
        "grossProfitRatio": 0.2238411891,
        "researchAndDevelopmentExpenses": 0,
        "generalAndAdministrativeExpenses": 0,
        "sellingAndMarketingExpenses": 0,
        "sellingGeneralAndAdministrativeExpenses": 1947000000,
        "otherExpenses": 0,
        "operatingExpenses": 1947000000,
        "costAndExpenses": 9884000000,
        "interestIncome": 0,
        "interestExpense": 141000000,
        "depreciationAndAmortization": 247000000,
        "ebitda": 589000000,
        "ebitdaratio": 0.0575982789,
        "operatingIncome": 342000000,
        "operatingIncomeRatio": 0.0334441619,
        "totalOtherIncomeExpensesNet": -141000000,
        "incomeBeforeTax": 201000000,
        "incomeBeforeTaxRatio": 0.0196557794,
        "incomeTaxExpense": 73000000,
        "netIncome": 128000000,
        "netIncomeRatio": 0.0125171132,
        "eps": 4.25,
        "epsdiluted": 4.21,
        "weightedAverageShsOut": 30142827,
        "weightedAverageShsOutDil": 30428541,
        "link": "https://www.sec.gov/Archives/edgar/data/95521/000119312508211148/0001193125-08-211148-index.html",
        "finalLink": "https://www.sec.gov/Archives/edgar/data/95521/000119312508211148/d10q.htm"
    },
    {
        "date": "2008-06-14",
        "symbol": "SVU",
        "reportedCurrency": "USD",
        "cik": "0000095521",
        "fillingDate": "2008-07-23",
        "acceptedDate": "2008-07-23 13:00:27",
        "calendarYear": "2009",
        "period": "Q1",
        "revenue": 13347000000,
        "costOfRevenue": 10282000000,
        "grossProfit": 3065000000,
        "grossProfitRatio": 0.2296396194,
        "researchAndDevelopmentExpenses": 0,
        "generalAndAdministrativeExpenses": 0,
        "sellingAndMarketingExpenses": 0,
        "sellingGeneralAndAdministrativeExpenses": 2609000000,
        "otherExpenses": -456000000,
        "operatingExpenses": 2153000000,
        "costAndExpenses": 12435000000,
        "interestIncome": 0,
        "interestExpense": 190000000,
        "depreciationAndAmortization": 322000000,
        "ebitda": 778000000,
        "ebitdaratio": 0.0582902525,
        "operatingIncome": 456000000,
        "operatingIncomeRatio": 0.0341649809,
        "totalOtherIncomeExpensesNet": -190000000,
        "incomeBeforeTax": 266000000,
        "incomeBeforeTaxRatio": 0.0199295722,
        "incomeTaxExpense": 104000000,
        "netIncome": 162000000,
        "netIncomeRatio": 0.012137559,
        "eps": 5.35,
        "epsdiluted": 5.3,
        "weightedAverageShsOut": 30285684,
        "weightedAverageShsOutDil": 30571398,
        "link": "https://www.sec.gov/Archives/edgar/data/95521/000119312508156347/0001193125-08-156347-index.html",
        "finalLink": "https://www.sec.gov/Archives/edgar/data/95521/000119312508156347/d10q.htm"
    },
    {
        "date": "2008-02-29",
        "symbol": "SVU",
        "reportedCurrency": "USD",
        "cik": "0000095521",
        "fillingDate": "2008-02-29",
        "acceptedDate": "2008-02-28 19:00:00",
        "calendarYear": "2008",
        "period": "Q4",
        "revenue": 10387000000,
        "costOfRevenue": 7968000000,
        "grossProfit": 2419000000,
        "grossProfitRatio": 0.2328872629,
        "researchAndDevelopmentExpenses": 0,
        "generalAndAdministrativeExpenses": 0,
        "sellingAndMarketingExpenses": 0,
        "sellingGeneralAndAdministrativeExpenses": 2002000000,
        "otherExpenses": 0,
        "operatingExpenses": 2002000000,
        "costAndExpenses": 9970000000,
        "interestIncome": 0,
        "interestExpense": 175000000,
        "depreciationAndAmortization": 229000000,
        "ebitda": 664000000,
        "ebitdaratio": 0.0639260614,
        "operatingIncome": 435000000,
        "operatingIncomeRatio": 0.0418792722,
        "totalOtherIncomeExpensesNet": -175000000,
        "incomeBeforeTax": 260000000,
        "incomeBeforeTaxRatio": 0.0250312891,
        "incomeTaxExpense": 104000000,
        "netIncome": 156000000,
        "netIncomeRatio": 0.0150187735,
        "eps": 5.15,
        "epsdiluted": 5.1,
        "weightedAverageShsOut": 30285684,
        "weightedAverageShsOutDil": 30571398,
        "link": "",
        "finalLink": ""
    },
    {
        "date": "2007-12-01",
        "symbol": "SVU",
        "reportedCurrency": "USD",
        "cik": "0000095521",
        "fillingDate": "2008-01-10",
        "acceptedDate": "2008-01-09 16:25:00",
        "calendarYear": "2008",
        "period": "Q3",
        "revenue": 10211000000,
        "costOfRevenue": 7941000000,
        "grossProfit": 2270000000,
        "grossProfitRatio": 0.2223092743,
        "researchAndDevelopmentExpenses": 0,
        "generalAndAdministrativeExpenses": 0,
        "sellingAndMarketingExpenses": 0,
        "sellingGeneralAndAdministrativeExpenses": 1875000000,
        "otherExpenses": 0,
        "operatingExpenses": 1875000000,
        "costAndExpenses": 9816000000,
        "interestIncome": 0,
        "interestExpense": 164000000,
        "depreciationAndAmortization": 236000000,
        "ebitda": 631000000,
        "ebitdaratio": 0.0617961022,
        "operatingIncome": 395000000,
        "operatingIncomeRatio": 0.0386837724,
        "totalOtherIncomeExpensesNet": -164000000,
        "incomeBeforeTax": 231000000,
        "incomeBeforeTaxRatio": 0.0226226618,
        "incomeTaxExpense": 90000000,
        "netIncome": 141000000,
        "netIncomeRatio": 0.0138086377,
        "eps": 4.68,
        "epsdiluted": 4.61,
        "weightedAverageShsOut": 30142827,
        "weightedAverageShsOutDil": 30571398,
        "link": "https://www.sec.gov/Archives/edgar/data/95521/000119312508004136/0001193125-08-004136-index.htm",
        "finalLink": "https://www.sec.gov/Archives/edgar/data/95521/000119312508004136/d10q.htm"
    },
    {
        "date": "2007-09-08",
        "symbol": "SVU",
        "reportedCurrency": "USD",
        "cik": "0000095521",
        "fillingDate": "2007-10-18",
        "acceptedDate": "2007-10-18 10:06:27",
        "calendarYear": "2008",
        "period": "Q2",
        "revenue": 10159000000,
        "costOfRevenue": 7826000000,
        "grossProfit": 2333000000,
        "grossProfitRatio": 0.2296485875,
        "researchAndDevelopmentExpenses": 0,
        "generalAndAdministrativeExpenses": 0,
        "sellingAndMarketingExpenses": 0,
        "sellingGeneralAndAdministrativeExpenses": 1927000000,
        "otherExpenses": 0,
        "operatingExpenses": 1927000000,
        "costAndExpenses": 9753000000,
        "interestIncome": 0,
        "interestExpense": 163000000,
        "depreciationAndAmortization": 228000000,
        "ebitda": 634000000,
        "ebitdaratio": 0.0624077173,
        "operatingIncome": 406000000,
        "operatingIncomeRatio": 0.0399645634,
        "totalOtherIncomeExpensesNet": -163000000,
        "incomeBeforeTax": 243000000,
        "incomeBeforeTaxRatio": 0.0239196771,
        "incomeTaxExpense": 95000000,
        "netIncome": 148000000,
        "netIncomeRatio": 0.014568363,
        "eps": 4.89,
        "epsdiluted": 4.8,
        "weightedAverageShsOut": 30285684,
        "weightedAverageShsOutDil": 30857112,
        "link": "https://www.sec.gov/Archives/edgar/data/95521/000119312507221130/0001193125-07-221130-index.html",
        "finalLink": "https://www.sec.gov/Archives/edgar/data/95521/000119312507221130/d10q.htm"
    },
    {
        "date": "2007-06-16",
        "symbol": "SVU",
        "reportedCurrency": "USD",
        "cik": "0000095521",
        "fillingDate": "2007-07-26",
        "acceptedDate": "2007-07-26 13:05:26",
        "calendarYear": "2008",
        "period": "Q1",
        "revenue": 13292000000,
        "costOfRevenue": 10209000000,
        "grossProfit": 3083000000,
        "grossProfitRatio": 0.2319440265,
        "researchAndDevelopmentExpenses": 0,
        "generalAndAdministrativeExpenses": 0,
        "sellingAndMarketingExpenses": 0,
        "sellingGeneralAndAdministrativeExpenses": 2617000000,
        "otherExpenses": 0,
        "operatingExpenses": 2617000000,
        "costAndExpenses": 12826000000,
        "interestIncome": 0,
        "interestExpense": 223000000,
        "depreciationAndAmortization": 324000000,
        "ebitda": 790000000,
        "ebitdaratio": 0.0594342462,
        "operatingIncome": 466000000,
        "operatingIncomeRatio": 0.0350586819,
        "totalOtherIncomeExpensesNet": -223000000,
        "incomeBeforeTax": 243000000,
        "incomeBeforeTaxRatio": 0.0182816732,
        "incomeTaxExpense": 95000000,
        "netIncome": 148000000,
        "netIncomeRatio": 0.011134517,
        "eps": 4.91,
        "epsdiluted": 4.8,
        "weightedAverageShsOut": 30142827,
        "weightedAverageShsOutDil": 30857112,
        "link": "https://www.sec.gov/Archives/edgar/data/95521/000119312507163125/0001193125-07-163125-index.html",
        "finalLink": "https://www.sec.gov/Archives/edgar/data/95521/000119312507163125/d10q.htm"
    },
    {
        "date": "2007-02-28",
        "symbol": "SVU",
        "reportedCurrency": "USD",
        "cik": "0000095521",
        "fillingDate": "2007-02-28",
        "acceptedDate": "2007-02-27 19:00:00",
        "calendarYear": "2007",
        "period": "Q4",
        "revenue": 10300000000,
        "costOfRevenue": 7876000000,
        "grossProfit": 2424000000,
        "grossProfitRatio": 0.2353398058,
        "researchAndDevelopmentExpenses": 0,
        "generalAndAdministrativeExpenses": 0,
        "sellingAndMarketingExpenses": 0,
        "sellingGeneralAndAdministrativeExpenses": 2045000000,
        "otherExpenses": 0,
        "operatingExpenses": 2045000000,
        "costAndExpenses": 9921000000,
        "interestIncome": 0,
        "interestExpense": 215000000,
        "depreciationAndAmortization": 255000000,
        "ebitda": 676000000,
        "ebitdaratio": 0.065631068,
        "operatingIncome": 421000000,
        "operatingIncomeRatio": 0.0408737864,
        "totalOtherIncomeExpensesNet": -215000000,
        "incomeBeforeTax": 206000000,
        "incomeBeforeTaxRatio": 0.02,
        "incomeTaxExpense": 86000000,
        "netIncome": 120000000,
        "netIncomeRatio": 0.0116504854,
        "eps": 3.98,
        "epsdiluted": 3.89,
        "weightedAverageShsOut": 30142827,
        "weightedAverageShsOutDil": 30857112,
        "link": "",
        "finalLink": ""
    },
    {
        "date": "2006-12-02",
        "symbol": "SVU",
        "reportedCurrency": "USD",
        "cik": "0000095521",
        "fillingDate": "2007-01-11",
        "acceptedDate": "2007-01-11 12:23:38",
        "calendarYear": "2007",
        "period": "Q3",
        "revenue": 10657000000,
        "costOfRevenue": 8219000000,
        "grossProfit": 2438000000,
        "grossProfitRatio": 0.2287698227,
        "researchAndDevelopmentExpenses": 0,
        "generalAndAdministrativeExpenses": 0,
        "sellingAndMarketingExpenses": 0,
        "sellingGeneralAndAdministrativeExpenses": 2071000000,
        "otherExpenses": 0,
        "operatingExpenses": 2071000000,
        "costAndExpenses": 10290000000,
        "interestIncome": 0,
        "interestExpense": 183000000,
        "depreciationAndAmortization": 273000000,
        "ebitda": 640000000,
        "ebitdaratio": 0.0600544243,
        "operatingIncome": 367000000,
        "operatingIncomeRatio": 0.0344374589,
        "totalOtherIncomeExpensesNet": -183000000,
        "incomeBeforeTax": 184000000,
        "incomeBeforeTaxRatio": 0.017265647,
        "incomeTaxExpense": 71000000,
        "netIncome": 113000000,
        "netIncomeRatio": 0.0106033593,
        "eps": 3.82,
        "epsdiluted": 3.78,
        "weightedAverageShsOut": 29571399,
        "weightedAverageShsOutDil": 29857113,
        "link": "https://www.sec.gov/Archives/edgar/data/95521/000119312507005464/0001193125-07-005464-index.htm",
        "finalLink": "https://www.sec.gov/Archives/edgar/data/95521/000119312507005464/d10q.htm"
    },
    {
        "date": "2006-09-09",
        "symbol": "SVU",
        "reportedCurrency": "USD",
        "cik": "0000095521",
        "fillingDate": "2006-10-18",
        "acceptedDate": "2006-10-18 13:15:10",
        "calendarYear": "2007",
        "period": "Q2",
        "revenue": 10666000000,
        "costOfRevenue": 8205000000,
        "grossProfit": 2461000000,
        "grossProfitRatio": 0.2307331708,
        "researchAndDevelopmentExpenses": 0,
        "generalAndAdministrativeExpenses": 0,
        "sellingAndMarketingExpenses": 0,
        "sellingGeneralAndAdministrativeExpenses": 2070000000,
        "otherExpenses": 0,
        "operatingExpenses": 2070000000,
        "costAndExpenses": 10275000000,
        "interestIncome": 0,
        "interestExpense": 176000000,
        "depreciationAndAmortization": 264000000,
        "ebitda": 655000000,
        "ebitdaratio": 0.0614100881,
        "operatingIncome": 391000000,
        "operatingIncomeRatio": 0.0366585412,
        "totalOtherIncomeExpensesNet": -176000000,
        "incomeBeforeTax": 215000000,
        "incomeBeforeTaxRatio": 0.0201575098,
        "incomeTaxExpense": 83000000,
        "netIncome": 132000000,
        "netIncomeRatio": 0.0123757735,
        "eps": 4.38,
        "epsdiluted": 4.2,
        "weightedAverageShsOut": 30142827,
        "weightedAverageShsOutDil": 31428540,
        "link": "https://www.sec.gov/Archives/edgar/data/95521/000119312506210230/0001193125-06-210230-index.htm",
        "finalLink": "https://www.sec.gov/Archives/edgar/data/95521/000119312506210230/d10q.htm"
    },
    {
        "date": "2006-06-17",
        "symbol": "SVU",
        "reportedCurrency": "USD",
        "cik": "0000095521",
        "fillingDate": "2006-07-27",
        "acceptedDate": "2006-07-27 13:24:45",
        "calendarYear": "2007",
        "period": "Q1",
        "revenue": 5783000000,
        "costOfRevenue": 4968000000,
        "grossProfit": 815000000,
        "grossProfitRatio": 0.140930313,
        "researchAndDevelopmentExpenses": 0,
        "generalAndAdministrativeExpenses": 0,
        "sellingAndMarketingExpenses": 0,
        "sellingGeneralAndAdministrativeExpenses": 644000000,
        "otherExpenses": 0,
        "operatingExpenses": 644000000,
        "costAndExpenses": 5612000000,
        "interestIncome": 0,
        "interestExpense": 26000000,
        "depreciationAndAmortization": 87000000,
        "ebitda": 255000000,
        "ebitdaratio": 0.0440947605,
        "operatingIncome": 168000000,
        "operatingIncomeRatio": 0.0290506657,
        "totalOtherIncomeExpensesNet": -26000000,
        "incomeBeforeTax": 142000000,
        "incomeBeforeTaxRatio": 0.0245547294,
        "incomeTaxExpense": 55000000,
        "netIncome": 87000000,
        "netIncomeRatio": 0.0150440948,
        "eps": 4.14,
        "epsdiluted": 3.9,
        "weightedAverageShsOut": 20999979,
        "weightedAverageShsOutDil": 22285692,
        "link": "https://www.sec.gov/Archives/edgar/data/95521/000119312506155005/0001193125-06-155005-index.htm",
        "finalLink": "https://www.sec.gov/Archives/edgar/data/95521/000119312506155005/d10q.htm"
    },
    {
        "date": "2006-02-28",
        "symbol": "SVU",
        "reportedCurrency": "USD",
        "cik": "0000095521",
        "fillingDate": "2006-02-28",
        "acceptedDate": "2006-02-27 19:00:00",
        "calendarYear": "2006",
        "period": "Q4",
        "revenue": 4640104000,
        "costOfRevenue": 3959095000,
        "grossProfit": 681009000,
        "grossProfitRatio": 0.1467658915,
        "researchAndDevelopmentExpenses": 0,
        "generalAndAdministrativeExpenses": 0,
        "sellingAndMarketingExpenses": 0,
        "sellingGeneralAndAdministrativeExpenses": 646489000,
        "otherExpenses": 0,
        "operatingExpenses": 646489000,
        "costAndExpenses": 4605584000,
        "interestIncome": 0,
        "interestExpense": 54929000,
        "depreciationAndAmortization": 71782000,
        "ebitda": 138134000,
        "ebitdaratio": 0.0297695914,
        "operatingIncome": 66352000,
        "operatingIncomeRatio": 0.0142996795,
        "totalOtherIncomeExpensesNet": -54929000,
        "incomeBeforeTax": 11423000,
        "incomeBeforeTaxRatio": 0.0024617983,
        "incomeTaxExpense": 5421000,
        "netIncome": 6002000,
        "netIncomeRatio": 0.0012935055,
        "eps": 0.29,
        "epsdiluted": 0.27,
        "weightedAverageShsOut": 20999979,
        "weightedAverageShsOutDil": 22285692,
        "link": "",
        "finalLink": ""
    },
    {
        "date": "2005-12-03",
        "symbol": "SVU",
        "reportedCurrency": "USD",
        "cik": "0000095521",
        "fillingDate": "2006-01-12",
        "acceptedDate": "2006-01-12 11:59:26",
        "calendarYear": "2006",
        "period": "Q3",
        "revenue": 4694987000,
        "costOfRevenue": 4020288000,
        "grossProfit": 674699000,
        "grossProfitRatio": 0.1437062552,
        "researchAndDevelopmentExpenses": 0,
        "generalAndAdministrativeExpenses": 0,
        "sellingAndMarketingExpenses": 0,
        "sellingGeneralAndAdministrativeExpenses": 530059000,
        "otherExpenses": 0,
        "operatingExpenses": 530059000,
        "costAndExpenses": 4550347000,
        "interestIncome": 0,
        "interestExpense": 23089000,
        "depreciationAndAmortization": 71747000,
        "ebitda": 214188000,
        "ebitdaratio": 0.0456205736,
        "operatingIncome": 142441000,
        "operatingIncomeRatio": 0.0303389551,
        "totalOtherIncomeExpensesNet": -23089000,
        "incomeBeforeTax": 119352000,
        "incomeBeforeTaxRatio": 0.0254211567,
        "incomeTaxExpense": 44160000,
        "netIncome": 75192000,
        "netIncomeRatio": 0.0160153798,
        "eps": 3.86,
        "epsdiluted": 3.62,
        "weightedAverageShsOut": 19456980,
        "weightedAverageShsOutDil": 20792693,
        "link": "https://www.sec.gov/Archives/edgar/data/95521/000119312506005576/0001193125-06-005576-index.htm",
        "finalLink": "https://www.sec.gov/Archives/edgar/data/95521/000119312506005576/d10q.htm"
    },
    {
        "date": "2005-09-10",
        "symbol": "SVU",
        "reportedCurrency": "USD",
        "cik": "0000095521",
        "fillingDate": "2005-10-20",
        "acceptedDate": "2005-10-20 13:29:24",
        "calendarYear": "2006",
        "period": "Q2",
        "revenue": 4556218000,
        "costOfRevenue": 3895230000,
        "grossProfit": 660988000,
        "grossProfitRatio": 0.145073831,
        "researchAndDevelopmentExpenses": 0,
        "generalAndAdministrativeExpenses": 0,
        "sellingAndMarketingExpenses": 0,
        "sellingGeneralAndAdministrativeExpenses": 582378000,
        "otherExpenses": 0,
        "operatingExpenses": 582378000,
        "costAndExpenses": 4477608000,
        "interestIncome": 0,
        "interestExpense": 24018000,
        "depreciationAndAmortization": 72985000,
        "ebitda": 150611000,
        "ebitdaratio": 0.0330561444,
        "operatingIncome": 77626000,
        "operatingIncomeRatio": 0.0170373762,
        "totalOtherIncomeExpensesNet": -24018000,
        "incomeBeforeTax": 53608000,
        "incomeBeforeTaxRatio": 0.0117658988,
        "incomeTaxExpense": 19835000,
        "netIncome": 33773000,
        "netIncomeRatio": 0.0074125075,
        "eps": 1.74,
        "epsdiluted": 1.62,
        "weightedAverageShsOut": 19446409,
        "weightedAverageShsOutDil": 20849693,
        "link": "https://www.sec.gov/Archives/edgar/data/95521/000119312505205132/0001193125-05-205132-index.htm",
        "finalLink": "https://www.sec.gov/Archives/edgar/data/95521/000119312505205132/d10q.htm"
    },
    {
        "date": "2005-06-18",
        "symbol": "SVU",
        "reportedCurrency": "USD",
        "cik": "0000095521",
        "fillingDate": "2005-07-28",
        "acceptedDate": "2005-07-28 12:31:57",
        "calendarYear": "2006",
        "period": "Q1",
        "revenue": 5972290000,
        "costOfRevenue": 5102739000,
        "grossProfit": 869551000,
        "grossProfitRatio": 0.1455975848,
        "researchAndDevelopmentExpenses": 0,
        "generalAndAdministrativeExpenses": 0,
        "sellingAndMarketingExpenses": 0,
        "sellingGeneralAndAdministrativeExpenses": 687708000,
        "otherExpenses": 0,
        "operatingExpenses": 687708000,
        "costAndExpenses": 5790447000,
        "interestIncome": 0,
        "interestExpense": 36892000,
        "depreciationAndAmortization": 94164000,
        "ebitda": 275821000,
        "ebitdaratio": 0.0461834573,
        "operatingIncome": 181657000,
        "operatingIncomeRatio": 0.0304166409,
        "totalOtherIncomeExpensesNet": -36892000,
        "incomeBeforeTax": 144765000,
        "incomeBeforeTaxRatio": 0.0242394458,
        "incomeTaxExpense": 53563000,
        "netIncome": 91202000,
        "netIncomeRatio": 0.0152708593,
        "eps": 4.7,
        "epsdiluted": 4.38,
        "weightedAverageShsOut": 19396266,
        "weightedAverageShsOutDil": 20800407,
        "link": "https://www.sec.gov/Archives/edgar/data/95521/000119312505151427/0001193125-05-151427-index.htm",
        "finalLink": "https://www.sec.gov/Archives/edgar/data/95521/000119312505151427/d10q.htm"
    },
    {
        "date": "2005-02-28",
        "symbol": "SVU",
        "reportedCurrency": "USD",
        "cik": "0000095521",
        "fillingDate": "2005-02-28",
        "acceptedDate": "2005-02-27 19:00:00",
        "calendarYear": "2005",
        "period": "Q4",
        "revenue": 4590506000,
        "costOfRevenue": 3889110000,
        "grossProfit": 701396000,
        "grossProfitRatio": 0.1527927422,
        "researchAndDevelopmentExpenses": 0,
        "generalAndAdministrativeExpenses": 0,
        "sellingAndMarketingExpenses": 0,
        "sellingGeneralAndAdministrativeExpenses": 541164000,
        "otherExpenses": 0,
        "operatingExpenses": 541164000,
        "costAndExpenses": 4430274000,
        "interestIncome": 5415000,
        "interestExpense": 30555000,
        "depreciationAndAmortization": 70382000,
        "ebitda": 236029000,
        "ebitdaratio": 0.0514167719,
        "operatingIncome": 165647000,
        "operatingIncomeRatio": 0.0360846931,
        "totalOtherIncomeExpensesNet": -30555000,
        "incomeBeforeTax": 135092000,
        "incomeBeforeTaxRatio": 0.0294285641,
        "incomeTaxExpense": 42159000,
        "netIncome": 92933000,
        "netIncomeRatio": 0.0202446092,
        "eps": 4.79,
        "epsdiluted": 4.47,
        "weightedAverageShsOut": 19396266,
        "weightedAverageShsOutDil": 20800407,
        "link": "",
        "finalLink": ""
    },
    {
        "date": "2004-12-04",
        "symbol": "SVU",
        "reportedCurrency": "USD",
        "cik": "0000095521",
        "fillingDate": "2005-01-13",
        "acceptedDate": "2005-01-13 12:08:06",
        "calendarYear": "2005",
        "period": "Q3",
        "revenue": 4555122000,
        "costOfRevenue": 3894925000,
        "grossProfit": 660197000,
        "grossProfitRatio": 0.1449350863,
        "researchAndDevelopmentExpenses": 0,
        "generalAndAdministrativeExpenses": 0,
        "sellingAndMarketingExpenses": 0,
        "sellingGeneralAndAdministrativeExpenses": 513382000,
        "otherExpenses": 0,
        "operatingExpenses": 513382000,
        "costAndExpenses": 4408307000,
        "interestIncome": 5617000,
        "interestExpense": 29072000,
        "depreciationAndAmortization": 69685000,
        "ebitda": 201841000,
        "ebitdaratio": 0.0443107781,
        "operatingIncome": 132156000,
        "operatingIncomeRatio": 0.0290126148,
        "totalOtherIncomeExpensesNet": -29072000,
        "incomeBeforeTax": 103084000,
        "incomeBeforeTaxRatio": 0.0226303489,
        "incomeTaxExpense": 38141000,
        "netIncome": 64943000,
        "netIncomeRatio": 0.0142571373,
        "eps": 3.38,
        "epsdiluted": 3.34,
        "weightedAverageShsOut": 19191837,
        "weightedAverageShsOutDil": 19462837,
        "link": "https://www.sec.gov/Archives/edgar/data/95521/000119312505006011/0001193125-05-006011-index.htm",
        "finalLink": "https://www.sec.gov/Archives/edgar/data/95521/000119312505006011/d10q.htm"
    },
    {
        "date": "2004-09-11",
        "symbol": "SVU",
        "reportedCurrency": "USD",
        "cik": "0000095521",
        "fillingDate": "2004-10-21",
        "acceptedDate": "2004-10-21 13:25:27",
        "calendarYear": "2005",
        "period": "Q2",
        "revenue": 4486963000,
        "costOfRevenue": 3831825000,
        "grossProfit": 655138000,
        "grossProfitRatio": 0.1460092272,
        "researchAndDevelopmentExpenses": 0,
        "generalAndAdministrativeExpenses": 0,
        "sellingAndMarketingExpenses": 0,
        "sellingGeneralAndAdministrativeExpenses": 500722000,
        "otherExpenses": 0,
        "operatingExpenses": 500722000,
        "costAndExpenses": 4332547000,
        "interestIncome": 5527000,
        "interestExpense": 29422000,
        "depreciationAndAmortization": 69978000,
        "ebitda": 224060000,
        "ebitdaratio": 0.0499357806,
        "operatingIncome": 154082000,
        "operatingIncomeRatio": 0.034339931,
        "totalOtherIncomeExpensesNet": -29422000,
        "incomeBeforeTax": 124660000,
        "incomeBeforeTaxRatio": 0.0277827118,
        "incomeTaxExpense": 46124000,
        "netIncome": 78536000,
        "netIncomeRatio": 0.017503153,
        "eps": 4.07,
        "epsdiluted": 4.01,
        "weightedAverageShsOut": 19318552,
        "weightedAverageShsOutDil": 19581408,
        "link": "https://www.sec.gov/Archives/edgar/data/95521/000119312504175589/0001193125-04-175589-index.htm",
        "finalLink": "https://www.sec.gov/Archives/edgar/data/95521/000119312504175589/d10q.htm"
    },
    {
        "date": "2004-06-19",
        "symbol": "SVU",
        "reportedCurrency": "USD",
        "cik": "0000095521",
        "fillingDate": "2004-07-29",
        "acceptedDate": "2004-07-29 13:04:04",
        "calendarYear": "2005",
        "period": "Q1",
        "revenue": 5910649000,
        "costOfRevenue": 5065612000,
        "grossProfit": 845037000,
        "grossProfitRatio": 0.142968564,
        "researchAndDevelopmentExpenses": 0,
        "generalAndAdministrativeExpenses": 0,
        "sellingAndMarketingExpenses": 0,
        "sellingGeneralAndAdministrativeExpenses": 673676000,
        "otherExpenses": 0,
        "operatingExpenses": 673676000,
        "costAndExpenses": 5739288000,
        "interestIncome": 6159000,
        "interestExpense": 48451000,
        "depreciationAndAmortization": 92994000,
        "ebitda": 379473000,
        "ebitdaratio": 0.0642015792,
        "operatingIncome": 286479000,
        "operatingIncomeRatio": 0.0484682816,
        "totalOtherIncomeExpensesNet": -48451000,
        "incomeBeforeTax": 238028000,
        "incomeBeforeTaxRatio": 0.040271043,
        "incomeTaxExpense": 88617000,
        "netIncome": 149411000,
        "netIncomeRatio": 0.0252782732,
        "eps": 7.73,
        "epsdiluted": 7.6,
        "weightedAverageShsOut": 19320552,
        "weightedAverageShsOutDil": 19651266,
        "link": "https://www.sec.gov/Archives/edgar/data/95521/000119312504127373/0001193125-04-127373-index.htm",
        "finalLink": "https://www.sec.gov/Archives/edgar/data/95521/000119312504127373/d10q.htm"
    },
    {
        "date": "2004-02-29",
        "symbol": "SVU",
        "reportedCurrency": "USD",
        "cik": "0000095521",
        "fillingDate": "2004-02-29",
        "acceptedDate": "2004-02-28 19:00:00",
        "calendarYear": "2004",
        "period": "Q4",
        "revenue": 5043759000,
        "costOfRevenue": 4290133000,
        "grossProfit": 753626000,
        "grossProfitRatio": 0.1494175277,
        "researchAndDevelopmentExpenses": 0,
        "generalAndAdministrativeExpenses": 0,
        "sellingAndMarketingExpenses": 0,
        "sellingGeneralAndAdministrativeExpenses": 568695000,
        "otherExpenses": 0,
        "operatingExpenses": 568695000,
        "costAndExpenses": 4858828000,
        "interestIncome": 5080000,
        "interestExpense": 36332000,
        "depreciationAndAmortization": 5080000,
        "ebitda": 185089000,
        "ebitdaratio": 0.0366966384,
        "operatingIncome": 180009000,
        "operatingIncomeRatio": 0.035689453,
        "totalOtherIncomeExpensesNet": -31252000,
        "incomeBeforeTax": 148757000,
        "incomeBeforeTaxRatio": 0.0294932807,
        "incomeTaxExpense": 53137000,
        "netIncome": 95620000,
        "netIncomeRatio": 0.0189580827,
        "eps": 4.95,
        "epsdiluted": 4.87,
        "weightedAverageShsOut": 19320552,
        "weightedAverageShsOutDil": 19651266,
        "link": "",
        "finalLink": ""
    },
    {
        "date": "2003-11-30",
        "symbol": "SVU",
        "reportedCurrency": "USD",
        "cik": "0000095521",
        "fillingDate": "2003-11-30",
        "acceptedDate": "2003-11-29 19:00:00",
        "calendarYear": "2004",
        "period": "Q3",
        "revenue": 4738983000,
        "costOfRevenue": 4093353000,
        "grossProfit": 645630000,
        "grossProfitRatio": 0.1362380916,
        "researchAndDevelopmentExpenses": 0,
        "generalAndAdministrativeExpenses": 0,
        "sellingAndMarketingExpenses": 0,
        "sellingGeneralAndAdministrativeExpenses": 511034000,
        "otherExpenses": 0,
        "operatingExpenses": 511034000,
        "costAndExpenses": 4604387000,
        "interestIncome": 4226000,
        "interestExpense": 42121000,
        "depreciationAndAmortization": 4226000,
        "ebitda": 131668000,
        "ebitdaratio": 0.0277840203,
        "operatingIncome": 127442000,
        "operatingIncomeRatio": 0.0268922678,
        "totalOtherIncomeExpensesNet": -37895000,
        "incomeBeforeTax": 89547000,
        "incomeBeforeTaxRatio": 0.0188958264,
        "incomeTaxExpense": 40931000,
        "netIncome": 48616000,
        "netIncomeRatio": 0.0102587412,
        "eps": 2.54,
        "epsdiluted": 2.5,
        "weightedAverageShsOut": 19140409,
        "weightedAverageShsOutDil": 19408837,
        "link": "",
        "finalLink": ""
    },
    {
        "date": "2003-09-06",
        "symbol": "SVU",
        "reportedCurrency": "USD",
        "cik": "0000095521",
        "fillingDate": "2003-10-21",
        "acceptedDate": "2003-10-21 11:55:29",
        "calendarYear": "2004",
        "period": "Q2",
        "revenue": 4590650000,
        "costOfRevenue": 3953402000,
        "grossProfit": 637248000,
        "grossProfitRatio": 0.1388143291,
        "researchAndDevelopmentExpenses": 0,
        "generalAndAdministrativeExpenses": 0,
        "sellingAndMarketingExpenses": 0,
        "sellingGeneralAndAdministrativeExpenses": 502855000,
        "otherExpenses": 0,
        "operatingExpenses": 502855000,
        "costAndExpenses": 4456257000,
        "interestIncome": 4610000,
        "interestExpense": 37553000,
        "depreciationAndAmortization": 4610000,
        "ebitda": 136727000,
        "ebitdaratio": 0.0297837997,
        "operatingIncome": 132117000,
        "operatingIncomeRatio": 0.0287795846,
        "totalOtherIncomeExpensesNet": -32943000,
        "incomeBeforeTax": 99174000,
        "incomeBeforeTaxRatio": 0.0216034766,
        "incomeTaxExpense": 36942000,
        "netIncome": 62232000,
        "netIncomeRatio": 0.0135562502,
        "eps": 3.25,
        "epsdiluted": 3.21,
        "weightedAverageShsOut": 19126409,
        "weightedAverageShsOutDil": 19363694,
        "link": "https://www.sec.gov/Archives/edgar/data/95521/000119312503064738/0001193125-03-064738-index.htm",
        "finalLink": "https://www.sec.gov/Archives/edgar/data/95521/000119312503064738/d10q.htm"
    },
    {
        "date": "2003-06-14",
        "symbol": "SVU",
        "reportedCurrency": "USD",
        "cik": "0000095521",
        "fillingDate": "2003-07-29",
        "acceptedDate": "2003-07-29 13:21:11",
        "calendarYear": "2004",
        "period": "Q1",
        "revenue": 5836287000,
        "costOfRevenue": 5035541000,
        "grossProfit": 800746000,
        "grossProfitRatio": 0.137201272,
        "researchAndDevelopmentExpenses": 0,
        "generalAndAdministrativeExpenses": 0,
        "sellingAndMarketingExpenses": 0,
        "sellingGeneralAndAdministrativeExpenses": 637745000,
        "otherExpenses": 0,
        "operatingExpenses": 637745000,
        "costAndExpenses": 5673286000,
        "interestIncome": 5147000,
        "interestExpense": 49575000,
        "depreciationAndAmortization": 5147000,
        "ebitda": 166977000,
        "ebitdaratio": 0.028610142,
        "operatingIncome": 161830000,
        "operatingIncomeRatio": 0.0277282457,
        "totalOtherIncomeExpensesNet": -44428000,
        "incomeBeforeTax": 117402000,
        "incomeBeforeTaxRatio": 0.0201158716,
        "incomeTaxExpense": 43732000,
        "netIncome": 73670000,
        "netIncomeRatio": 0.0126227514,
        "eps": 3.86,
        "epsdiluted": 3.85,
        "weightedAverageShsOut": 19102695,
        "weightedAverageShsOutDil": 19159695,
        "link": "https://www.sec.gov/Archives/edgar/data/95521/000119312503025756/0001193125-03-025756-index.htm",
        "finalLink": "https://www.sec.gov/Archives/edgar/data/95521/000119312503025756/d10q.htm"
    },
    {
        "date": "2003-02-28",
        "symbol": "SVU",
        "reportedCurrency": "USD",
        "cik": "0000095521",
        "fillingDate": "2003-02-28",
        "acceptedDate": "2003-02-27 19:00:00",
        "calendarYear": "2003",
        "period": "Q4",
        "revenue": 4111361000,
        "costOfRevenue": 3463358000,
        "grossProfit": 648003000,
        "grossProfitRatio": 0.1576127711,
        "researchAndDevelopmentExpenses": 0,
        "generalAndAdministrativeExpenses": 0,
        "sellingAndMarketingExpenses": 0,
        "sellingGeneralAndAdministrativeExpenses": 509265000,
        "otherExpenses": 0,
        "operatingExpenses": 509265000,
        "costAndExpenses": 3972623000,
        "interestIncome": 5009000,
        "interestExpense": 39333000,
        "depreciationAndAmortization": 5009000,
        "ebitda": 140829000,
        "ebitdaratio": 0.0342536206,
        "operatingIncome": 135820000,
        "operatingIncomeRatio": 0.0330352893,
        "totalOtherIncomeExpensesNet": -34324000,
        "incomeBeforeTax": 101496000,
        "incomeBeforeTaxRatio": 0.0246867157,
        "incomeTaxExpense": 37553000,
        "netIncome": 63943000,
        "netIncomeRatio": 0.0155527573,
        "eps": 3.35,
        "epsdiluted": 3.34,
        "weightedAverageShsOut": 19102695,
        "weightedAverageShsOutDil": 19159695,
        "link": "",
        "finalLink": ""
    },
    {
        "date": "2002-11-30",
        "symbol": "SVU",
        "reportedCurrency": "USD",
        "cik": "0000095521",
        "fillingDate": "2002-11-30",
        "acceptedDate": "2002-11-29 19:00:00",
        "calendarYear": "2003",
        "period": "Q3",
        "revenue": 4704768000,
        "costOfRevenue": 4108425000,
        "grossProfit": 596343000,
        "grossProfitRatio": 0.1267529026,
        "researchAndDevelopmentExpenses": 0,
        "generalAndAdministrativeExpenses": 0,
        "sellingAndMarketingExpenses": 0,
        "sellingGeneralAndAdministrativeExpenses": 467818000,
        "otherExpenses": 0,
        "operatingExpenses": 467818000,
        "costAndExpenses": 4576243000,
        "interestIncome": 4709000,
        "interestExpense": 42508000,
        "depreciationAndAmortization": 4709000,
        "ebitda": 133234000,
        "ebitdaratio": 0.0283189309,
        "operatingIncome": 128525000,
        "operatingIncomeRatio": 0.0273180314,
        "totalOtherIncomeExpensesNet": -37799000,
        "incomeBeforeTax": 90726000,
        "incomeBeforeTaxRatio": 0.0192838414,
        "incomeTaxExpense": 33589000,
        "netIncome": 57137000,
        "netIncomeRatio": 0.0121444883,
        "eps": 2.99,
        "epsdiluted": 2.98,
        "weightedAverageShsOut": 19091266,
        "weightedAverageShsOutDil": 19155266,
        "link": "",
        "finalLink": ""
    },
    {
        "date": "2002-09-07",
        "symbol": "SVU",
        "reportedCurrency": "USD",
        "cik": "0000095521",
        "fillingDate": "2002-10-22",
        "acceptedDate": "2002-10-22 13:06:31",
        "calendarYear": "2003",
        "period": "Q2",
        "revenue": 4495008000,
        "costOfRevenue": 3903339000,
        "grossProfit": 591669000,
        "grossProfitRatio": 0.1316280193,
        "researchAndDevelopmentExpenses": 0,
        "generalAndAdministrativeExpenses": 0,
        "sellingAndMarketingExpenses": 0,
        "sellingGeneralAndAdministrativeExpenses": 460345000,
        "otherExpenses": 0,
        "operatingExpenses": 460345000,
        "costAndExpenses": 4363684000,
        "interestIncome": 4625000,
        "interestExpense": 42606000,
        "depreciationAndAmortization": 4625000,
        "ebitda": 135949000,
        "ebitdaratio": 0.0302444401,
        "operatingIncome": 131324000,
        "operatingIncomeRatio": 0.0292155209,
        "totalOtherIncomeExpensesNet": -37981000,
        "incomeBeforeTax": 93343000,
        "incomeBeforeTaxRatio": 0.0207659252,
        "incomeTaxExpense": 34536000,
        "netIncome": 58807000,
        "netIncomeRatio": 0.0130827353,
        "eps": 3.08,
        "epsdiluted": 3.05,
        "weightedAverageShsOut": 19107409,
        "weightedAverageShsOutDil": 19275266,
        "link": "https://www.sec.gov/Archives/edgar/data/95521/000104596902001720/0001045969-02-001720-index.htm",
        "finalLink": "https://www.sec.gov/Archives/edgar/data/95521/000104596902001720/d10q.htm"
    },
    {
        "date": "2002-06-15",
        "symbol": "SVU",
        "reportedCurrency": "USD",
        "cik": "0000095521",
        "fillingDate": "2002-07-30",
        "acceptedDate": "2002-07-30 13:02:56",
        "calendarYear": "2003",
        "period": "Q1",
        "revenue": 5849231000,
        "costOfRevenue": 5092275000,
        "grossProfit": 756956000,
        "grossProfitRatio": 0.1294111995,
        "researchAndDevelopmentExpenses": 0,
        "generalAndAdministrativeExpenses": 0,
        "sellingAndMarketingExpenses": 0,
        "sellingGeneralAndAdministrativeExpenses": 582682000,
        "otherExpenses": 0,
        "operatingExpenses": 582682000,
        "costAndExpenses": 5674957000,
        "interestIncome": 6217000,
        "interestExpense": 58052000,
        "depreciationAndAmortization": 6217000,
        "ebitda": 180491000,
        "ebitdaratio": 0.0308572187,
        "operatingIncome": 174274000,
        "operatingIncomeRatio": 0.0297943439,
        "totalOtherIncomeExpensesNet": -51835000,
        "incomeBeforeTax": 122439000,
        "incomeBeforeTaxRatio": 0.0209324952,
        "incomeTaxExpense": 45284000,
        "netIncome": 77155000,
        "netIncomeRatio": 0.0131906228,
        "eps": 4.04,
        "epsdiluted": 3.97,
        "weightedAverageShsOut": 19115980,
        "weightedAverageShsOutDil": 19448409,
        "link": "https://www.sec.gov/Archives/edgar/data/95521/000104596902001244/0001045969-02-001244-index.htm",
        "finalLink": "https://www.sec.gov/Archives/edgar/data/95521/000104596902001244/d10q.htm"
    },
    {
        "date": "2002-02-28",
        "symbol": "SVU",
        "reportedCurrency": "USD",
        "cik": "0000095521",
        "fillingDate": "2002-04-19",
        "acceptedDate": "2002-04-18 20:00:00",
        "calendarYear": "2002",
        "period": "Q4",
        "revenue": 4651404000,
        "costOfRevenue": 4008901000,
        "grossProfit": 642503000,
        "grossProfitRatio": 0.1381309815,
        "researchAndDevelopmentExpenses": 0,
        "generalAndAdministrativeExpenses": 0,
        "sellingAndMarketingExpenses": 0,
        "sellingGeneralAndAdministrativeExpenses": 500678000,
        "otherExpenses": 0,
        "operatingExpenses": 500678000,
        "costAndExpenses": 4509579000,
        "interestIncome": 4911000,
        "interestExpense": 42029000,
        "depreciationAndAmortization": 4911000,
        "ebitda": 100436000,
        "ebitdaratio": 0.0215926202,
        "operatingIncome": 95525000,
        "operatingIncomeRatio": 0.02053681,
        "totalOtherIncomeExpensesNet": -37118000,
        "incomeBeforeTax": 58407000,
        "incomeBeforeTaxRatio": 0.0125568538,
        "incomeTaxExpense": 23478000,
        "netIncome": 34929000,
        "netIncomeRatio": 0.0075093456,
        "eps": 1.83,
        "epsdiluted": 1.8,
        "weightedAverageShsOut": 19115980,
        "weightedAverageShsOutDil": 19448409,
        "link": "https://www.sec.gov/Archives/edgar/data/95521/000104596902000713/0001045969-02-000713-index.htm",
        "finalLink": "https://www.sec.gov/Archives/edgar/data/95521/000104596902000713/d10k.htm"
    },
    {
        "date": "2001-11-30",
        "symbol": "SVU",
        "reportedCurrency": "USD",
        "cik": "0000095521",
        "fillingDate": "2001-11-30",
        "acceptedDate": "2001-11-29 19:00:00",
        "calendarYear": "2002",
        "period": "Q3",
        "revenue": 4610293000,
        "costOfRevenue": 4016713000,
        "grossProfit": 593580000,
        "grossProfitRatio": 0.128751036,
        "researchAndDevelopmentExpenses": 0,
        "generalAndAdministrativeExpenses": 0,
        "sellingAndMarketingExpenses": 0,
        "sellingGeneralAndAdministrativeExpenses": 455488000,
        "otherExpenses": 0,
        "operatingExpenses": 455488000,
        "costAndExpenses": 4472201000,
        "interestIncome": 4309000,
        "interestExpense": 43666000,
        "depreciationAndAmortization": 4309000,
        "ebitda": 142401000,
        "ebitdaratio": 0.0308876247,
        "operatingIncome": 138092000,
        "operatingIncomeRatio": 0.029952977,
        "totalOtherIncomeExpensesNet": -39357000,
        "incomeBeforeTax": 98735000,
        "incomeBeforeTaxRatio": 0.0214162093,
        "incomeTaxExpense": 39691000,
        "netIncome": 59044000,
        "netIncomeRatio": 0.0128069951,
        "eps": 3.1,
        "epsdiluted": 3.06,
        "weightedAverageShsOut": 19067838,
        "weightedAverageShsOutDil": 19295409,
        "link": "",
        "finalLink": ""
    },
    {
        "date": "2001-08-31",
        "symbol": "SVU",
        "reportedCurrency": "USD",
        "cik": "0000095521",
        "fillingDate": "2001-08-31",
        "acceptedDate": "2001-08-30 20:00:00",
        "calendarYear": "2002",
        "period": "Q2",
        "revenue": 4715257000,
        "costOfRevenue": 4121684000,
        "grossProfit": 593573000,
        "grossProfitRatio": 0.1258834884,
        "researchAndDevelopmentExpenses": 0,
        "generalAndAdministrativeExpenses": 0,
        "sellingAndMarketingExpenses": 0,
        "sellingGeneralAndAdministrativeExpenses": 455194000,
        "otherExpenses": 11106000,
        "operatingExpenses": 466300000,
        "costAndExpenses": 4587984000,
        "interestIncome": 5870000,
        "interestExpense": 45942000,
        "depreciationAndAmortization": 11106000,
        "ebitda": 144249000,
        "ebitdaratio": 0.0305919699,
        "operatingIncome": 133143000,
        "operatingIncomeRatio": 0.0282366369,
        "totalOtherIncomeExpensesNet": -45942000,
        "incomeBeforeTax": 87201000,
        "incomeBeforeTaxRatio": 0.0184933716,
        "incomeTaxExpense": 35056000,
        "netIncome": 52145000,
        "netIncomeRatio": 0.0110587822,
        "eps": 2.74,
        "epsdiluted": 2.72,
        "weightedAverageShsOut": 19018552,
        "weightedAverageShsOutDil": 19178409,
        "link": "",
        "finalLink": ""
    },
    {
        "date": "2001-05-31",
        "symbol": "SVU",
        "reportedCurrency": "USD",
        "cik": "0000095521",
        "fillingDate": "2001-05-31",
        "acceptedDate": "2001-05-30 20:00:00",
        "calendarYear": "2002",
        "period": "Q1",
        "revenue": 6931568000,
        "costOfRevenue": 6160676000,
        "grossProfit": 770892000,
        "grossProfitRatio": 0.1112146631,
        "researchAndDevelopmentExpenses": 0,
        "generalAndAdministrativeExpenses": 0,
        "sellingAndMarketingExpenses": 0,
        "sellingGeneralAndAdministrativeExpenses": 600440000,
        "otherExpenses": 14865000,
        "operatingExpenses": 615305000,
        "costAndExpenses": 6775981000,
        "interestIncome": 6430000,
        "interestExpense": 62657000,
        "depreciationAndAmortization": 14865000,
        "ebitda": 176882000,
        "ebitdaratio": 0.0255183243,
        "operatingIncome": 162017000,
        "operatingIncomeRatio": 0.0233737879,
        "totalOtherIncomeExpensesNet": -62657000,
        "incomeBeforeTax": 99360000,
        "incomeBeforeTaxRatio": 0.014334419,
        "incomeTaxExpense": 39943000,
        "netIncome": 59417000,
        "netIncomeRatio": 0.0085719422,
        "eps": 3.14,
        "epsdiluted": 3.14,
        "weightedAverageShsOut": 18927552,
        "weightedAverageShsOutDil": 18939409,
        "link": "",
        "finalLink": ""
    },
    {
        "date": "2001-02-28",
        "symbol": "SVU",
        "reportedCurrency": "USD",
        "cik": "0000095521",
        "fillingDate": "2001-02-28",
        "acceptedDate": "2001-02-27 19:00:00",
        "calendarYear": "2001",
        "period": "Q4",
        "revenue": 5486825000,
        "costOfRevenue": 4510878000,
        "grossProfit": 975947000,
        "grossProfitRatio": 0.177870991,
        "researchAndDevelopmentExpenses": 0,
        "generalAndAdministrativeExpenses": 0,
        "sellingAndMarketingExpenses": 0,
        "sellingGeneralAndAdministrativeExpenses": 591776000,
        "otherExpenses": 305837000,
        "operatingExpenses": 897613000,
        "costAndExpenses": 5408491000,
        "interestIncome": 5328000,
        "interestExpense": 50301000,
        "depreciationAndAmortization": 305837000,
        "ebitda": 218235000,
        "ebitdaratio": 0.0397743686,
        "operatingIncome": -87602000,
        "operatingIncomeRatio": -0.0159658819,
        "totalOtherIncomeExpensesNet": -50301000,
        "incomeBeforeTax": -137903000,
        "incomeBeforeTaxRatio": -0.0251334788,
        "incomeTaxExpense": -45096000,
        "netIncome": -92807000,
        "netIncomeRatio": -0.016914518,
        "eps": -4.9,
        "epsdiluted": -4.9,
        "weightedAverageShsOut": 18927552,
        "weightedAverageShsOutDil": 18939409,
        "link": "",
        "finalLink": ""
    },
    {
        "date": "2000-11-30",
        "symbol": "SVU",
        "reportedCurrency": "USD",
        "cik": "0000095521",
        "fillingDate": "2000-11-30",
        "acceptedDate": "2000-11-29 19:00:00",
        "calendarYear": "2001",
        "period": "Q3",
        "revenue": 5420238000,
        "costOfRevenue": 4835700000,
        "grossProfit": 584538000,
        "grossProfitRatio": 0.1078436039,
        "researchAndDevelopmentExpenses": 0,
        "generalAndAdministrativeExpenses": 0,
        "sellingAndMarketingExpenses": 0,
        "sellingGeneralAndAdministrativeExpenses": 449787000,
        "otherExpenses": 11494000,
        "operatingExpenses": 461281000,
        "costAndExpenses": 5296981000,
        "interestIncome": 5284000,
        "interestExpense": 49092000,
        "depreciationAndAmortization": 11494000,
        "ebitda": 140035000,
        "ebitdaratio": 0.0258355814,
        "operatingIncome": 128541000,
        "operatingIncomeRatio": 0.0237150103,
        "totalOtherIncomeExpensesNet": -49092000,
        "incomeBeforeTax": 79449000,
        "incomeBeforeTaxRatio": 0.0146578434,
        "incomeTaxExpense": 31938000,
        "netIncome": 47511000,
        "netIncomeRatio": 0.0087654823,
        "eps": 2.51,
        "epsdiluted": 2.51,
        "weightedAverageShsOut": 18918552,
        "weightedAverageShsOutDil": 18961838,
        "link": "",
        "finalLink": ""
    },
    {
        "date": "2000-08-31",
        "symbol": "SVU",
        "reportedCurrency": "USD",
        "cik": "0000095521",
        "fillingDate": "2000-08-31",
        "acceptedDate": "2000-08-30 20:00:00",
        "calendarYear": "2001",
        "period": "Q2",
        "revenue": 5333823000,
        "costOfRevenue": 4740086000,
        "grossProfit": 593737000,
        "grossProfitRatio": 0.1113154673,
        "researchAndDevelopmentExpenses": 0,
        "generalAndAdministrativeExpenses": 0,
        "sellingAndMarketingExpenses": 0,
        "sellingGeneralAndAdministrativeExpenses": 442102000,
        "otherExpenses": 11383000,
        "operatingExpenses": 453485000,
        "costAndExpenses": 5193571000,
        "interestIncome": 5430000,
        "interestExpense": 49869000,
        "depreciationAndAmortization": 11383000,
        "ebitda": 157065000,
        "ebitdaratio": 0.0294469839,
        "operatingIncome": 145682000,
        "operatingIncomeRatio": 0.0273128673,
        "totalOtherIncomeExpensesNet": -49869000,
        "incomeBeforeTax": 95813000,
        "incomeBeforeTaxRatio": 0.0179632882,
        "incomeTaxExpense": 38517000,
        "netIncome": 57296000,
        "netIncomeRatio": 0.0107420137,
        "eps": 3.03,
        "epsdiluted": 3.01,
        "weightedAverageShsOut": 18902981,
        "weightedAverageShsOutDil": 19013695,
        "link": "",
        "finalLink": ""
    },
    {
        "date": "2000-05-31",
        "symbol": "SVU",
        "reportedCurrency": "USD",
        "cik": "0000095521",
        "fillingDate": "2000-05-31",
        "acceptedDate": "2000-05-30 20:00:00",
        "calendarYear": "2001",
        "period": "Q1",
        "revenue": 6953393000,
        "costOfRevenue": 6205121000,
        "grossProfit": 748272000,
        "grossProfitRatio": 0.1076124994,
        "researchAndDevelopmentExpenses": 0,
        "generalAndAdministrativeExpenses": 0,
        "sellingAndMarketingExpenses": 0,
        "sellingGeneralAndAdministrativeExpenses": 558594000,
        "otherExpenses": 15065000,
        "operatingExpenses": 573659000,
        "costAndExpenses": 6778780000,
        "interestIncome": 6021000,
        "interestExpense": 63636000,
        "depreciationAndAmortization": 15065000,
        "ebitda": 195699000,
        "ebitdaratio": 0.0281443894,
        "operatingIncome": 180634000,
        "operatingIncomeRatio": 0.0259778212,
        "totalOtherIncomeExpensesNet": -63636000,
        "incomeBeforeTax": 116998000,
        "incomeBeforeTaxRatio": 0.0168260301,
        "incomeTaxExpense": 47033000,
        "netIncome": 69965000,
        "netIncomeRatio": 0.0100619942,
        "eps": 3.71,
        "epsdiluted": 3.68,
        "weightedAverageShsOut": 18855266,
        "weightedAverageShsOutDil": 19003695,
        "link": "",
        "finalLink": ""
    },
    {
        "date": "2000-02-29",
        "symbol": "SVU",
        "reportedCurrency": "USD",
        "cik": "0000095521",
        "fillingDate": "2000-02-29",
        "acceptedDate": "2000-02-28 19:00:00",
        "calendarYear": "2000",
        "period": "Q4",
        "revenue": 5541879000,
        "costOfRevenue": 4773434000,
        "grossProfit": 768445000,
        "grossProfitRatio": 0.138661454,
        "researchAndDevelopmentExpenses": 0,
        "generalAndAdministrativeExpenses": 0,
        "sellingAndMarketingExpenses": 0,
        "sellingGeneralAndAdministrativeExpenses": 515203000,
        "otherExpenses": 253362000,
        "operatingExpenses": 768565000,
        "costAndExpenses": 5541999000,
        "interestIncome": 0,
        "interestExpense": 46782000,
        "depreciationAndAmortization": 253362000,
        "ebitda": 421198000,
        "ebitdaratio": 0.076002742,
        "operatingIncome": 167836000,
        "operatingIncomeRatio": 0.0302850351,
        "totalOtherIncomeExpensesNet": -46782000,
        "incomeBeforeTax": 121054000,
        "incomeBeforeTaxRatio": 0.0218434939,
        "incomeTaxExpense": 49013000,
        "netIncome": 72041000,
        "netIncomeRatio": 0.0129993816,
        "eps": 3.82,
        "epsdiluted": 3.79,
        "weightedAverageShsOut": 18855266,
        "weightedAverageShsOutDil": 19003695,
        "link": "",
        "finalLink": ""
    },
    {
        "date": "1999-11-30",
        "symbol": "SVU",
        "reportedCurrency": "USD",
        "cik": "0000095521",
        "fillingDate": "1999-11-30",
        "acceptedDate": "1999-11-29 19:00:00",
        "calendarYear": "2000",
        "period": "Q3",
        "revenue": 5361700000,
        "costOfRevenue": 4780000000,
        "grossProfit": 581700000,
        "grossProfitRatio": 0.1084917097,
        "researchAndDevelopmentExpenses": 0,
        "generalAndAdministrativeExpenses": 0,
        "sellingAndMarketingExpenses": 0,
        "sellingGeneralAndAdministrativeExpenses": 432100000,
        "otherExpenses": 10900000,
        "operatingExpenses": 443000000,
        "costAndExpenses": 5223000000,
        "interestIncome": 0,
        "interestExpense": 44700000,
        "depreciationAndAmortization": -106700000,
        "ebitda": 37000000,
        "ebitdaratio": 0.0069007964,
        "operatingIncome": 143700000,
        "operatingIncomeRatio": 0.0268012011,
        "totalOtherIncomeExpensesNet": -44700000,
        "incomeBeforeTax": 99000000,
        "incomeBeforeTaxRatio": 0.018464293,
        "incomeTaxExpense": 40300000,
        "netIncome": 58700000,
        "netIncomeRatio": 0.0109480202,
        "eps": 2.94,
        "epsdiluted": 2.93,
        "weightedAverageShsOut": 19947837,
        "weightedAverageShsOutDil": 20066979,
        "link": "",
        "finalLink": ""
    },
    {
        "date": "1999-08-31",
        "symbol": "SVU",
        "reportedCurrency": "USD",
        "cik": "0000095521",
        "fillingDate": "1999-08-31",
        "acceptedDate": "1999-08-30 20:00:00",
        "calendarYear": "2000",
        "period": "Q2",
        "revenue": 4145800000,
        "costOfRevenue": 3645800000,
        "grossProfit": 500000000,
        "grossProfitRatio": 0.1206039848,
        "researchAndDevelopmentExpenses": 0,
        "generalAndAdministrativeExpenses": 0,
        "sellingAndMarketingExpenses": 0,
        "sellingGeneralAndAdministrativeExpenses": 344100000,
        "otherExpenses": 57800000,
        "operatingExpenses": 401900000,
        "costAndExpenses": 4047700000,
        "interestIncome": 4600000,
        "interestExpense": 27400000,
        "depreciationAndAmortization": 57800000,
        "ebitda": 160400000,
        "ebitdaratio": 0.0386897583,
        "operatingIncome": 102600000,
        "operatingIncomeRatio": 0.0247479377,
        "totalOtherIncomeExpensesNet": -27400000,
        "incomeBeforeTax": 75200000,
        "incomeBeforeTaxRatio": 0.0181388393,
        "incomeTaxExpense": 29700000,
        "netIncome": 45500000,
        "netIncomeRatio": 0.0109749626,
        "eps": 2.59,
        "epsdiluted": 2.59,
        "weightedAverageShsOut": 17567550,
        "weightedAverageShsOutDil": 17567550,
        "link": "",
        "finalLink": ""
    },
    {
        "date": "1999-05-31",
        "symbol": "SVU",
        "reportedCurrency": "USD",
        "cik": "0000095521",
        "fillingDate": "1999-05-31",
        "acceptedDate": "1999-05-30 20:00:00",
        "calendarYear": "2000",
        "period": "Q1",
        "revenue": 5289700000,
        "costOfRevenue": 4681100000,
        "grossProfit": 608600000,
        "grossProfitRatio": 0.1150537838,
        "researchAndDevelopmentExpenses": 0,
        "generalAndAdministrativeExpenses": 0,
        "sellingAndMarketingExpenses": 0,
        "sellingGeneralAndAdministrativeExpenses": 413600000,
        "otherExpenses": 72600000,
        "operatingExpenses": 486200000,
        "costAndExpenses": 5167300000,
        "interestIncome": 0,
        "interestExpense": 35600000,
        "depreciationAndAmortization": 72600000,
        "ebitda": 260400000,
        "ebitdaratio": 0.0492277445,
        "operatingIncome": 187800000,
        "operatingIncomeRatio": 0.0355029586,
        "totalOtherIncomeExpensesNet": -35600000,
        "incomeBeforeTax": 152200000,
        "incomeBeforeTaxRatio": 0.0287728983,
        "incomeTaxExpense": 85500000,
        "netIncome": 66700000,
        "netIncomeRatio": 0.0126094107,
        "eps": 3.85,
        "epsdiluted": 3.85,
        "weightedAverageShsOut": 17324658,
        "weightedAverageShsOutDil": 17324658,
        "link": "",
        "finalLink": ""
    },
    {
        "date": "1999-02-28",
        "symbol": "SVU",
        "reportedCurrency": "USD",
        "cik": "0000095521",
        "fillingDate": "1999-02-28",
        "acceptedDate": "1999-02-27 19:00:00",
        "calendarYear": "1999",
        "period": "Q4",
        "revenue": 4200900000,
        "costOfRevenue": 3502400000,
        "grossProfit": 698500000,
        "grossProfitRatio": 0.1662738937,
        "researchAndDevelopmentExpenses": 0,
        "generalAndAdministrativeExpenses": 0,
        "sellingAndMarketingExpenses": 0,
        "sellingGeneralAndAdministrativeExpenses": 367400000,
        "otherExpenses": 217500000,
        "operatingExpenses": 584900000,
        "costAndExpenses": 4087300000,
        "interestIncome": 0,
        "interestExpense": 29800000,
        "depreciationAndAmortization": 217500000,
        "ebitda": 337100000,
        "ebitdaratio": 0.0802447095,
        "operatingIncome": 119600000,
        "operatingIncomeRatio": 0.0284700897,
        "totalOtherIncomeExpensesNet": -29800000,
        "incomeBeforeTax": 89800000,
        "incomeBeforeTaxRatio": 0.0213763717,
        "incomeTaxExpense": 35500000,
        "netIncome": 54300000,
        "netIncomeRatio": 0.0129258016,
        "eps": 3.13,
        "epsdiluted": 3.13,
        "weightedAverageShsOut": 17324658,
        "weightedAverageShsOutDil": 17324658,
        "link": "",
        "finalLink": ""
    },
    {
        "date": "1998-11-30",
        "symbol": "SVU",
        "reportedCurrency": "USD",
        "cik": "0000095521",
        "fillingDate": "1998-11-30",
        "acceptedDate": "1998-11-29 19:00:00",
        "calendarYear": "1999",
        "period": "Q3",
        "revenue": 4079700000,
        "costOfRevenue": 3665900000,
        "grossProfit": 413800000,
        "grossProfitRatio": 0.1014290266,
        "researchAndDevelopmentExpenses": 0,
        "generalAndAdministrativeExpenses": 0,
        "sellingAndMarketingExpenses": 0,
        "sellingGeneralAndAdministrativeExpenses": 312700000,
        "otherExpenses": 4900000,
        "operatingExpenses": 317600000,
        "costAndExpenses": 3983500000,
        "interestIncome": 0,
        "interestExpense": 28700000,
        "depreciationAndAmortization": -106200000,
        "ebitda": -4100000,
        "ebitdaratio": -0.0010049759,
        "operatingIncome": 102100000,
        "operatingIncomeRatio": 0.02502635,
        "totalOtherIncomeExpensesNet": -28700000,
        "incomeBeforeTax": 73400000,
        "incomeBeforeTaxRatio": 0.017991519,
        "incomeTaxExpense": 28100000,
        "netIncome": 45300000,
        "netIncomeRatio": 0.0111037576,
        "eps": 2.66,
        "epsdiluted": 2.59,
        "weightedAverageShsOut": 17030058,
        "weightedAverageShsOutDil": 17490330,
        "link": "",
        "finalLink": ""
    },
    {
        "date": "1998-08-31",
        "symbol": "SVU",
        "reportedCurrency": "USD",
        "cik": "0000095521",
        "fillingDate": "1998-08-31",
        "acceptedDate": "1998-08-30 20:00:00",
        "calendarYear": "1999",
        "period": "Q2",
        "revenue": 3937300000,
        "costOfRevenue": 3486300000,
        "grossProfit": 451000000,
        "grossProfitRatio": 0.1145455007,
        "researchAndDevelopmentExpenses": 0,
        "generalAndAdministrativeExpenses": 0,
        "sellingAndMarketingExpenses": 0,
        "sellingGeneralAndAdministrativeExpenses": 308100000,
        "otherExpenses": 53000000,
        "operatingExpenses": 361100000,
        "costAndExpenses": 3847400000,
        "interestIncome": 0,
        "interestExpense": 27300000,
        "depreciationAndAmortization": 53000000,
        "ebitda": 147000000,
        "ebitdaratio": 0.0373352297,
        "operatingIncome": 94000000,
        "operatingIncomeRatio": 0.0238742285,
        "totalOtherIncomeExpensesNet": -27300000,
        "incomeBeforeTax": 66700000,
        "incomeBeforeTaxRatio": 0.016940543,
        "incomeTaxExpense": 26800000,
        "netIncome": 39900000,
        "netIncomeRatio": 0.0101338481,
        "eps": 2.31,
        "epsdiluted": 2.31,
        "weightedAverageShsOut": 17272710,
        "weightedAverageShsOutDil": 17272710,
        "link": "",
        "finalLink": ""
    },
    {
        "date": "1998-05-31",
        "symbol": "SVU",
        "reportedCurrency": "USD",
        "cik": "0000095521",
        "fillingDate": "1998-05-31",
        "acceptedDate": "1998-05-30 20:00:00",
        "calendarYear": "1999",
        "period": "Q1",
        "revenue": 5202600000,
        "costOfRevenue": 4620900000,
        "grossProfit": 581700000,
        "grossProfitRatio": 0.1118094799,
        "researchAndDevelopmentExpenses": 0,
        "generalAndAdministrativeExpenses": 0,
        "sellingAndMarketingExpenses": 0,
        "sellingGeneralAndAdministrativeExpenses": 394100000,
        "otherExpenses": 69200000,
        "operatingExpenses": 463300000,
        "costAndExpenses": 5084200000,
        "interestIncome": 0,
        "interestExpense": 38300000,
        "depreciationAndAmortization": 69200000,
        "ebitda": 193800000,
        "ebitdaratio": 0.0372506055,
        "operatingIncome": 124600000,
        "operatingIncomeRatio": 0.0239495637,
        "totalOtherIncomeExpensesNet": -38300000,
        "incomeBeforeTax": 86300000,
        "incomeBeforeTaxRatio": 0.0165878599,
        "incomeTaxExpense": 34500000,
        "netIncome": 51800000,
        "netIncomeRatio": 0.0099565602,
        "eps": 3.01,
        "epsdiluted": 3.01,
        "weightedAverageShsOut": 17209285,
        "weightedAverageShsOutDil": 17209285,
        "link": "",
        "finalLink": ""
    },
    {
        "date": "1998-02-28",
        "symbol": "SVU",
        "reportedCurrency": "USD",
        "cik": "0000095521",
        "fillingDate": "1998-02-28",
        "acceptedDate": "1998-02-27 19:00:00",
        "calendarYear": "1998",
        "period": "Q4",
        "revenue": 4297500000,
        "costOfRevenue": 3754500000,
        "grossProfit": 543000000,
        "grossProfitRatio": 0.1263525305,
        "researchAndDevelopmentExpenses": 0,
        "generalAndAdministrativeExpenses": 0,
        "sellingAndMarketingExpenses": 0,
        "sellingGeneralAndAdministrativeExpenses": 374500000,
        "otherExpenses": 55300000,
        "operatingExpenses": 429800000,
        "costAndExpenses": 4184300000,
        "interestIncome": 0,
        "interestExpense": 32600000,
        "depreciationAndAmortization": 55300000,
        "ebitda": 174300000,
        "ebitdaratio": 0.0405584642,
        "operatingIncome": 119000000,
        "operatingIncomeRatio": 0.0276905177,
        "totalOtherIncomeExpensesNet": -32600000,
        "incomeBeforeTax": 86400000,
        "incomeBeforeTaxRatio": 0.020104712,
        "incomeTaxExpense": 34700000,
        "netIncome": 51700000,
        "netIncomeRatio": 0.0120302501,
        "eps": 3,
        "epsdiluted": 3,
        "weightedAverageShsOut": 17209285,
        "weightedAverageShsOutDil": 17209285,
        "link": "",
        "finalLink": ""
    },
    {
        "date": "1997-11-30",
        "symbol": "SVU",
        "reportedCurrency": "USD",
        "cik": "0000095521",
        "fillingDate": "1997-11-30",
        "acceptedDate": "1997-11-29 19:00:00",
        "calendarYear": "1998",
        "period": "Q3",
        "revenue": 4004600000,
        "costOfRevenue": 3553200000,
        "grossProfit": 451400000,
        "grossProfitRatio": 0.1127203716,
        "researchAndDevelopmentExpenses": 0,
        "generalAndAdministrativeExpenses": 0,
        "sellingAndMarketingExpenses": 0,
        "sellingGeneralAndAdministrativeExpenses": 306800000,
        "otherExpenses": 52200000,
        "operatingExpenses": 359000000,
        "costAndExpenses": 3912200000,
        "interestIncome": 0,
        "interestExpense": 29900000,
        "depreciationAndAmortization": 52200000,
        "ebitda": 149400000,
        "ebitdaratio": 0.0373070968,
        "operatingIncome": 97200000,
        "operatingIncomeRatio": 0.0242720871,
        "totalOtherIncomeExpensesNet": -29900000,
        "incomeBeforeTax": 67300000,
        "incomeBeforeTaxRatio": 0.0168056735,
        "incomeTaxExpense": 27100000,
        "netIncome": 40200000,
        "netIncomeRatio": 0.0100384558,
        "eps": 2.38,
        "epsdiluted": 2.31,
        "weightedAverageShsOut": 16890739,
        "weightedAverageShsOutDil": 17402580,
        "link": "",
        "finalLink": ""
    },
    {
        "date": "1997-08-31",
        "symbol": "SVU",
        "reportedCurrency": "USD",
        "cik": "0000095521",
        "fillingDate": "1997-08-31",
        "acceptedDate": "1997-08-30 20:00:00",
        "calendarYear": "1998",
        "period": "Q2",
        "revenue": 3866000000,
        "costOfRevenue": 3424100000,
        "grossProfit": 441900000,
        "grossProfitRatio": 0.1143041904,
        "researchAndDevelopmentExpenses": 0,
        "generalAndAdministrativeExpenses": 0,
        "sellingAndMarketingExpenses": 0,
        "sellingGeneralAndAdministrativeExpenses": 303600000,
        "otherExpenses": 53200000,
        "operatingExpenses": 356800000,
        "costAndExpenses": 3780900000,
        "interestIncome": 0,
        "interestExpense": 29800000,
        "depreciationAndAmortization": 53200000,
        "ebitda": 232200000,
        "ebitdaratio": 0.0600620797,
        "operatingIncome": 179000000,
        "operatingIncomeRatio": 0.0463010864,
        "totalOtherIncomeExpensesNet": -29800000,
        "incomeBeforeTax": 149200000,
        "incomeBeforeTaxRatio": 0.0385928608,
        "incomeTaxExpense": 60100000,
        "netIncome": 89100000,
        "netIncomeRatio": 0.0230470771,
        "eps": 5.04,
        "epsdiluted": 4.97,
        "weightedAverageShsOut": 17678554,
        "weightedAverageShsOutDil": 17927547,
        "link": "",
        "finalLink": ""
    },
    {
        "date": "1997-05-31",
        "symbol": "SVU",
        "reportedCurrency": "USD",
        "cik": "0000095521",
        "fillingDate": "1997-05-31",
        "acceptedDate": "1997-05-30 20:00:00",
        "calendarYear": "1998",
        "period": "Q1",
        "revenue": 5033300000,
        "costOfRevenue": 4468800000,
        "grossProfit": 564500000,
        "grossProfitRatio": 0.1121530606,
        "researchAndDevelopmentExpenses": 0,
        "generalAndAdministrativeExpenses": 0,
        "sellingAndMarketingExpenses": 0,
        "sellingGeneralAndAdministrativeExpenses": 380300000,
        "otherExpenses": 69400000,
        "operatingExpenses": 449700000,
        "costAndExpenses": 4918500000,
        "interestIncome": 0,
        "interestExpense": 41300000,
        "depreciationAndAmortization": 69400000,
        "ebitda": 192700000,
        "ebitdaratio": 0.0382850218,
        "operatingIncome": 123300000,
        "operatingIncomeRatio": 0.024496851,
        "totalOtherIncomeExpensesNet": -41300000,
        "incomeBeforeTax": 82000000,
        "incomeBeforeTaxRatio": 0.0162914986,
        "incomeTaxExpense": 32200000,
        "netIncome": 49800000,
        "netIncomeRatio": 0.0098941053,
        "eps": 2.59,
        "epsdiluted": 2.59,
        "weightedAverageShsOut": 19227780,
        "weightedAverageShsOutDil": 19227780,
        "link": "",
        "finalLink": ""
    },
    {
        "date": "1997-02-28",
        "symbol": "SVU",
        "reportedCurrency": "USD",
        "cik": "0000095521",
        "fillingDate": "1997-02-28",
        "acceptedDate": "1997-02-27 19:00:00",
        "calendarYear": "1997",
        "period": "Q4",
        "revenue": 3889600000,
        "costOfRevenue": 3398300000,
        "grossProfit": 491300000,
        "grossProfitRatio": 0.1263111888,
        "researchAndDevelopmentExpenses": 0,
        "generalAndAdministrativeExpenses": 0,
        "sellingAndMarketingExpenses": 0,
        "sellingGeneralAndAdministrativeExpenses": 338100000,
        "otherExpenses": 55200000,
        "operatingExpenses": 393300000,
        "costAndExpenses": 3791600000,
        "interestIncome": 0,
        "interestExpense": 31700000,
        "depreciationAndAmortization": 55200000,
        "ebitda": 168500000,
        "ebitdaratio": 0.0433206499,
        "operatingIncome": 113300000,
        "operatingIncomeRatio": 0.0291289593,
        "totalOtherIncomeExpensesNet": -31700000,
        "incomeBeforeTax": 81600000,
        "incomeBeforeTaxRatio": 0.020979021,
        "incomeTaxExpense": 28700000,
        "netIncome": 52900000,
        "netIncomeRatio": 0.0136003702,
        "eps": 2.75,
        "epsdiluted": 2.75,
        "weightedAverageShsOut": 19227780,
        "weightedAverageShsOutDil": 19227780,
        "link": "",
        "finalLink": ""
    },
    {
        "date": "1996-11-30",
        "symbol": "SVU",
        "reportedCurrency": "USD",
        "cik": "0000095521",
        "fillingDate": "1996-11-30",
        "acceptedDate": "1996-11-29 19:00:00",
        "calendarYear": "1997",
        "period": "Q3",
        "revenue": 3904800000,
        "costOfRevenue": 3469200000,
        "grossProfit": 435600000,
        "grossProfitRatio": 0.1115550092,
        "researchAndDevelopmentExpenses": 0,
        "generalAndAdministrativeExpenses": 0,
        "sellingAndMarketingExpenses": 0,
        "sellingGeneralAndAdministrativeExpenses": 291900000,
        "otherExpenses": 54900000,
        "operatingExpenses": 346800000,
        "costAndExpenses": 3816000000,
        "interestIncome": 0,
        "interestExpense": 32500000,
        "depreciationAndAmortization": 54900000,
        "ebitda": 151900000,
        "ebitdaratio": 0.03890084,
        "operatingIncome": 97000000,
        "operatingIncomeRatio": 0.0248412211,
        "totalOtherIncomeExpensesNet": -32500000,
        "incomeBeforeTax": 64500000,
        "incomeBeforeTaxRatio": 0.0165181315,
        "incomeTaxExpense": 24300000,
        "netIncome": 40200000,
        "netIncomeRatio": 0.0102950215,
        "eps": 2.1,
        "epsdiluted": 2.1,
        "weightedAverageShsOut": 19142838,
        "weightedAverageShsOutDil": 19142838,
        "link": "",
        "finalLink": ""
    },
    {
        "date": "1996-08-31",
        "symbol": "SVU",
        "reportedCurrency": "USD",
        "cik": "0000095521",
        "fillingDate": "1996-08-31",
        "acceptedDate": "1996-08-30 20:00:00",
        "calendarYear": "1997",
        "period": "Q2",
        "revenue": 3778700000,
        "costOfRevenue": 3345000000,
        "grossProfit": 433700000,
        "grossProfitRatio": 0.1147749226,
        "researchAndDevelopmentExpenses": 0,
        "generalAndAdministrativeExpenses": 0,
        "sellingAndMarketingExpenses": 0,
        "sellingGeneralAndAdministrativeExpenses": 291600000,
        "otherExpenses": 53500000,
        "operatingExpenses": 345100000,
        "costAndExpenses": 3690100000,
        "interestIncome": 0,
        "interestExpense": 31200000,
        "depreciationAndAmortization": 53500000,
        "ebitda": 143400000,
        "ebitdaratio": 0.0379495594,
        "operatingIncome": 89900000,
        "operatingIncomeRatio": 0.023791251,
        "totalOtherIncomeExpensesNet": -31200000,
        "incomeBeforeTax": 58700000,
        "incomeBeforeTaxRatio": 0.0155344431,
        "incomeTaxExpense": 22800000,
        "netIncome": 35900000,
        "netIncomeRatio": 0.0095006219,
        "eps": 1.89,
        "epsdiluted": 1.89,
        "weightedAverageShsOut": 18994690,
        "weightedAverageShsOutDil": 18994690,
        "link": "",
        "finalLink": ""
    },
    {
        "date": "1996-05-31",
        "symbol": "SVU",
        "reportedCurrency": "USD",
        "cik": "0000095521",
        "fillingDate": "1996-05-31",
        "acceptedDate": "1996-05-30 20:00:00",
        "calendarYear": "1997",
        "period": "Q1",
        "revenue": 4978800000,
        "costOfRevenue": 4430800000,
        "grossProfit": 548000000,
        "grossProfitRatio": 0.1100666827,
        "researchAndDevelopmentExpenses": 0,
        "generalAndAdministrativeExpenses": 0,
        "sellingAndMarketingExpenses": 0,
        "sellingGeneralAndAdministrativeExpenses": 364400000,
        "otherExpenses": 68500000,
        "operatingExpenses": 432900000,
        "costAndExpenses": 4863700000,
        "interestIncome": 0,
        "interestExpense": 41400000,
        "depreciationAndAmortization": 68500000,
        "ebitda": 185600000,
        "ebitdaratio": 0.037278059,
        "operatingIncome": 117100000,
        "operatingIncomeRatio": 0.0235197236,
        "totalOtherIncomeExpensesNet": -41400000,
        "incomeBeforeTax": 75700000,
        "incomeBeforeTaxRatio": 0.0152044669,
        "incomeTaxExpense": 29700000,
        "netIncome": 46000000,
        "netIncomeRatio": 0.0092391741,
        "eps": 2.38,
        "epsdiluted": 2.38,
        "weightedAverageShsOut": 19327712,
        "weightedAverageShsOutDil": 19327712,
        "link": "",
        "finalLink": ""
    },
    {
        "date": "1996-02-29",
        "symbol": "SVU",
        "reportedCurrency": "USD",
        "cik": "0000095521",
        "fillingDate": "1996-02-29",
        "acceptedDate": "1996-02-28 19:00:00",
        "calendarYear": "1996",
        "period": "Q4",
        "revenue": 3847300000,
        "costOfRevenue": 3395500000,
        "grossProfit": 451800000,
        "grossProfitRatio": 0.117433005,
        "researchAndDevelopmentExpenses": 0,
        "generalAndAdministrativeExpenses": 0,
        "sellingAndMarketingExpenses": 0,
        "sellingGeneralAndAdministrativeExpenses": 323600000,
        "otherExpenses": 51000000,
        "operatingExpenses": 374600000,
        "costAndExpenses": 3770100000,
        "interestIncome": 0,
        "interestExpense": 32200000,
        "depreciationAndAmortization": 51000000,
        "ebitda": 158600000,
        "ebitdaratio": 0.0412237153,
        "operatingIncome": 107600000,
        "operatingIncomeRatio": 0.0279676656,
        "totalOtherIncomeExpensesNet": -32200000,
        "incomeBeforeTax": 75400000,
        "incomeBeforeTaxRatio": 0.0195981597,
        "incomeTaxExpense": 26700000,
        "netIncome": 48700000,
        "netIncomeRatio": 0.0126582278,
        "eps": 2.52,
        "epsdiluted": 2.52,
        "weightedAverageShsOut": 19327712,
        "weightedAverageShsOutDil": 19327712,
        "link": "",
        "finalLink": ""
    },
    {
        "date": "1995-11-30",
        "symbol": "SVU",
        "reportedCurrency": "USD",
        "cik": "0000095521",
        "fillingDate": "1995-11-30",
        "acceptedDate": "1995-11-29 19:00:00",
        "calendarYear": "1996",
        "period": "Q3",
        "revenue": 3886600000,
        "costOfRevenue": 3467800000,
        "grossProfit": 418800000,
        "grossProfitRatio": 0.10775485,
        "researchAndDevelopmentExpenses": 0,
        "generalAndAdministrativeExpenses": 0,
        "sellingAndMarketingExpenses": 0,
        "sellingGeneralAndAdministrativeExpenses": 279500000,
        "otherExpenses": 52000000,
        "operatingExpenses": 331500000,
        "costAndExpenses": 3799300000,
        "interestIncome": 0,
        "interestExpense": 31100000,
        "depreciationAndAmortization": 52000000,
        "ebitda": 144700000,
        "ebitdaratio": 0.0372304842,
        "operatingIncome": 92700000,
        "operatingIncomeRatio": 0.023851181,
        "totalOtherIncomeExpensesNet": -31100000,
        "incomeBeforeTax": 61600000,
        "incomeBeforeTaxRatio": 0.0158493285,
        "incomeTaxExpense": 23200000,
        "netIncome": 38400000,
        "netIncomeRatio": 0.0098801009,
        "eps": 2.03,
        "epsdiluted": 2.03,
        "weightedAverageShsOut": 18916237,
        "weightedAverageShsOutDil": 18916237,
        "link": "",
        "finalLink": ""
    },
    {
        "date": "1995-08-31",
        "symbol": "SVU",
        "reportedCurrency": "USD",
        "cik": "0000095521",
        "fillingDate": "1995-08-31",
        "acceptedDate": "1995-08-30 20:00:00",
        "calendarYear": "1996",
        "period": "Q2",
        "revenue": 3779400000,
        "costOfRevenue": 3376400000,
        "grossProfit": 403000000,
        "grossProfitRatio": 0.1066306821,
        "researchAndDevelopmentExpenses": 0,
        "generalAndAdministrativeExpenses": 0,
        "sellingAndMarketingExpenses": 0,
        "sellingGeneralAndAdministrativeExpenses": 265400000,
        "otherExpenses": 51300000,
        "operatingExpenses": 316700000,
        "costAndExpenses": 3693100000,
        "interestIncome": 0,
        "interestExpense": 32800000,
        "depreciationAndAmortization": 51300000,
        "ebitda": 139000000,
        "ebitdaratio": 0.0367783246,
        "operatingIncome": 87700000,
        "operatingIncomeRatio": 0.0232047415,
        "totalOtherIncomeExpensesNet": -32800000,
        "incomeBeforeTax": 54900000,
        "incomeBeforeTaxRatio": 0.0145261153,
        "incomeTaxExpense": 21600000,
        "netIncome": 33300000,
        "netIncomeRatio": 0.0088109224,
        "eps": 1.75,
        "epsdiluted": 1.75,
        "weightedAverageShsOut": 19028552,
        "weightedAverageShsOutDil": 19028552,
        "link": "",
        "finalLink": ""
    },
    {
        "date": "1995-05-31",
        "symbol": "SVU",
        "reportedCurrency": "USD",
        "cik": "0000095521",
        "fillingDate": "1995-05-31",
        "acceptedDate": "1995-05-30 20:00:00",
        "calendarYear": "1996",
        "period": "Q1",
        "revenue": 4973000000,
        "costOfRevenue": 4447900000,
        "grossProfit": 525100000,
        "grossProfitRatio": 0.105590187,
        "researchAndDevelopmentExpenses": 0,
        "generalAndAdministrativeExpenses": 0,
        "sellingAndMarketingExpenses": 0,
        "sellingGeneralAndAdministrativeExpenses": 344600000,
        "otherExpenses": 64800000,
        "operatingExpenses": 409400000,
        "costAndExpenses": 4857300000,
        "interestIncome": 0,
        "interestExpense": 44100000,
        "depreciationAndAmortization": 64800000,
        "ebitda": 184700000,
        "ebitdaratio": 0.037140559,
        "operatingIncome": 119900000,
        "operatingIncomeRatio": 0.0241101951,
        "totalOtherIncomeExpensesNet": -44100000,
        "incomeBeforeTax": 75800000,
        "incomeBeforeTaxRatio": 0.0152423085,
        "incomeTaxExpense": 29800000,
        "netIncome": 46000000,
        "netIncomeRatio": 0.0092499497,
        "eps": 2.31,
        "epsdiluted": 2.31,
        "weightedAverageShsOut": 19913400,
        "weightedAverageShsOutDil": 19913400,
        "link": "",
        "finalLink": ""
    },
    {
        "date": "1995-02-28",
        "symbol": "SVU",
        "reportedCurrency": "USD",
        "cik": "0000095521",
        "fillingDate": "1995-02-28",
        "acceptedDate": "1995-02-27 19:00:00",
        "calendarYear": "1995",
        "period": "Q4",
        "revenue": 3890800000,
        "costOfRevenue": 3458800000,
        "grossProfit": 432000000,
        "grossProfitRatio": 0.1110311504,
        "researchAndDevelopmentExpenses": 0,
        "generalAndAdministrativeExpenses": 0,
        "sellingAndMarketingExpenses": 0,
        "sellingGeneralAndAdministrativeExpenses": 313000000,
        "otherExpenses": 43600000,
        "operatingExpenses": 356600000,
        "costAndExpenses": 3815400000,
        "interestIncome": 0,
        "interestExpense": 34900000,
        "depreciationAndAmortization": 43600000,
        "ebitda": 119000000,
        "ebitdaratio": 0.0305849697,
        "operatingIncome": 75400000,
        "operatingIncomeRatio": 0.019379048,
        "totalOtherIncomeExpensesNet": 26100000,
        "incomeBeforeTax": 101500000,
        "incomeBeforeTaxRatio": 0.02608718,
        "incomeTaxExpense": 23200000,
        "netIncome": 78300000,
        "netIncomeRatio": 0.020124396,
        "eps": 3.93,
        "epsdiluted": 3.93,
        "weightedAverageShsOut": 19913400,
        "weightedAverageShsOutDil": 19913400,
        "link": "",
        "finalLink": ""
    },
    {
        "date": "1994-11-30",
        "symbol": "SVU",
        "reportedCurrency": "USD",
        "cik": "0000095521",
        "fillingDate": "1994-11-30",
        "acceptedDate": "1994-11-29 19:00:00",
        "calendarYear": "1995",
        "period": "Q3",
        "revenue": 3908200000,
        "costOfRevenue": 3501400000,
        "grossProfit": 406800000,
        "grossProfitRatio": 0.1040888389,
        "researchAndDevelopmentExpenses": 0,
        "generalAndAdministrativeExpenses": 0,
        "sellingAndMarketingExpenses": 0,
        "sellingGeneralAndAdministrativeExpenses": 279600000,
        "otherExpenses": 45900000,
        "operatingExpenses": 325500000,
        "costAndExpenses": 3826900000,
        "interestIncome": 0,
        "interestExpense": 32600000,
        "depreciationAndAmortization": 45900000,
        "ebitda": -110600000,
        "ebitdaratio": -0.0282994729,
        "operatingIncome": -156500000,
        "operatingIncomeRatio": -0.04004401,
        "totalOtherIncomeExpensesNet": -32600000,
        "incomeBeforeTax": -189100000,
        "incomeBeforeTaxRatio": -0.048385446,
        "incomeTaxExpense": -105000000,
        "netIncome": -84100000,
        "netIncomeRatio": -0.0215188578,
        "eps": -4.13,
        "epsdiluted": -4.13,
        "weightedAverageShsOut": 20363176,
        "weightedAverageShsOutDil": 20363176,
        "link": "",
        "finalLink": ""
    },
    {
        "date": "1994-08-31",
        "symbol": "SVU",
        "reportedCurrency": "USD",
        "cik": "0000095521",
        "fillingDate": "1994-08-31",
        "acceptedDate": "1994-08-30 20:00:00",
        "calendarYear": "1995",
        "period": "Q2",
        "revenue": 3773700000,
        "costOfRevenue": 3393300000,
        "grossProfit": 380400000,
        "grossProfitRatio": 0.1008029255,
        "researchAndDevelopmentExpenses": 0,
        "generalAndAdministrativeExpenses": 0,
        "sellingAndMarketingExpenses": 0,
        "sellingGeneralAndAdministrativeExpenses": 255300000,
        "otherExpenses": 44200000,
        "operatingExpenses": 299500000,
        "costAndExpenses": 3692800000,
        "interestIncome": 0,
        "interestExpense": 29700000,
        "depreciationAndAmortization": 44200000,
        "ebitda": 128800000,
        "ebitdaratio": 0.034130959,
        "operatingIncome": 84600000,
        "operatingIncomeRatio": 0.0224183162,
        "totalOtherIncomeExpensesNet": -29700000,
        "incomeBeforeTax": 54900000,
        "incomeBeforeTaxRatio": 0.0145480563,
        "incomeTaxExpense": 21400000,
        "netIncome": 33500000,
        "netIncomeRatio": 0.0088772292,
        "eps": 1.68,
        "epsdiluted": 1.68,
        "weightedAverageShsOut": 19940456,
        "weightedAverageShsOutDil": 19940456,
        "link": "",
        "finalLink": ""
    },
    {
        "date": "1994-05-31",
        "symbol": "SVU",
        "reportedCurrency": "USD",
        "cik": "0000095521",
        "fillingDate": "1994-05-31",
        "acceptedDate": "1994-05-30 20:00:00",
        "calendarYear": "1995",
        "period": "Q1",
        "revenue": 4991100000,
        "costOfRevenue": 4487900000,
        "grossProfit": 503200000,
        "grossProfitRatio": 0.1008194586,
        "researchAndDevelopmentExpenses": 0,
        "generalAndAdministrativeExpenses": 0,
        "sellingAndMarketingExpenses": 0,
        "sellingGeneralAndAdministrativeExpenses": 322000000,
        "otherExpenses": 65000000,
        "operatingExpenses": 387000000,
        "costAndExpenses": 4874900000,
        "interestIncome": 0,
        "interestExpense": 38300000,
        "depreciationAndAmortization": 65000000,
        "ebitda": 186900000,
        "ebitdaratio": 0.037446655,
        "operatingIncome": 121900000,
        "operatingIncomeRatio": 0.0244234738,
        "totalOtherIncomeExpensesNet": -38300000,
        "incomeBeforeTax": 83600000,
        "incomeBeforeTaxRatio": 0.0167498147,
        "incomeTaxExpense": 33000000,
        "netIncome": 50600000,
        "netIncomeRatio": 0.0101380457,
        "eps": 2.52,
        "epsdiluted": 2.52,
        "weightedAverageShsOut": 20079345,
        "weightedAverageShsOutDil": 20079345,
        "link": "",
        "finalLink": ""
    },
    {
        "date": "1994-02-28",
        "symbol": "SVU",
        "reportedCurrency": "USD",
        "cik": "0000095521",
        "fillingDate": "1994-02-28",
        "acceptedDate": "1994-02-27 19:00:00",
        "calendarYear": "1994",
        "period": "Q4",
        "revenue": 3687000000,
        "costOfRevenue": 3291700000,
        "grossProfit": 395300000,
        "grossProfitRatio": 0.1072145376,
        "researchAndDevelopmentExpenses": 0,
        "generalAndAdministrativeExpenses": 0,
        "sellingAndMarketingExpenses": 0,
        "sellingGeneralAndAdministrativeExpenses": 266600000,
        "otherExpenses": 43300000,
        "operatingExpenses": 309900000,
        "costAndExpenses": 3601600000,
        "interestIncome": 0,
        "interestExpense": 26800000,
        "depreciationAndAmortization": 43300000,
        "ebitda": 150600000,
        "ebitdaratio": 0.0408462164,
        "operatingIncome": 107300000,
        "operatingIncomeRatio": 0.0291022512,
        "totalOtherIncomeExpensesNet": -26800000,
        "incomeBeforeTax": 80500000,
        "incomeBeforeTaxRatio": 0.0218334689,
        "incomeTaxExpense": 27800000,
        "netIncome": 52700000,
        "netIncomeRatio": 0.0142934635,
        "eps": 2.62,
        "epsdiluted": 2.62,
        "weightedAverageShsOut": 20079345,
        "weightedAverageShsOutDil": 20079345,
        "link": "",
        "finalLink": ""
    },
    {
        "date": "1993-11-30",
        "symbol": "SVU",
        "reportedCurrency": "USD",
        "cik": "0000095521",
        "fillingDate": "1993-11-30",
        "acceptedDate": "1993-11-29 19:00:00",
        "calendarYear": "1994",
        "period": "Q3",
        "revenue": 3670300000,
        "costOfRevenue": 3296700000,
        "grossProfit": 373600000,
        "grossProfitRatio": 0.1017900444,
        "researchAndDevelopmentExpenses": 0,
        "generalAndAdministrativeExpenses": 0,
        "sellingAndMarketingExpenses": 0,
        "sellingGeneralAndAdministrativeExpenses": 243600000,
        "otherExpenses": 42300000,
        "operatingExpenses": 285900000,
        "costAndExpenses": 3582600000,
        "interestIncome": 0,
        "interestExpense": 27100000,
        "depreciationAndAmortization": 42300000,
        "ebitda": 140600000,
        "ebitdaratio": 0.0383074953,
        "operatingIncome": 98300000,
        "operatingIncomeRatio": 0.0267825518,
        "totalOtherIncomeExpensesNet": -27100000,
        "incomeBeforeTax": 71200000,
        "incomeBeforeTaxRatio": 0.0193989592,
        "incomeTaxExpense": 26000000,
        "netIncome": 45200000,
        "netIncomeRatio": 0.0123150696,
        "eps": 2.24,
        "epsdiluted": 2.24,
        "weightedAverageShsOut": 20178551,
        "weightedAverageShsOutDil": 20178551,
        "link": "",
        "finalLink": ""
    },
    {
        "date": "1993-08-31",
        "symbol": "SVU",
        "reportedCurrency": "USD",
        "cik": "0000095521",
        "fillingDate": "1993-08-31",
        "acceptedDate": "1993-08-30 20:00:00",
        "calendarYear": "1994",
        "period": "Q2",
        "revenue": 3703800000,
        "costOfRevenue": 3349500000,
        "grossProfit": 354300000,
        "grossProfitRatio": 0.0956585129,
        "researchAndDevelopmentExpenses": 0,
        "generalAndAdministrativeExpenses": 0,
        "sellingAndMarketingExpenses": 0,
        "sellingGeneralAndAdministrativeExpenses": 227100000,
        "otherExpenses": 42600000,
        "operatingExpenses": 269700000,
        "costAndExpenses": 3619200000,
        "interestIncome": 0,
        "interestExpense": 28100000,
        "depreciationAndAmortization": 42500000,
        "ebitda": 132000000,
        "ebitdaratio": 0.0356390734,
        "operatingIncome": 89500000,
        "operatingIncomeRatio": 0.0241643717,
        "totalOtherIncomeExpensesNet": -28100000,
        "incomeBeforeTax": 61400000,
        "incomeBeforeTaxRatio": 0.016577569,
        "incomeTaxExpense": 25100000,
        "netIncome": 36300000,
        "netIncomeRatio": 0.0098007452,
        "eps": 1.82,
        "epsdiluted": 1.82,
        "weightedAverageShsOut": 19945035,
        "weightedAverageShsOutDil": 19945035,
        "link": "",
        "finalLink": ""
    },
    {
        "date": "1993-05-31",
        "symbol": "SVU",
        "reportedCurrency": "USD",
        "cik": "0000095521",
        "fillingDate": "1993-05-31",
        "acceptedDate": "1993-05-30 20:00:00",
        "calendarYear": "1994",
        "period": "Q1",
        "revenue": 4875800000,
        "costOfRevenue": 4399300000,
        "grossProfit": 476500000,
        "grossProfitRatio": 0.0977275524,
        "researchAndDevelopmentExpenses": 0,
        "generalAndAdministrativeExpenses": 0,
        "sellingAndMarketingExpenses": 0,
        "sellingGeneralAndAdministrativeExpenses": 307100000,
        "otherExpenses": 58200000,
        "operatingExpenses": 365300000,
        "costAndExpenses": 4764600000,
        "interestIncome": 0,
        "interestExpense": 38400000,
        "depreciationAndAmortization": 58200000,
        "ebitda": 177600000,
        "ebitdaratio": 0.0364247918,
        "operatingIncome": 119400000,
        "operatingIncomeRatio": 0.0244882891,
        "totalOtherIncomeExpensesNet": -38400000,
        "incomeBeforeTax": 81000000,
        "incomeBeforeTaxRatio": 0.0166126584,
        "incomeTaxExpense": 29900000,
        "netIncome": 51100000,
        "netIncomeRatio": 0.0104803314,
        "eps": 2.52,
        "epsdiluted": 2.52,
        "weightedAverageShsOut": 20277758,
        "weightedAverageShsOutDil": 20277758,
        "link": "",
        "finalLink": ""
    },
    {
        "date": "1993-02-28",
        "symbol": "SVU",
        "reportedCurrency": "USD",
        "cik": "0000095521",
        "fillingDate": "1993-02-28",
        "acceptedDate": "1993-02-27 19:00:00",
        "calendarYear": "1993",
        "period": "Q4",
        "revenue": 3853700000,
        "costOfRevenue": 3478600000,
        "grossProfit": 375100000,
        "grossProfitRatio": 0.0973350287,
        "researchAndDevelopmentExpenses": 0,
        "generalAndAdministrativeExpenses": 0,
        "sellingAndMarketingExpenses": 0,
        "sellingGeneralAndAdministrativeExpenses": 236000000,
        "otherExpenses": 47200000,
        "operatingExpenses": 283200000,
        "costAndExpenses": 3761800000,
        "interestIncome": 0,
        "interestExpense": 31100000,
        "depreciationAndAmortization": 47200000,
        "ebitda": 157600000,
        "ebitdaratio": 0.0408957625,
        "operatingIncome": 110400000,
        "operatingIncomeRatio": 0.028647793,
        "totalOtherIncomeExpensesNet": -31100000,
        "incomeBeforeTax": 79300000,
        "incomeBeforeTaxRatio": 0.0205776267,
        "incomeTaxExpense": 29400000,
        "netIncome": 49900000,
        "netIncomeRatio": 0.0129485949,
        "eps": 2.46,
        "epsdiluted": 2.46,
        "weightedAverageShsOut": 20277758,
        "weightedAverageShsOutDil": 20277758,
        "link": "",
        "finalLink": ""
    },
    {
        "date": "1992-11-30",
        "symbol": "SVU",
        "reportedCurrency": "USD",
        "cik": "0000095521",
        "fillingDate": "1992-11-30",
        "acceptedDate": "1992-11-29 19:00:00",
        "calendarYear": "1993",
        "period": "Q3",
        "revenue": 2960400000,
        "costOfRevenue": 2676100000,
        "grossProfit": 284300000,
        "grossProfitRatio": 0.0960343197,
        "researchAndDevelopmentExpenses": 0,
        "generalAndAdministrativeExpenses": 0,
        "sellingAndMarketingExpenses": 0,
        "sellingGeneralAndAdministrativeExpenses": 191300000,
        "otherExpenses": 31200000,
        "operatingExpenses": 222500000,
        "costAndExpenses": 2898600000,
        "interestIncome": 0,
        "interestExpense": 19100000,
        "depreciationAndAmortization": 31200000,
        "ebitda": 106700000,
        "ebitdaratio": 0.0360424267,
        "operatingIncome": 75500000,
        "operatingIncomeRatio": 0.0255033104,
        "totalOtherIncomeExpensesNet": -19100000,
        "incomeBeforeTax": 56400000,
        "incomeBeforeTaxRatio": 0.0190514795,
        "incomeTaxExpense": 19700000,
        "netIncome": 36700000,
        "netIncomeRatio": 0.0123969734,
        "eps": 1.82,
        "epsdiluted": 1.82,
        "weightedAverageShsOut": 20164815,
        "weightedAverageShsOutDil": 20164815,
        "link": "",
        "finalLink": ""
    },
    {
        "date": "1992-08-31",
        "symbol": "SVU",
        "reportedCurrency": "USD",
        "cik": "0000095521",
        "fillingDate": "1992-08-31",
        "acceptedDate": "1992-08-30 20:00:00",
        "calendarYear": "1993",
        "period": "Q2",
        "revenue": 2469600000,
        "costOfRevenue": 2245000000,
        "grossProfit": 224600000,
        "grossProfitRatio": 0.0909459022,
        "researchAndDevelopmentExpenses": 0,
        "generalAndAdministrativeExpenses": 0,
        "sellingAndMarketingExpenses": 0,
        "sellingGeneralAndAdministrativeExpenses": 140300000,
        "otherExpenses": 27600000,
        "operatingExpenses": 167900000,
        "costAndExpenses": 2412900000,
        "interestIncome": 0,
        "interestExpense": 12900000,
        "depreciationAndAmortization": 27600000,
        "ebitda": 91300000,
        "ebitdaratio": 0.0369695497,
        "operatingIncome": 63700000,
        "operatingIncomeRatio": 0.0257936508,
        "totalOtherIncomeExpensesNet": -12900000,
        "incomeBeforeTax": 50800000,
        "incomeBeforeTaxRatio": 0.0205701328,
        "incomeTaxExpense": 18600000,
        "netIncome": 32200000,
        "netIncomeRatio": 0.0130385488,
        "eps": 1.61,
        "epsdiluted": 1.61,
        "weightedAverageShsOut": 19999980,
        "weightedAverageShsOutDil": 19999980,
        "link": "",
        "finalLink": ""
    },
    {
        "date": "1992-05-31",
        "symbol": "SVU",
        "reportedCurrency": "USD",
        "cik": "0000095521",
        "fillingDate": "1992-05-31",
        "acceptedDate": "1992-05-30 20:00:00",
        "calendarYear": "1993",
        "period": "Q1",
        "revenue": 3284300000,
        "costOfRevenue": 2990800000,
        "grossProfit": 293500000,
        "grossProfitRatio": 0.0893645526,
        "researchAndDevelopmentExpenses": 0,
        "generalAndAdministrativeExpenses": 0,
        "sellingAndMarketingExpenses": 0,
        "sellingGeneralAndAdministrativeExpenses": 179300000,
        "otherExpenses": 34800000,
        "operatingExpenses": 214100000,
        "costAndExpenses": 3204900000,
        "interestIncome": 0,
        "interestExpense": 20000000,
        "depreciationAndAmortization": 34800000,
        "ebitda": 126800000,
        "ebitdaratio": 0.0386079225,
        "operatingIncome": 92000000,
        "operatingIncomeRatio": 0.0280120574,
        "totalOtherIncomeExpensesNet": -20000000,
        "incomeBeforeTax": 72000000,
        "incomeBeforeTaxRatio": 0.0219224797,
        "incomeTaxExpense": 26400000,
        "netIncome": 45600000,
        "netIncomeRatio": 0.0138842371,
        "eps": 2.24,
        "epsdiluted": 2.24,
        "weightedAverageShsOut": 20357122,
        "weightedAverageShsOutDil": 20357122,
        "link": "",
        "finalLink": ""
    },
    {
        "date": "1992-02-29",
        "symbol": "SVU",
        "reportedCurrency": "USD",
        "cik": "0000095521",
        "fillingDate": "1992-02-29",
        "acceptedDate": "1992-02-28 19:00:00",
        "calendarYear": "1992",
        "period": "Q4",
        "revenue": 2628700000,
        "costOfRevenue": 2365200000,
        "grossProfit": 263500000,
        "grossProfitRatio": 0.1002396622,
        "researchAndDevelopmentExpenses": 0,
        "generalAndAdministrativeExpenses": 0,
        "sellingAndMarketingExpenses": 0,
        "sellingGeneralAndAdministrativeExpenses": 165400000,
        "otherExpenses": 29200000,
        "operatingExpenses": 194600000,
        "costAndExpenses": 2559800000,
        "interestIncome": 0,
        "interestExpense": 15300000,
        "depreciationAndAmortization": 29200000,
        "ebitda": 117500000,
        "ebitdaratio": 0.0446989006,
        "operatingIncome": 88300000,
        "operatingIncomeRatio": 0.0335907483,
        "totalOtherIncomeExpensesNet": -15300000,
        "incomeBeforeTax": 73000000,
        "incomeBeforeTaxRatio": 0.0277703808,
        "incomeTaxExpense": 25400000,
        "netIncome": 47600000,
        "netIncomeRatio": 0.0181078099,
        "eps": 2.34,
        "epsdiluted": 2.34,
        "weightedAverageShsOut": 20357122,
        "weightedAverageShsOutDil": 20357122,
        "link": "",
        "finalLink": ""
    },
    {
        "date": "1991-11-30",
        "symbol": "SVU",
        "reportedCurrency": "USD",
        "cik": "0000095521",
        "fillingDate": "1991-11-30",
        "acceptedDate": "1991-11-29 19:00:00",
        "calendarYear": "1992",
        "period": "Q3",
        "revenue": 2471400000,
        "costOfRevenue": 2257400000,
        "grossProfit": 214000000,
        "grossProfitRatio": 0.0865905964,
        "researchAndDevelopmentExpenses": 0,
        "generalAndAdministrativeExpenses": 0,
        "sellingAndMarketingExpenses": 0,
        "sellingGeneralAndAdministrativeExpenses": 136500000,
        "otherExpenses": 27400000,
        "operatingExpenses": 163900000,
        "costAndExpenses": 2421300000,
        "interestIncome": 0,
        "interestExpense": 16800000,
        "depreciationAndAmortization": 3900000,
        "ebitda": 154400000,
        "ebitdaratio": 0.0624747107,
        "operatingIncome": 150500000,
        "operatingIncomeRatio": 0.0608966578,
        "totalOtherIncomeExpensesNet": -16800000,
        "incomeBeforeTax": 133700000,
        "incomeBeforeTaxRatio": 0.0540988913,
        "incomeTaxExpense": 49300000,
        "netIncome": 84400000,
        "netIncomeRatio": 0.0341506838,
        "eps": 3.92,
        "epsdiluted": 3.92,
        "weightedAverageShsOut": 21530591,
        "weightedAverageShsOutDil": 21530591,
        "link": "",
        "finalLink": ""
    },
    {
        "date": "1991-08-31",
        "symbol": "SVU",
        "reportedCurrency": "USD",
        "cik": "0000095521",
        "fillingDate": "1991-08-31",
        "acceptedDate": "1991-08-30 20:00:00",
        "calendarYear": "1992",
        "period": "Q2",
        "revenue": 2718800000,
        "costOfRevenue": 2416600000,
        "grossProfit": 302200000,
        "grossProfitRatio": 0.1111519788,
        "researchAndDevelopmentExpenses": 0,
        "generalAndAdministrativeExpenses": 0,
        "sellingAndMarketingExpenses": 0,
        "sellingGeneralAndAdministrativeExpenses": 212200000,
        "otherExpenses": 26100000,
        "operatingExpenses": 238300000,
        "costAndExpenses": 2654900000,
        "interestIncome": 0,
        "interestExpense": 17800000,
        "depreciationAndAmortization": 34600000,
        "ebitda": 103200000,
        "ebitdaratio": 0.0379579226,
        "operatingIncome": 68600000,
        "operatingIncomeRatio": 0.0252317199,
        "totalOtherIncomeExpensesNet": -17800000,
        "incomeBeforeTax": 50800000,
        "incomeBeforeTaxRatio": 0.0186847138,
        "incomeTaxExpense": 20000000,
        "netIncome": 30800000,
        "netIncomeRatio": 0.0113285273,
        "eps": 1.47,
        "epsdiluted": 1.47,
        "weightedAverageShsOut": 20952360,
        "weightedAverageShsOutDil": 20952360,
        "link": "",
        "finalLink": ""
    },
    {
        "date": "1991-05-31",
        "symbol": "SVU",
        "reportedCurrency": "USD",
        "cik": "0000095521",
        "fillingDate": "1991-05-31",
        "acceptedDate": "1991-05-30 20:00:00",
        "calendarYear": "1992",
        "period": "Q1",
        "revenue": 3604000000,
        "costOfRevenue": 3196800000,
        "grossProfit": 407200000,
        "grossProfitRatio": 0.1129855716,
        "researchAndDevelopmentExpenses": 0,
        "generalAndAdministrativeExpenses": 0,
        "sellingAndMarketingExpenses": 0,
        "sellingGeneralAndAdministrativeExpenses": 271900000,
        "otherExpenses": 43800000,
        "operatingExpenses": 315700000,
        "costAndExpenses": 3512500000,
        "interestIncome": 0,
        "interestExpense": 23500000,
        "depreciationAndAmortization": 43800000,
        "ebitda": 141400000,
        "ebitdaratio": 0.0392341842,
        "operatingIncome": 97600000,
        "operatingIncomeRatio": 0.0270810211,
        "totalOtherIncomeExpensesNet": -23500000,
        "incomeBeforeTax": 74100000,
        "incomeBeforeTaxRatio": 0.0205604883,
        "incomeTaxExpense": 29200000,
        "netIncome": 44900000,
        "netIncomeRatio": 0.0124583796,
        "eps": 2.1,
        "epsdiluted": 2.1,
        "weightedAverageShsOut": 21380931,
        "weightedAverageShsOutDil": 21380931,
        "link": "",
        "finalLink": ""
    },
    {
        "date": "1991-02-28",
        "symbol": "SVU",
        "reportedCurrency": "USD",
        "cik": "0000095521",
        "fillingDate": "1991-02-28",
        "acceptedDate": "1991-02-27 19:00:00",
        "calendarYear": "1991",
        "period": "Q4",
        "revenue": 2740800000,
        "costOfRevenue": 2391600000,
        "grossProfit": 349200000,
        "grossProfitRatio": 0.127408056,
        "researchAndDevelopmentExpenses": 0,
        "generalAndAdministrativeExpenses": 0,
        "sellingAndMarketingExpenses": 0,
        "sellingGeneralAndAdministrativeExpenses": 218900000,
        "otherExpenses": 42200000,
        "operatingExpenses": 261100000,
        "costAndExpenses": 2652700000,
        "interestIncome": 0,
        "interestExpense": 18600000,
        "depreciationAndAmortization": 42200000,
        "ebitda": 138000000,
        "ebitdaratio": 0.0503502627,
        "operatingIncome": 95800000,
        "operatingIncomeRatio": 0.0349532983,
        "totalOtherIncomeExpensesNet": -18600000,
        "incomeBeforeTax": 77200000,
        "incomeBeforeTaxRatio": 0.0281669586,
        "incomeTaxExpense": 30000000,
        "netIncome": 47200000,
        "netIncomeRatio": 0.0172212493,
        "eps": 2.21,
        "epsdiluted": 2.21,
        "weightedAverageShsOut": 21380931,
        "weightedAverageShsOutDil": 21380931,
        "link": "",
        "finalLink": ""
    },
    {
        "date": "1990-11-30",
        "symbol": "SVU",
        "reportedCurrency": "USD",
        "cik": "0000095521",
        "fillingDate": "1990-11-30",
        "acceptedDate": "1990-11-29 19:00:00",
        "calendarYear": "1991",
        "period": "Q3",
        "revenue": 2774300000,
        "costOfRevenue": 2451900000,
        "grossProfit": 322400000,
        "grossProfitRatio": 0.1162094943,
        "researchAndDevelopmentExpenses": 0,
        "generalAndAdministrativeExpenses": 0,
        "sellingAndMarketingExpenses": 0,
        "sellingGeneralAndAdministrativeExpenses": 212400000,
        "otherExpenses": 34200000,
        "operatingExpenses": 246600000,
        "costAndExpenses": 2698500000,
        "interestIncome": 0,
        "interestExpense": 20300000,
        "depreciationAndAmortization": 32500000,
        "ebitda": 113300000,
        "ebitdaratio": 0.0408391306,
        "operatingIncome": 80800000,
        "operatingIncomeRatio": 0.0291244638,
        "totalOtherIncomeExpensesNet": -20300000,
        "incomeBeforeTax": 60500000,
        "incomeBeforeTaxRatio": 0.0218073027,
        "incomeTaxExpense": 22500000,
        "netIncome": 38000000,
        "netIncomeRatio": 0.0136971488,
        "eps": 1.82,
        "epsdiluted": 1.82,
        "weightedAverageShsOut": 20879100,
        "weightedAverageShsOutDil": 20879100,
        "link": "",
        "finalLink": ""
    },
    {
        "date": "1990-08-31",
        "symbol": "SVU",
        "reportedCurrency": "USD",
        "cik": "0000095521",
        "fillingDate": "1990-08-31",
        "acceptedDate": "1990-08-30 20:00:00",
        "calendarYear": "1991",
        "period": "Q2",
        "revenue": 2657700000,
        "costOfRevenue": 2363500000,
        "grossProfit": 294200000,
        "grossProfitRatio": 0.1106972194,
        "researchAndDevelopmentExpenses": 0,
        "generalAndAdministrativeExpenses": 0,
        "sellingAndMarketingExpenses": 0,
        "sellingGeneralAndAdministrativeExpenses": 200700000,
        "otherExpenses": 35100000,
        "operatingExpenses": 235800000,
        "costAndExpenses": 2599300000,
        "interestIncome": 0,
        "interestExpense": 10800000,
        "depreciationAndAmortization": 30500000,
        "ebitda": 88900000,
        "ebitdaratio": 0.0334499755,
        "operatingIncome": 58400000,
        "operatingIncomeRatio": 0.0219738872,
        "totalOtherIncomeExpensesNet": -10800000,
        "incomeBeforeTax": 47600000,
        "incomeBeforeTaxRatio": 0.0179102231,
        "incomeTaxExpense": 19000000,
        "netIncome": 28600000,
        "netIncomeRatio": 0.0107611845,
        "eps": 1.33,
        "epsdiluted": 1.33,
        "weightedAverageShsOut": 21503738,
        "weightedAverageShsOutDil": 21503738,
        "link": "",
        "finalLink": ""
    },
    {
        "date": "1990-05-31",
        "symbol": "SVU",
        "reportedCurrency": "USD",
        "cik": "0000095521",
        "fillingDate": "1990-05-31",
        "acceptedDate": "1990-05-30 20:00:00",
        "calendarYear": "1991",
        "period": "Q1",
        "revenue": 3439700000,
        "costOfRevenue": 3059200000,
        "grossProfit": 380500000,
        "grossProfitRatio": 0.1106201122,
        "researchAndDevelopmentExpenses": 0,
        "generalAndAdministrativeExpenses": 0,
        "sellingAndMarketingExpenses": 0,
        "sellingGeneralAndAdministrativeExpenses": 256800000,
        "otherExpenses": 39700000,
        "operatingExpenses": 296500000,
        "costAndExpenses": 3355700000,
        "interestIncome": 0,
        "interestExpense": 15200000,
        "depreciationAndAmortization": 39700000,
        "ebitda": 123700000,
        "ebitdaratio": 0.0359624386,
        "operatingIncome": 84000000,
        "operatingIncomeRatio": 0.0244207344,
        "totalOtherIncomeExpensesNet": -15200000,
        "incomeBeforeTax": 68800000,
        "incomeBeforeTaxRatio": 0.0200017443,
        "incomeTaxExpense": 27400000,
        "netIncome": 41400000,
        "netIncomeRatio": 0.0120359334,
        "eps": 1.96,
        "epsdiluted": 1.96,
        "weightedAverageShsOut": 21122428,
        "weightedAverageShsOutDil": 21122428,
        "link": "",
        "finalLink": ""
    },
    {
        "date": "1990-02-28",
        "symbol": "SVU",
        "reportedCurrency": "USD",
        "cik": "0000095521",
        "fillingDate": "1990-02-28",
        "acceptedDate": "1990-02-27 19:00:00",
        "calendarYear": "1990",
        "period": "Q4",
        "revenue": 2643400000,
        "costOfRevenue": 2333600000,
        "grossProfit": 309800000,
        "grossProfitRatio": 0.1171975486,
        "researchAndDevelopmentExpenses": 0,
        "generalAndAdministrativeExpenses": 0,
        "sellingAndMarketingExpenses": 0,
        "sellingGeneralAndAdministrativeExpenses": 197500000,
        "otherExpenses": 30900000,
        "operatingExpenses": 228400000,
        "costAndExpenses": 2562000000,
        "interestIncome": 0,
        "interestExpense": 16900000,
        "depreciationAndAmortization": 30900000,
        "ebitda": 117600000,
        "ebitdaratio": 0.0444881592,
        "operatingIncome": 86700000,
        "operatingIncomeRatio": 0.0327986684,
        "totalOtherIncomeExpensesNet": -16900000,
        "incomeBeforeTax": 69800000,
        "incomeBeforeTaxRatio": 0.026405387,
        "incomeTaxExpense": 26300000,
        "netIncome": 43500000,
        "netIncomeRatio": 0.0164560793,
        "eps": 2.06,
        "epsdiluted": 2.06,
        "weightedAverageShsOut": 21122428,
        "weightedAverageShsOutDil": 21122428,
        "link": "",
        "finalLink": ""
    },
    {
        "date": "1989-11-30",
        "symbol": "SVU",
        "reportedCurrency": "USD",
        "cik": "0000095521",
        "fillingDate": "1989-11-30",
        "acceptedDate": "1989-11-29 19:00:00",
        "calendarYear": "1990",
        "period": "Q3",
        "revenue": 2669800000,
        "costOfRevenue": 2364700000,
        "grossProfit": 305100000,
        "grossProfitRatio": 0.1142782231,
        "researchAndDevelopmentExpenses": 0,
        "generalAndAdministrativeExpenses": 0,
        "sellingAndMarketingExpenses": 0,
        "sellingGeneralAndAdministrativeExpenses": 198700000,
        "otherExpenses": 30800000,
        "operatingExpenses": 229500000,
        "costAndExpenses": 2594200000,
        "interestIncome": 0,
        "interestExpense": 19600000,
        "depreciationAndAmortization": 30800000,
        "ebitda": 112900000,
        "ebitdaratio": 0.0422878118,
        "operatingIncome": 82100000,
        "operatingIncomeRatio": 0.0307513671,
        "totalOtherIncomeExpensesNet": -19600000,
        "incomeBeforeTax": 62500000,
        "incomeBeforeTaxRatio": 0.0234099933,
        "incomeTaxExpense": 25000000,
        "netIncome": 37500000,
        "netIncomeRatio": 0.014045996,
        "eps": 1.75,
        "epsdiluted": 1.75,
        "weightedAverageShsOut": 21428550,
        "weightedAverageShsOutDil": 21428550,
        "link": "",
        "finalLink": ""
    },
    {
        "date": "1989-08-31",
        "symbol": "SVU",
        "reportedCurrency": "USD",
        "cik": "0000095521",
        "fillingDate": "1989-08-31",
        "acceptedDate": "1989-08-30 20:00:00",
        "calendarYear": "1990",
        "period": "Q2",
        "revenue": 2549200000,
        "costOfRevenue": 0,
        "grossProfit": 2549200000,
        "grossProfitRatio": 1,
        "researchAndDevelopmentExpenses": 0,
        "generalAndAdministrativeExpenses": 0,
        "sellingAndMarketingExpenses": 0,
        "sellingGeneralAndAdministrativeExpenses": 0,
        "otherExpenses": 0,
        "operatingExpenses": 0,
        "costAndExpenses": 0,
        "interestIncome": 0,
        "interestExpense": 0,
        "depreciationAndAmortization": 0,
        "ebitda": 2549200000,
        "ebitdaratio": 1,
        "operatingIncome": 2549200000,
        "operatingIncomeRatio": 1,
        "totalOtherIncomeExpensesNet": 0,
        "incomeBeforeTax": 0,
        "incomeBeforeTaxRatio": 0,
        "incomeTaxExpense": 0,
        "netIncome": 0,
        "netIncomeRatio": 0,
        "eps": 0,
        "epsdiluted": 0,
        "weightedAverageShsOut": 21416264,
        "weightedAverageShsOutDil": 21416264,
        "link": "",
        "finalLink": ""
    },
    {
        "date": "1989-05-31",
        "symbol": "SVU",
        "reportedCurrency": "USD",
        "cik": "0000095521",
        "fillingDate": "1989-05-31",
        "acceptedDate": "1989-05-30 20:00:00",
        "calendarYear": "1990",
        "period": "Q1",
        "revenue": 3273500000,
        "costOfRevenue": 0,
        "grossProfit": 3273500000,
        "grossProfitRatio": 1,
        "researchAndDevelopmentExpenses": 0,
        "generalAndAdministrativeExpenses": 0,
        "sellingAndMarketingExpenses": 0,
        "sellingGeneralAndAdministrativeExpenses": 0,
        "otherExpenses": 0,
        "operatingExpenses": 0,
        "costAndExpenses": 0,
        "interestIncome": 0,
        "interestExpense": 0,
        "depreciationAndAmortization": 0,
        "ebitda": 3273500000,
        "ebitdaratio": 1,
        "operatingIncome": 3273500000,
        "operatingIncomeRatio": 1,
        "totalOtherIncomeExpensesNet": 0,
        "incomeBeforeTax": 0,
        "incomeBeforeTaxRatio": 0,
        "incomeTaxExpense": 0,
        "netIncome": 0,
        "netIncomeRatio": 0,
        "eps": 0,
        "epsdiluted": 0,
        "weightedAverageShsOut": 21383978,
        "weightedAverageShsOutDil": 21383978,
        "link": "",
        "finalLink": ""
    },
    {
        "date": "1989-02-28",
        "symbol": "SVU",
        "reportedCurrency": "USD",
        "cik": "0000095521",
        "fillingDate": "1989-02-28",
        "acceptedDate": "1989-02-27 19:00:00",
        "calendarYear": "1989",
        "period": "Q4",
        "revenue": 2507000000,
        "costOfRevenue": 0,
        "grossProfit": 2507000000,
        "grossProfitRatio": 1,
        "researchAndDevelopmentExpenses": 0,
        "generalAndAdministrativeExpenses": 0,
        "sellingAndMarketingExpenses": 0,
        "sellingGeneralAndAdministrativeExpenses": 0,
        "otherExpenses": -10021400000,
        "operatingExpenses": -10021400000,
        "costAndExpenses": -10021400000,
        "interestIncome": 0,
        "interestExpense": 0,
        "depreciationAndAmortization": 0,
        "ebitda": -7514400000,
        "ebitdaratio": -2.9973673714,
        "operatingIncome": -7514400000,
        "operatingIncomeRatio": -2.9973673714,
        "totalOtherIncomeExpensesNet": 0,
        "incomeBeforeTax": 0,
        "incomeBeforeTaxRatio": 0,
        "incomeTaxExpense": 0,
        "netIncome": 0,
        "netIncomeRatio": 0,
        "eps": 0,
        "epsdiluted": 0,
        "weightedAverageShsOut": 21383978,
        "weightedAverageShsOutDil": 21383978,
        "link": "",
        "finalLink": ""
    },
    {
        "date": "1988-11-30",
        "symbol": "SVU",
        "reportedCurrency": "USD",
        "cik": "0000095521",
        "fillingDate": "1988-11-30",
        "acceptedDate": "1988-11-29 19:00:00",
        "calendarYear": "1989",
        "period": "Q3",
        "revenue": 2464600000,
        "costOfRevenue": 0,
        "grossProfit": 2464600000,
        "grossProfitRatio": 1,
        "researchAndDevelopmentExpenses": 0,
        "generalAndAdministrativeExpenses": 0,
        "sellingAndMarketingExpenses": 0,
        "sellingGeneralAndAdministrativeExpenses": 0,
        "otherExpenses": 0,
        "operatingExpenses": 0,
        "costAndExpenses": 0,
        "interestIncome": 0,
        "interestExpense": 0,
        "depreciationAndAmortization": 0,
        "ebitda": 2464600000,
        "ebitdaratio": 1,
        "operatingIncome": 2464600000,
        "operatingIncomeRatio": 1,
        "totalOtherIncomeExpensesNet": 0,
        "incomeBeforeTax": 0,
        "incomeBeforeTaxRatio": 0,
        "incomeTaxExpense": 0,
        "netIncome": 0,
        "netIncomeRatio": 0,
        "eps": 0,
        "epsdiluted": 0,
        "weightedAverageShsOut": 21370835,
        "weightedAverageShsOutDil": 21370835,
        "link": "",
        "finalLink": ""
    },
    {
        "date": "1988-08-31",
        "symbol": "SVU",
        "reportedCurrency": "USD",
        "cik": "0000095521",
        "fillingDate": "1988-08-31",
        "acceptedDate": "1988-08-30 20:00:00",
        "calendarYear": "1989",
        "period": "Q2",
        "revenue": 2337600000,
        "costOfRevenue": 0,
        "grossProfit": 2337600000,
        "grossProfitRatio": 1,
        "researchAndDevelopmentExpenses": 0,
        "generalAndAdministrativeExpenses": 0,
        "sellingAndMarketingExpenses": 0,
        "sellingGeneralAndAdministrativeExpenses": 0,
        "otherExpenses": 0,
        "operatingExpenses": 0,
        "costAndExpenses": 0,
        "interestIncome": 0,
        "interestExpense": 0,
        "depreciationAndAmortization": 0,
        "ebitda": 2337600000,
        "ebitdaratio": 1,
        "operatingIncome": 2337600000,
        "operatingIncomeRatio": 1,
        "totalOtherIncomeExpensesNet": 0,
        "incomeBeforeTax": 0,
        "incomeBeforeTaxRatio": 0,
        "incomeTaxExpense": 0,
        "netIncome": 0,
        "netIncomeRatio": 0,
        "eps": 0,
        "epsdiluted": 0,
        "weightedAverageShsOut": 21359407,
        "weightedAverageShsOutDil": 21359407,
        "link": "",
        "finalLink": ""
    },
    {
        "date": "1988-05-31",
        "symbol": "SVU",
        "reportedCurrency": "USD",
        "cik": "0000095521",
        "fillingDate": "1988-05-31",
        "acceptedDate": "1988-05-30 20:00:00",
        "calendarYear": "1989",
        "period": "Q1",
        "revenue": 2987100000,
        "costOfRevenue": 0,
        "grossProfit": 2987100000,
        "grossProfitRatio": 1,
        "researchAndDevelopmentExpenses": 0,
        "generalAndAdministrativeExpenses": 0,
        "sellingAndMarketingExpenses": 0,
        "sellingGeneralAndAdministrativeExpenses": 0,
        "otherExpenses": 0,
        "operatingExpenses": 0,
        "costAndExpenses": 0,
        "interestIncome": 0,
        "interestExpense": 0,
        "depreciationAndAmortization": 0,
        "ebitda": 2987100000,
        "ebitdaratio": 1,
        "operatingIncome": 2987100000,
        "operatingIncomeRatio": 1,
        "totalOtherIncomeExpensesNet": 0,
        "incomeBeforeTax": 0,
        "incomeBeforeTaxRatio": 0,
        "incomeTaxExpense": 0,
        "netIncome": 0,
        "netIncomeRatio": 0,
        "eps": 0,
        "epsdiluted": 0,
        "weightedAverageShsOut": 21253978,
        "weightedAverageShsOutDil": 21253978,
        "link": "",
        "finalLink": ""
    },
    {
        "date": "1988-02-29",
        "symbol": "SVU",
        "reportedCurrency": "USD",
        "cik": "0000095521",
        "fillingDate": "1988-02-29",
        "acceptedDate": "1988-02-28 19:00:00",
        "calendarYear": "1988",
        "period": "Q4",
        "revenue": 2235400000,
        "costOfRevenue": 0,
        "grossProfit": 2235400000,
        "grossProfitRatio": 1,
        "researchAndDevelopmentExpenses": 0,
        "generalAndAdministrativeExpenses": 0,
        "sellingAndMarketingExpenses": 0,
        "sellingGeneralAndAdministrativeExpenses": 0,
        "otherExpenses": -9130600000,
        "operatingExpenses": -9130600000,
        "costAndExpenses": -9130600000,
        "interestIncome": 0,
        "interestExpense": 0,
        "depreciationAndAmortization": 0,
        "ebitda": -6895200000,
        "ebitdaratio": -3.0845486266,
        "operatingIncome": -6895200000,
        "operatingIncomeRatio": -3.0845486266,
        "totalOtherIncomeExpensesNet": 0,
        "incomeBeforeTax": 0,
        "incomeBeforeTaxRatio": 0,
        "incomeTaxExpense": 0,
        "netIncome": 0,
        "netIncomeRatio": 0,
        "eps": 0,
        "epsdiluted": 0,
        "weightedAverageShsOut": 21253978,
        "weightedAverageShsOutDil": 21253978,
        "link": "",
        "finalLink": ""
    },
    {
        "date": "1987-11-30",
        "symbol": "SVU",
        "reportedCurrency": "USD",
        "cik": "0000095521",
        "fillingDate": "1987-11-30",
        "acceptedDate": "1987-11-29 19:00:00",
        "calendarYear": "1988",
        "period": "Q3",
        "revenue": 2248000000,
        "costOfRevenue": 0,
        "grossProfit": 2248000000,
        "grossProfitRatio": 1,
        "researchAndDevelopmentExpenses": 0,
        "generalAndAdministrativeExpenses": 0,
        "sellingAndMarketingExpenses": 0,
        "sellingGeneralAndAdministrativeExpenses": 0,
        "otherExpenses": 0,
        "operatingExpenses": 0,
        "costAndExpenses": 0,
        "interestIncome": 0,
        "interestExpense": 0,
        "depreciationAndAmortization": 0,
        "ebitda": 2248000000,
        "ebitdaratio": 1,
        "operatingIncome": 2248000000,
        "operatingIncomeRatio": 1,
        "totalOtherIncomeExpensesNet": 0,
        "incomeBeforeTax": 0,
        "incomeBeforeTaxRatio": 0,
        "incomeTaxExpense": 0,
        "netIncome": 0,
        "netIncomeRatio": 0,
        "eps": 0,
        "epsdiluted": 0,
        "weightedAverageShsOut": 21253978,
        "weightedAverageShsOutDil": 21253978,
        "link": "",
        "finalLink": ""
    },
    {
        "date": "1987-08-31",
        "symbol": "SVU",
        "reportedCurrency": "USD",
        "cik": "0000095521",
        "fillingDate": "1987-08-31",
        "acceptedDate": "1987-08-30 20:00:00",
        "calendarYear": "1988",
        "period": "Q2",
        "revenue": 2104800000,
        "costOfRevenue": 0,
        "grossProfit": 2104800000,
        "grossProfitRatio": 1,
        "researchAndDevelopmentExpenses": 0,
        "generalAndAdministrativeExpenses": 0,
        "sellingAndMarketingExpenses": 0,
        "sellingGeneralAndAdministrativeExpenses": 0,
        "otherExpenses": 0,
        "operatingExpenses": 0,
        "costAndExpenses": 0,
        "interestIncome": 0,
        "interestExpense": 0,
        "depreciationAndAmortization": 0,
        "ebitda": 2104800000,
        "ebitdaratio": 1,
        "operatingIncome": 2104800000,
        "operatingIncomeRatio": 1,
        "totalOtherIncomeExpensesNet": 0,
        "incomeBeforeTax": 0,
        "incomeBeforeTaxRatio": 0,
        "incomeTaxExpense": 0,
        "netIncome": 0,
        "netIncomeRatio": 0,
        "eps": 0,
        "epsdiluted": 0,
        "weightedAverageShsOut": 21253978,
        "weightedAverageShsOutDil": 21253978,
        "link": "",
        "finalLink": ""
    },
    {
        "date": "1987-05-31",
        "symbol": "SVU",
        "reportedCurrency": "USD",
        "cik": "0000095521",
        "fillingDate": "1987-05-31",
        "acceptedDate": "1987-05-30 20:00:00",
        "calendarYear": "1988",
        "period": "Q1",
        "revenue": 2783400000,
        "costOfRevenue": 0,
        "grossProfit": 2783400000,
        "grossProfitRatio": 1,
        "researchAndDevelopmentExpenses": 0,
        "generalAndAdministrativeExpenses": 0,
        "sellingAndMarketingExpenses": 0,
        "sellingGeneralAndAdministrativeExpenses": 0,
        "otherExpenses": 0,
        "operatingExpenses": 0,
        "costAndExpenses": 0,
        "interestIncome": 0,
        "interestExpense": 0,
        "depreciationAndAmortization": 0,
        "ebitda": 2783400000,
        "ebitdaratio": 1,
        "operatingIncome": 2783400000,
        "operatingIncomeRatio": 1,
        "totalOtherIncomeExpensesNet": 0,
        "incomeBeforeTax": 0,
        "incomeBeforeTaxRatio": 0,
        "incomeTaxExpense": 0,
        "netIncome": 0,
        "netIncomeRatio": 0,
        "eps": 0,
        "epsdiluted": 0,
        "weightedAverageShsOut": 21253978,
        "weightedAverageShsOutDil": 21253978,
        "link": "",
        "finalLink": ""
    },
    {
        "date": "1987-02-28",
        "symbol": "SVU",
        "reportedCurrency": "USD",
        "cik": "0000095521",
        "fillingDate": "1987-02-28",
        "acceptedDate": "1987-02-27 19:00:00",
        "calendarYear": "1987",
        "period": "Q4",
        "revenue": 2269300000,
        "costOfRevenue": 0,
        "grossProfit": 2269300000,
        "grossProfitRatio": 1,
        "researchAndDevelopmentExpenses": 0,
        "generalAndAdministrativeExpenses": 0,
        "sellingAndMarketingExpenses": 0,
        "sellingGeneralAndAdministrativeExpenses": 0,
        "otherExpenses": -8840900000,
        "operatingExpenses": -8840900000,
        "costAndExpenses": -8840900000,
        "interestIncome": 0,
        "interestExpense": 0,
        "depreciationAndAmortization": 0,
        "ebitda": -6571600000,
        "ebitdaratio": -2.8958709734,
        "operatingIncome": -6571600000,
        "operatingIncomeRatio": -2.8958709734,
        "totalOtherIncomeExpensesNet": 0,
        "incomeBeforeTax": 0,
        "incomeBeforeTaxRatio": 0,
        "incomeTaxExpense": 0,
        "netIncome": 0,
        "netIncomeRatio": 0,
        "eps": 0,
        "epsdiluted": 0,
        "weightedAverageShsOut": 21253978,
        "weightedAverageShsOutDil": 21253978,
        "link": "",
        "finalLink": ""
    },
    {
        "date": "1986-11-30",
        "symbol": "SVU",
        "reportedCurrency": "USD",
        "cik": "0000095521",
        "fillingDate": "1986-11-30",
        "acceptedDate": "1986-11-29 19:00:00",
        "calendarYear": "1987",
        "period": "Q3",
        "revenue": 2129200000,
        "costOfRevenue": 0,
        "grossProfit": 2129200000,
        "grossProfitRatio": 1,
        "researchAndDevelopmentExpenses": 0,
        "generalAndAdministrativeExpenses": 0,
        "sellingAndMarketingExpenses": 0,
        "sellingGeneralAndAdministrativeExpenses": 0,
        "otherExpenses": 0,
        "operatingExpenses": 0,
        "costAndExpenses": 0,
        "interestIncome": 0,
        "interestExpense": 0,
        "depreciationAndAmortization": 0,
        "ebitda": 2129200000,
        "ebitdaratio": 1,
        "operatingIncome": 2129200000,
        "operatingIncomeRatio": 1,
        "totalOtherIncomeExpensesNet": 0,
        "incomeBeforeTax": 0,
        "incomeBeforeTaxRatio": 0,
        "incomeTaxExpense": 0,
        "netIncome": 0,
        "netIncomeRatio": 0,
        "eps": 0,
        "epsdiluted": 0,
        "weightedAverageShsOut": 21253978,
        "weightedAverageShsOutDil": 21253978,
        "link": "",
        "finalLink": ""
    },
    {
        "date": "1986-08-31",
        "symbol": "SVU",
        "reportedCurrency": "USD",
        "cik": "0000095521",
        "fillingDate": "1986-08-31",
        "acceptedDate": "1986-08-30 20:00:00",
        "calendarYear": "1987",
        "period": "Q2",
        "revenue": 2033300000,
        "costOfRevenue": 0,
        "grossProfit": 2033300000,
        "grossProfitRatio": 1,
        "researchAndDevelopmentExpenses": 0,
        "generalAndAdministrativeExpenses": 0,
        "sellingAndMarketingExpenses": 0,
        "sellingGeneralAndAdministrativeExpenses": 0,
        "otherExpenses": 0,
        "operatingExpenses": 0,
        "costAndExpenses": 0,
        "interestIncome": 0,
        "interestExpense": 0,
        "depreciationAndAmortization": 0,
        "ebitda": 2033300000,
        "ebitdaratio": 1,
        "operatingIncome": 2033300000,
        "operatingIncomeRatio": 1,
        "totalOtherIncomeExpensesNet": 0,
        "incomeBeforeTax": 0,
        "incomeBeforeTaxRatio": 0,
        "incomeTaxExpense": 0,
        "netIncome": 0,
        "netIncomeRatio": 0,
        "eps": 0,
        "epsdiluted": 0,
        "weightedAverageShsOut": 21243407,
        "weightedAverageShsOutDil": 21243407,
        "link": "",
        "finalLink": ""
    },
    {
        "date": "1986-05-31",
        "symbol": "SVU",
        "reportedCurrency": "USD",
        "cik": "0000095521",
        "fillingDate": "1986-05-31",
        "acceptedDate": "1986-05-30 20:00:00",
        "calendarYear": "1987",
        "period": "Q1",
        "revenue": 2636200000,
        "costOfRevenue": 0,
        "grossProfit": 2636200000,
        "grossProfitRatio": 1,
        "researchAndDevelopmentExpenses": 0,
        "generalAndAdministrativeExpenses": 0,
        "sellingAndMarketingExpenses": 0,
        "sellingGeneralAndAdministrativeExpenses": 0,
        "otherExpenses": 0,
        "operatingExpenses": 0,
        "costAndExpenses": 0,
        "interestIncome": 0,
        "interestExpense": 0,
        "depreciationAndAmortization": 0,
        "ebitda": 2636200000,
        "ebitdaratio": 1,
        "operatingIncome": 2636200000,
        "operatingIncomeRatio": 1,
        "totalOtherIncomeExpensesNet": 0,
        "incomeBeforeTax": 0,
        "incomeBeforeTaxRatio": 0,
        "incomeTaxExpense": 0,
        "netIncome": 0,
        "netIncomeRatio": 0,
        "eps": 0,
        "epsdiluted": 0,
        "weightedAverageShsOut": 21222835,
        "weightedAverageShsOutDil": 21222835,
        "link": "",
        "finalLink": ""
    },
    {
        "date": "1986-02-28",
        "symbol": "SVU",
        "reportedCurrency": "USD",
        "cik": "0000095521",
        "fillingDate": "1986-02-28",
        "acceptedDate": "1986-02-27 19:00:00",
        "calendarYear": "1986",
        "period": "Q4",
        "revenue": 1961500000,
        "costOfRevenue": 0,
        "grossProfit": 1961500000,
        "grossProfitRatio": 1,
        "researchAndDevelopmentExpenses": 0,
        "generalAndAdministrativeExpenses": 0,
        "sellingAndMarketingExpenses": 0,
        "sellingGeneralAndAdministrativeExpenses": 0,
        "otherExpenses": -7698700000,
        "operatingExpenses": -7698700000,
        "costAndExpenses": -7698700000,
        "interestIncome": 0,
        "interestExpense": 0,
        "depreciationAndAmortization": 0,
        "ebitda": -5737200000,
        "ebitdaratio": -2.9249044099,
        "operatingIncome": -5737200000,
        "operatingIncomeRatio": -2.9249044099,
        "totalOtherIncomeExpensesNet": 0,
        "incomeBeforeTax": 0,
        "incomeBeforeTaxRatio": 0,
        "incomeTaxExpense": 0,
        "netIncome": 0,
        "netIncomeRatio": 0,
        "eps": 0,
        "epsdiluted": 0,
        "weightedAverageShsOut": 21222835,
        "weightedAverageShsOutDil": 21222835,
        "link": "",
        "finalLink": ""
    },
    {
        "date": "1985-11-30",
        "symbol": "SVU",
        "reportedCurrency": "USD",
        "cik": "0000095521",
        "fillingDate": "1985-11-30",
        "acceptedDate": "1985-11-29 19:00:00",
        "calendarYear": "1986",
        "period": "Q3",
        "revenue": 1971100000,
        "costOfRevenue": 0,
        "grossProfit": 1971100000,
        "grossProfitRatio": 1,
        "researchAndDevelopmentExpenses": 0,
        "generalAndAdministrativeExpenses": 0,
        "sellingAndMarketingExpenses": 0,
        "sellingGeneralAndAdministrativeExpenses": 0,
        "otherExpenses": 0,
        "operatingExpenses": 0,
        "costAndExpenses": 0,
        "interestIncome": 0,
        "interestExpense": 0,
        "depreciationAndAmortization": 0,
        "ebitda": 1971100000,
        "ebitdaratio": 1,
        "operatingIncome": 1971100000,
        "operatingIncomeRatio": 1,
        "totalOtherIncomeExpensesNet": 0,
        "incomeBeforeTax": 0,
        "incomeBeforeTaxRatio": 0,
        "incomeTaxExpense": 0,
        "netIncome": 0,
        "netIncomeRatio": 0,
        "eps": 0,
        "epsdiluted": 0,
        "weightedAverageShsOut": 21206264,
        "weightedAverageShsOutDil": 21206264,
        "link": "",
        "finalLink": ""
    },
    {
        "date": "1985-08-31",
        "symbol": "SVU",
        "reportedCurrency": "USD",
        "cik": "0000095521",
        "fillingDate": "1985-08-31",
        "acceptedDate": "1985-08-30 20:00:00",
        "calendarYear": "1986",
        "period": "Q2",
        "revenue": 1800200000,
        "costOfRevenue": 0,
        "grossProfit": 1800200000,
        "grossProfitRatio": 1,
        "researchAndDevelopmentExpenses": 0,
        "generalAndAdministrativeExpenses": 0,
        "sellingAndMarketingExpenses": 0,
        "sellingGeneralAndAdministrativeExpenses": 0,
        "otherExpenses": 0,
        "operatingExpenses": 0,
        "costAndExpenses": 0,
        "interestIncome": 0,
        "interestExpense": 0,
        "depreciationAndAmortization": 0,
        "ebitda": 1800200000,
        "ebitdaratio": 1,
        "operatingIncome": 1800200000,
        "operatingIncomeRatio": 1,
        "totalOtherIncomeExpensesNet": 0,
        "incomeBeforeTax": 0,
        "incomeBeforeTaxRatio": 0,
        "incomeTaxExpense": 0,
        "netIncome": 0,
        "netIncomeRatio": 0,
        "eps": 0,
        "epsdiluted": 0,
        "weightedAverageShsOut": 21165693,
        "weightedAverageShsOutDil": 21165693,
        "link": "",
        "finalLink": ""
    }
]