[
    {
        "date": "2025-09-30",
        "symbol": "SYF",
        "reportedCurrency": "USD",
        "cik": "0001601712",
        "fillingDate": "2025-10-22",
        "acceptedDate": "2025-10-22 16:34:48",
        "calendarYear": "2025",
        "period": "Q3",
        "revenue": 4834000000,
        "costOfRevenue": 812000000,
        "grossProfit": 4022000000,
        "grossProfitRatio": 0.8320231692,
        "researchAndDevelopmentExpenses": 0,
        "generalAndAdministrativeExpenses": 240000000,
        "sellingAndMarketingExpenses": 120000000,
        "sellingGeneralAndAdministrativeExpenses": 360000000,
        "otherExpenses": 625000000,
        "operatingExpenses": 985000000,
        "costAndExpenses": 3206000000,
        "interestIncome": 11136000000,
        "interestExpense": 2151000000,
        "depreciationAndAmortization": -212000000,
        "ebitda": 1628000000,
        "ebitdaratio": 0.3367811336,
        "operatingIncome": 1628000000,
        "operatingIncomeRatio": 0.3367811336,
        "totalOtherIncomeExpensesNet": -199000000,
        "incomeBeforeTax": 1429000000,
        "incomeBeforeTaxRatio": 0.295614398,
        "incomeTaxExpense": 352000000,
        "netIncome": 1077000000,
        "netIncomeRatio": 0.2227968556,
        "eps": 2.89,
        "epsdiluted": 2.86,
        "weightedAverageShsOut": 375700000,
        "weightedAverageShsOutDil": 379400000,
        "link": "https://www.sec.gov/Archives/edgar/data/1601712/000160171225000259/0001601712-25-000259-index.htm",
        "finalLink": "https://www.sec.gov/Archives/edgar/data/1601712/000160171225000259/syf-20250930.htm"
    },
    {
        "date": "2025-06-30",
        "symbol": "SYF",
        "reportedCurrency": "USD",
        "cik": "0001601712",
        "fillingDate": "2025-07-23",
        "acceptedDate": "2025-07-23 16:11:11",
        "calendarYear": "2025",
        "period": "Q2",
        "revenue": 4712000000,
        "costOfRevenue": 2211000000,
        "grossProfit": 2501000000,
        "grossProfitRatio": 0.5307724958,
        "researchAndDevelopmentExpenses": 0,
        "generalAndAdministrativeExpenses": 236000000,
        "sellingAndMarketingExpenses": 127000000,
        "sellingGeneralAndAdministrativeExpenses": 363000000,
        "otherExpenses": 724000000,
        "operatingExpenses": 1087000000,
        "costAndExpenses": 3246000000,
        "interestIncome": 5586000000,
        "interestExpense": 1065000000,
        "depreciationAndAmortization": 87000000,
        "ebitda": 1553000000,
        "ebitdaratio": 0.3295840407,
        "operatingIncome": 1466000000,
        "operatingIncomeRatio": 0.3111205433,
        "totalOtherIncomeExpensesNet": -210000000,
        "incomeBeforeTax": 1256000000,
        "incomeBeforeTaxRatio": 0.2665534805,
        "incomeTaxExpense": 289000000,
        "netIncome": 946000000,
        "netIncomeRatio": 0.2007640068,
        "eps": 2.51,
        "epsdiluted": 2.5,
        "weightedAverageShsOut": 376200000,
        "weightedAverageShsOutDil": 379100000,
        "link": "https://www.sec.gov/Archives/edgar/data/1601712/000160171225000231/0001601712-25-000231-index.htm",
        "finalLink": "https://www.sec.gov/Archives/edgar/data/1601712/000160171225000231/syf-20250630.htm"
    },
    {
        "date": "2025-03-31",
        "symbol": "SYF",
        "reportedCurrency": "USD",
        "cik": "0001601712",
        "fillingDate": "2025-04-24",
        "acceptedDate": "2025-04-24 16:42:31",
        "calendarYear": "2025",
        "period": "Q1",
        "revenue": 5699000000,
        "costOfRevenue": 2577000000,
        "grossProfit": 3122000000,
        "grossProfitRatio": 0.5478154062,
        "researchAndDevelopmentExpenses": 0,
        "generalAndAdministrativeExpenses": 506000000,
        "sellingAndMarketingExpenses": 116000000,
        "sellingGeneralAndAdministrativeExpenses": 622000000,
        "otherExpenses": 621000000,
        "operatingExpenses": 1243000000,
        "costAndExpenses": 3820000000,
        "interestIncome": 5550000000,
        "interestExpense": 1086000000,
        "depreciationAndAmortization": 125000000,
        "ebitda": 3985000000,
        "ebitdaratio": 0.6992454817,
        "operatingIncome": 1879000000,
        "operatingIncomeRatio": 0.3297069661,
        "totalOtherIncomeExpensesNet": -895000000,
        "incomeBeforeTax": 984000000,
        "incomeBeforeTaxRatio": 0.1726618705,
        "incomeTaxExpense": 227000000,
        "netIncome": 757000000,
        "netIncomeRatio": 0.1328303211,
        "eps": 1.91,
        "epsdiluted": 1.89,
        "weightedAverageShsOut": 385200000,
        "weightedAverageShsOutDil": 389400000,
        "link": "https://www.sec.gov/Archives/edgar/data/1601712/000160171225000144/0001601712-25-000144-index.htm",
        "finalLink": "https://www.sec.gov/Archives/edgar/data/1601712/000160171225000144/syf-20250331.htm"
    },
    {
        "date": "2024-12-31",
        "symbol": "SYF",
        "reportedCurrency": "USD",
        "cik": "0001601712",
        "fillingDate": "2025-02-07",
        "acceptedDate": "2025-02-07 16:29:30",
        "calendarYear": "2024",
        "period": "Q4",
        "revenue": 4919000000,
        "costOfRevenue": 2679000000,
        "grossProfit": 2240000000,
        "grossProfitRatio": 0.4553771092,
        "researchAndDevelopmentExpenses": 0,
        "generalAndAdministrativeExpenses": 435000000,
        "sellingAndMarketingExpenses": 147000000,
        "sellingGeneralAndAdministrativeExpenses": 582000000,
        "otherExpenses": 685000000,
        "operatingExpenses": 1267000000,
        "costAndExpenses": 3946000000,
        "interestIncome": 5710000000,
        "interestExpense": 1118000000,
        "depreciationAndAmortization": 120000000,
        "ebitda": 1093000000,
        "ebitdaratio": 0.2221996341,
        "operatingIncome": 973000000,
        "operatingIncomeRatio": 0.1978044318,
        "totalOtherIncomeExpensesNet": 150000000,
        "incomeBeforeTax": 973000000,
        "incomeBeforeTaxRatio": 0.1978044318,
        "incomeTaxExpense": 199000000,
        "netIncome": 774000000,
        "netIncomeRatio": 0.1573490547,
        "eps": 1.93,
        "epsdiluted": 1.91,
        "weightedAverageShsOut": 389300000,
        "weightedAverageShsOutDil": 394800000,
        "link": "https://www.sec.gov/Archives/edgar/data/1601712/000160171225000044/0001601712-25-000044-index.htm",
        "finalLink": "https://www.sec.gov/Archives/edgar/data/1601712/000160171225000044/syf-20241231.htm"
    },
    {
        "date": "2024-09-30",
        "symbol": "SYF",
        "reportedCurrency": "USD",
        "cik": "0001601712",
        "fillingDate": "2024-10-23",
        "acceptedDate": "2024-10-23 16:30:05",
        "calendarYear": "2024",
        "period": "Q3",
        "revenue": 5904000000,
        "costOfRevenue": 2773000000,
        "grossProfit": 3131000000,
        "grossProfitRatio": 0.5303184282,
        "researchAndDevelopmentExpenses": 0,
        "generalAndAdministrativeExpenses": 464000000,
        "sellingAndMarketingExpenses": 123000000,
        "sellingGeneralAndAdministrativeExpenses": 587000000,
        "otherExpenses": 602000000,
        "operatingExpenses": 1189000000,
        "costAndExpenses": 3962000000,
        "interestIncome": 5785000000,
        "interestExpense": 1176000000,
        "depreciationAndAmortization": 121000000,
        "ebitda": 2325000000,
        "ebitdaratio": 0.393800813,
        "operatingIncome": 1942000000,
        "operatingIncomeRatio": 0.3289295393,
        "totalOtherIncomeExpensesNet": -914000000,
        "incomeBeforeTax": 1028000000,
        "incomeBeforeTaxRatio": 0.1741192412,
        "incomeTaxExpense": 239000000,
        "netIncome": 789000000,
        "netIncomeRatio": 0.1336382114,
        "eps": 1.96,
        "epsdiluted": 1.94,
        "weightedAverageShsOut": 392300000,
        "weightedAverageShsOutDil": 396500000,
        "link": "https://www.sec.gov/Archives/edgar/data/1601712/000160171224000336/0001601712-24-000336-index.htm",
        "finalLink": "https://www.sec.gov/Archives/edgar/data/1601712/000160171224000336/syf-20240930.htm"
    },
    {
        "date": "2024-06-30",
        "symbol": "SYF",
        "reportedCurrency": "USD",
        "cik": "0001601712",
        "fillingDate": "2024-07-19",
        "acceptedDate": "2024-07-19 16:20:04",
        "calendarYear": "2024",
        "period": "Q2",
        "revenue": 5699000000,
        "costOfRevenue": 2868000000,
        "grossProfit": 2831000000,
        "grossProfitRatio": 0.4967538165,
        "researchAndDevelopmentExpenses": 0,
        "generalAndAdministrativeExpenses": 434000000,
        "sellingAndMarketingExpenses": 129000000,
        "sellingGeneralAndAdministrativeExpenses": 563000000,
        "otherExpenses": 614000000,
        "operatingExpenses": 1177000000,
        "costAndExpenses": 4045000000,
        "interestIncome": 5582000000,
        "interestExpense": 1177000000,
        "depreciationAndAmortization": 121000000,
        "ebitda": 2781000000,
        "ebitdaratio": 0.4879803474,
        "operatingIncome": 1654000000,
        "operatingIncomeRatio": 0.2902263555,
        "totalOtherIncomeExpensesNet": -810000000,
        "incomeBeforeTax": 844000000,
        "incomeBeforeTaxRatio": 0.1480961572,
        "incomeTaxExpense": 201000000,
        "netIncome": 643000000,
        "netIncomeRatio": 0.1128268117,
        "eps": 1.56,
        "epsdiluted": 1.55,
        "weightedAverageShsOut": 399300000,
        "weightedAverageShsOutDil": 402600000,
        "link": "https://www.sec.gov/Archives/edgar/data/1601712/000160171224000250/0001601712-24-000250-index.htm",
        "finalLink": "https://www.sec.gov/Archives/edgar/data/1601712/000160171224000250/syf-20240630.htm"
    },
    {
        "date": "2024-03-31",
        "symbol": "SYF",
        "reportedCurrency": "USD",
        "cik": "0001601712",
        "fillingDate": "2024-04-25",
        "acceptedDate": "2024-04-25 16:54:16",
        "calendarYear": "2024",
        "period": "Q1",
        "revenue": 6725000000,
        "costOfRevenue": 3047000000,
        "grossProfit": 3678000000,
        "grossProfitRatio": 0.5469144981,
        "researchAndDevelopmentExpenses": 0,
        "generalAndAdministrativeExpenses": 496000000,
        "sellingAndMarketingExpenses": 125000000,
        "sellingGeneralAndAdministrativeExpenses": 621000000,
        "otherExpenses": -484000000,
        "operatingExpenses": 137000000,
        "costAndExpenses": 3184000000,
        "interestIncome": 5568000000,
        "interestExpense": 1163000000,
        "depreciationAndAmortization": 119000000,
        "ebitda": 4644000000,
        "ebitdaratio": 0.6905576208,
        "operatingIncome": 3541000000,
        "operatingIncomeRatio": 0.5265427509,
        "totalOtherIncomeExpensesNet": -1833000000,
        "incomeBeforeTax": 1708000000,
        "incomeBeforeTaxRatio": 0.2539776952,
        "incomeTaxExpense": 415000000,
        "netIncome": 1293000000,
        "netIncomeRatio": 0.192267658,
        "eps": 3.17,
        "epsdiluted": 3.14,
        "weightedAverageShsOut": 404700000,
        "weightedAverageShsOutDil": 408200000,
        "link": "https://www.sec.gov/Archives/edgar/data/1601712/000160171224000172/0001601712-24-000172-index.htm",
        "finalLink": "https://www.sec.gov/Archives/edgar/data/1601712/000160171224000172/syf-20240331.htm"
    },
    {
        "date": "2023-12-31",
        "symbol": "SYF",
        "reportedCurrency": "USD",
        "cik": "0001601712",
        "fillingDate": "2024-02-08",
        "acceptedDate": "2024-02-08 16:07:03",
        "calendarYear": "2023",
        "period": "Q4",
        "revenue": 4742000000,
        "costOfRevenue": 2887000000,
        "grossProfit": 1855000000,
        "grossProfitRatio": 0.3911851539,
        "researchAndDevelopmentExpenses": 0,
        "generalAndAdministrativeExpenses": 495000000,
        "sellingAndMarketingExpenses": 138000000,
        "sellingGeneralAndAdministrativeExpenses": 633000000,
        "otherExpenses": 877000000,
        "operatingExpenses": 1510000000,
        "costAndExpenses": 3998000000,
        "interestIncome": 5549000000,
        "interestExpense": 1083000000,
        "depreciationAndAmortization": 118000000,
        "ebitda": 862000000,
        "ebitdaratio": 0.1817798397,
        "operatingIncome": -3777000000,
        "operatingIncomeRatio": -0.7964993674,
        "totalOtherIncomeExpensesNet": 4316000000,
        "incomeBeforeTax": 539000000,
        "incomeBeforeTaxRatio": 0.1136651202,
        "incomeTaxExpense": 99000000,
        "netIncome": 440000000,
        "netIncomeRatio": 0.0927878532,
        "eps": 1.04,
        "epsdiluted": 1.03,
        "weightedAverageShsOut": 411900000,
        "weightedAverageShsOutDil": 414600000,
        "link": "https://www.sec.gov/Archives/edgar/data/1601712/000160171224000047/0001601712-24-000047-index.htm",
        "finalLink": "https://www.sec.gov/Archives/edgar/data/1601712/000160171224000047/syf-20231231.htm"
    },
    {
        "date": "2023-09-30",
        "symbol": "SYF",
        "reportedCurrency": "USD",
        "cik": "0001601712",
        "fillingDate": "2023-10-24",
        "acceptedDate": "2023-10-24 16:13:27",
        "calendarYear": "2023",
        "period": "Q3",
        "revenue": 4467000000,
        "costOfRevenue": 2480000000,
        "grossProfit": 1987000000,
        "grossProfitRatio": 0.4448175509,
        "researchAndDevelopmentExpenses": 0,
        "generalAndAdministrativeExpenses": 444000000,
        "sellingAndMarketingExpenses": 125000000,
        "sellingGeneralAndAdministrativeExpenses": 569000000,
        "otherExpenses": 396000000,
        "operatingExpenses": 965000000,
        "costAndExpenses": 3442000000,
        "interestIncome": 5354000000,
        "interestExpense": 992000000,
        "depreciationAndAmortization": 116000000,
        "ebitda": 1141000000,
        "ebitdaratio": 0.2554286994,
        "operatingIncome": 1022000000,
        "operatingIncomeRatio": 0.2287888964,
        "totalOtherIncomeExpensesNet": -189000000,
        "incomeBeforeTax": 833000000,
        "incomeBeforeTaxRatio": 0.186478621,
        "incomeTaxExpense": 205000000,
        "netIncome": 628000000,
        "netIncomeRatio": 0.1405865234,
        "eps": 1.49,
        "epsdiluted": 1.48,
        "weightedAverageShsOut": 416000000,
        "weightedAverageShsOutDil": 418400000,
        "link": "https://www.sec.gov/Archives/edgar/data/1601712/000160171223000274/0001601712-23-000274-index.htm",
        "finalLink": "https://www.sec.gov/Archives/edgar/data/1601712/000160171223000274/syf-20230930.htm"
    },
    {
        "date": "2023-06-30",
        "symbol": "SYF",
        "reportedCurrency": "USD",
        "cik": "0001601712",
        "fillingDate": "2023-07-21",
        "acceptedDate": "2023-07-21 16:02:22",
        "calendarYear": "2023",
        "period": "Q2",
        "revenue": 4195000000,
        "costOfRevenue": 2284000000,
        "grossProfit": 1911000000,
        "grossProfitRatio": 0.4555423123,
        "researchAndDevelopmentExpenses": 0,
        "generalAndAdministrativeExpenses": 451000000,
        "sellingAndMarketingExpenses": 133000000,
        "sellingGeneralAndAdministrativeExpenses": 584000000,
        "otherExpenses": 388000000,
        "operatingExpenses": 972000000,
        "costAndExpenses": 3269000000,
        "interestIncome": 5021000000,
        "interestExpense": 901000000,
        "depreciationAndAmortization": 113000000,
        "ebitda": 1039000000,
        "ebitdaratio": 0.2476758045,
        "operatingIncome": 926000000,
        "operatingIncomeRatio": 0.220738975,
        "totalOtherIncomeExpensesNet": -184000000,
        "incomeBeforeTax": 742000000,
        "incomeBeforeTaxRatio": 0.1768772348,
        "incomeTaxExpense": 173000000,
        "netIncome": 569000000,
        "netIncomeRatio": 0.1356376639,
        "eps": 1.32,
        "epsdiluted": 1.32,
        "weightedAverageShsOut": 422700000,
        "weightedAverageShsOutDil": 424200000,
        "link": "https://www.sec.gov/Archives/edgar/data/1601712/000160171223000202/0001601712-23-000202-index.htm",
        "finalLink": "https://www.sec.gov/Archives/edgar/data/1601712/000160171223000202/syf-20230630.htm"
    },
    {
        "date": "2023-03-31",
        "symbol": "SYF",
        "reportedCurrency": "USD",
        "cik": "0001601712",
        "fillingDate": "2023-04-20",
        "acceptedDate": "2023-04-20 17:23:49",
        "calendarYear": "2023",
        "period": "Q1",
        "revenue": 3934000000,
        "costOfRevenue": 0,
        "grossProfit": 1909000000,
        "grossProfitRatio": 0.4852567361,
        "researchAndDevelopmentExpenses": 0,
        "generalAndAdministrativeExpenses": 451000000,
        "sellingAndMarketingExpenses": 131000000,
        "sellingGeneralAndAdministrativeExpenses": 582000000,
        "otherExpenses": 352000000,
        "operatingExpenses": 934000000,
        "costAndExpenses": 934000000,
        "interestIncome": 4786000000,
        "interestExpense": 735000000,
        "depreciationAndAmortization": 111000000,
        "ebitda": 901000000,
        "ebitdaratio": 0.2290289781,
        "operatingIncome": 968000000,
        "operatingIncomeRatio": 0.2460599898,
        "totalOtherIncomeExpensesNet": -178000000,
        "incomeBeforeTax": 790000000,
        "incomeBeforeTaxRatio": 0.2008134215,
        "incomeTaxExpense": 189000000,
        "netIncome": 601000000,
        "netIncomeRatio": 0.1527707168,
        "eps": 1.36,
        "epsdiluted": 1.35,
        "weightedAverageShsOut": 434400000,
        "weightedAverageShsOutDil": 437200000,
        "link": "https://www.sec.gov/Archives/edgar/data/1601712/000160171223000125/0001601712-23-000125-index.htm",
        "finalLink": "https://www.sec.gov/Archives/edgar/data/1601712/000160171223000125/syf-20230331.htm"
    },
    {
        "date": "2022-12-31",
        "symbol": "SYF",
        "reportedCurrency": "USD",
        "cik": "0001601712",
        "fillingDate": "2023-02-09",
        "acceptedDate": "2023-02-09 16:55:13",
        "calendarYear": "2022",
        "period": "Q4",
        "revenue": 3093000000,
        "costOfRevenue": 0,
        "grossProfit": 1892000000,
        "grossProfitRatio": 0.6117038474,
        "researchAndDevelopmentExpenses": 0,
        "generalAndAdministrativeExpenses": 459000000,
        "sellingAndMarketingExpenses": 121000000,
        "sellingGeneralAndAdministrativeExpenses": 580000000,
        "otherExpenses": 1008000000,
        "operatingExpenses": 1588000000,
        "costAndExpenses": 1588000000,
        "interestIncome": 4708000000,
        "interestExpense": 602000000,
        "depreciationAndAmortization": 101000000,
        "ebitda": 0,
        "ebitdaratio": 0,
        "operatingIncome": -4129000000,
        "operatingIncomeRatio": -1.3349498868,
        "totalOtherIncomeExpensesNet": 4870000000,
        "incomeBeforeTax": 741000000,
        "incomeBeforeTaxRatio": 0.2395732299,
        "incomeTaxExpense": 164000000,
        "netIncome": 577000000,
        "netIncomeRatio": 0.1865502748,
        "eps": 1.27,
        "epsdiluted": 1.26,
        "weightedAverageShsOut": 445800000,
        "weightedAverageShsOutDil": 448900000,
        "link": "https://www.sec.gov/Archives/edgar/data/1601712/000160171223000037/0001601712-23-000037-index.htm",
        "finalLink": "https://www.sec.gov/Archives/edgar/data/1601712/000160171223000037/syf-20221231.htm"
    },
    {
        "date": "2022-09-30",
        "symbol": "SYF",
        "reportedCurrency": "USD",
        "cik": "0001601712",
        "fillingDate": "2022-10-25",
        "acceptedDate": "2022-10-25 16:09:23",
        "calendarYear": "2022",
        "period": "Q3",
        "revenue": 3329000000,
        "costOfRevenue": 1343000000,
        "grossProfit": 1986000000,
        "grossProfitRatio": 0.5965755482,
        "researchAndDevelopmentExpenses": 0,
        "generalAndAdministrativeExpenses": 416000000,
        "sellingAndMarketingExpenses": 115000000,
        "sellingGeneralAndAdministrativeExpenses": 531000000,
        "otherExpenses": 354000000,
        "operatingExpenses": 885000000,
        "costAndExpenses": 2273000000,
        "interestIncome": 4342000000,
        "interestExpense": 414000000,
        "depreciationAndAmortization": 90000000,
        "ebitda": 1146000000,
        "ebitdaratio": 0.3442475218,
        "operatingIncome": 1056000000,
        "operatingIncomeRatio": 0.3172123761,
        "totalOtherIncomeExpensesNet": -134000000,
        "incomeBeforeTax": 922000000,
        "incomeBeforeTaxRatio": 0.2769600481,
        "incomeTaxExpense": 219000000,
        "netIncome": 703000000,
        "netIncomeRatio": 0.2111745269,
        "eps": 1.5,
        "epsdiluted": 1.49,
        "weightedAverageShsOut": 468500000,
        "weightedAverageShsOutDil": 470700000,
        "link": "https://www.sec.gov/Archives/edgar/data/1601712/000160171222000249/0001601712-22-000249-index.htm",
        "finalLink": "https://www.sec.gov/Archives/edgar/data/1601712/000160171222000249/syf-20220930.htm"
    },
    {
        "date": "2022-06-30",
        "symbol": "SYF",
        "reportedCurrency": "USD",
        "cik": "0001601712",
        "fillingDate": "2022-07-21",
        "acceptedDate": "2022-07-21 16:08:21",
        "calendarYear": "2022",
        "period": "Q2",
        "revenue": 3145000000,
        "costOfRevenue": 996000000,
        "grossProfit": 2149000000,
        "grossProfitRatio": 0.6833068362,
        "researchAndDevelopmentExpenses": 0,
        "generalAndAdministrativeExpenses": 404000000,
        "sellingAndMarketingExpenses": 135000000,
        "sellingGeneralAndAdministrativeExpenses": 539000000,
        "otherExpenses": 348000000,
        "operatingExpenses": 887000000,
        "costAndExpenses": 1967000000,
        "interestIncome": 4074000000,
        "interestExpense": 272000000,
        "depreciationAndAmortization": 92000000,
        "ebitda": 1270000000,
        "ebitdaratio": 0.4038155803,
        "operatingIncome": 1178000000,
        "operatingIncomeRatio": 0.3745627981,
        "totalOtherIncomeExpensesNet": -112000000,
        "incomeBeforeTax": 1066000000,
        "incomeBeforeTaxRatio": 0.3389507154,
        "incomeTaxExpense": 262000000,
        "netIncome": 804000000,
        "netIncomeRatio": 0.2556438792,
        "eps": 1.63,
        "epsdiluted": 1.62,
        "weightedAverageShsOut": 493000000,
        "weightedAverageShsOutDil": 495300000,
        "link": "https://www.sec.gov/Archives/edgar/data/1601712/000160171222000202/0001601712-22-000202-index.htm",
        "finalLink": "https://www.sec.gov/Archives/edgar/data/1601712/000160171222000202/syf-20220630.htm"
    },
    {
        "date": "2022-03-31",
        "symbol": "SYF",
        "reportedCurrency": "USD",
        "cik": "0001601712",
        "fillingDate": "2022-04-21",
        "acceptedDate": "2022-04-21 16:09:34",
        "calendarYear": "2022",
        "period": "Q1",
        "revenue": 3026000000,
        "costOfRevenue": 754000000,
        "grossProfit": 2272000000,
        "grossProfitRatio": 0.7508261732,
        "researchAndDevelopmentExpenses": 0,
        "generalAndAdministrativeExpenses": 402000000,
        "sellingAndMarketingExpenses": 116000000,
        "sellingGeneralAndAdministrativeExpenses": 518000000,
        "otherExpenses": 355000000,
        "operatingExpenses": 873000000,
        "costAndExpenses": 1687000000,
        "interestIncome": 4022000000,
        "interestExpense": 233000000,
        "depreciationAndAmortization": 93000000,
        "ebitda": 1432000000,
        "ebitdaratio": 0.4732319894,
        "operatingIncome": 1339000000,
        "operatingIncomeRatio": 0.4424983477,
        "totalOtherIncomeExpensesNet": -106000000,
        "incomeBeforeTax": 1233000000,
        "incomeBeforeTaxRatio": 0.4074686054,
        "incomeTaxExpense": 301000000,
        "netIncome": 932000000,
        "netIncomeRatio": 0.3079973562,
        "eps": 1.81,
        "epsdiluted": 1.79,
        "weightedAverageShsOut": 515300000,
        "weightedAverageShsOutDil": 519500000,
        "link": "https://www.sec.gov/Archives/edgar/data/1601712/000160171222000133/0001601712-22-000133-index.htm",
        "finalLink": "https://www.sec.gov/Archives/edgar/data/1601712/000160171222000133/syf-20220331.htm"
    },
    {
        "date": "2021-12-31",
        "symbol": "SYF",
        "reportedCurrency": "USD",
        "cik": "0001601712",
        "fillingDate": "2022-02-10",
        "acceptedDate": "2022-02-10 16:27:47",
        "calendarYear": "2021",
        "period": "Q4",
        "revenue": 2953000000,
        "costOfRevenue": 784000000,
        "grossProfit": 2169000000,
        "grossProfitRatio": 0.7345072807,
        "researchAndDevelopmentExpenses": 0,
        "generalAndAdministrativeExpenses": 409000000,
        "sellingAndMarketingExpenses": 167000000,
        "sellingGeneralAndAdministrativeExpenses": 576000000,
        "otherExpenses": 350000000,
        "operatingExpenses": 926000000,
        "costAndExpenses": 1802000000,
        "interestIncome": 4053000000,
        "interestExpense": 223000000,
        "depreciationAndAmortization": 105000000,
        "ebitda": 1256000000,
        "ebitdaratio": 0.4253301727,
        "operatingIncome": 1243000000,
        "operatingIncomeRatio": 0.42092787,
        "totalOtherIncomeExpensesNet": -196000000,
        "incomeBeforeTax": 1047000000,
        "incomeBeforeTaxRatio": 0.3545546901,
        "incomeTaxExpense": 234000000,
        "netIncome": 813000000,
        "netIncomeRatio": 0.2753132408,
        "eps": 1.49,
        "epsdiluted": 1.48,
        "weightedAverageShsOut": 537800000,
        "weightedAverageShsOutDil": 543000000,
        "link": "https://www.sec.gov/Archives/edgar/data/1601712/000160171222000053/0001601712-22-000053-index.htm",
        "finalLink": "https://www.sec.gov/Archives/edgar/data/1601712/000160171222000053/syf-20211231.htm"
    },
    {
        "date": "2021-09-30",
        "symbol": "SYF",
        "reportedCurrency": "USD",
        "cik": "0001601712",
        "fillingDate": "2021-10-21",
        "acceptedDate": "2021-10-21 16:13:06",
        "calendarYear": "2021",
        "period": "Q3",
        "revenue": 2726000000,
        "costOfRevenue": 265000000,
        "grossProfit": 2461000000,
        "grossProfitRatio": 0.9027879677,
        "researchAndDevelopmentExpenses": 0,
        "generalAndAdministrativeExpenses": 369000000,
        "sellingAndMarketingExpenses": 110000000,
        "sellingGeneralAndAdministrativeExpenses": 479000000,
        "otherExpenses": 335000000,
        "operatingExpenses": 814000000,
        "costAndExpenses": 1117000000,
        "interestIncome": 3898000000,
        "interestExpense": 240000000,
        "depreciationAndAmortization": 93000000,
        "ebitda": 1702000000,
        "ebitdaratio": 0.6243580337,
        "operatingIncome": 1647000000,
        "operatingIncomeRatio": 0.6041819516,
        "totalOtherIncomeExpensesNet": -147000000,
        "incomeBeforeTax": 1500000000,
        "incomeBeforeTaxRatio": 0.5502567865,
        "incomeTaxExpense": 359000000,
        "netIncome": 1141000000,
        "netIncomeRatio": 0.4185619956,
        "eps": 2.02,
        "epsdiluted": 2,
        "weightedAverageShsOut": 560600000,
        "weightedAverageShsOutDil": 565600000,
        "link": "https://www.sec.gov/Archives/edgar/data/1601712/000160171221000289/0001601712-21-000289-index.htm",
        "finalLink": "https://www.sec.gov/Archives/edgar/data/1601712/000160171221000289/syf-20210930.htm"
    },
    {
        "date": "2021-06-30",
        "symbol": "SYF",
        "reportedCurrency": "USD",
        "cik": "0001601712",
        "fillingDate": "2021-07-22",
        "acceptedDate": "2021-07-22 16:50:32",
        "calendarYear": "2021",
        "period": "Q2",
        "revenue": 2661000000,
        "costOfRevenue": 72000000,
        "grossProfit": 2589000000,
        "grossProfitRatio": 0.9729425028,
        "researchAndDevelopmentExpenses": 0,
        "generalAndAdministrativeExpenses": 359000000,
        "sellingAndMarketingExpenses": 114000000,
        "sellingGeneralAndAdministrativeExpenses": 473000000,
        "otherExpenses": 326000000,
        "operatingExpenses": 799000000,
        "costAndExpenses": 900000000,
        "interestIncome": 3578000000,
        "interestExpense": 266000000,
        "depreciationAndAmortization": 97000000,
        "ebitda": 1858000000,
        "ebitdaratio": 0.6982337467,
        "operatingIncome": 1790000000,
        "operatingIncomeRatio": 0.6726794438,
        "totalOtherIncomeExpensesNet": -149000000,
        "incomeBeforeTax": 1641000000,
        "incomeBeforeTaxRatio": 0.6166854566,
        "incomeTaxExpense": 399000000,
        "netIncome": 1242000000,
        "netIncomeRatio": 0.4667418264,
        "eps": 2.13,
        "epsdiluted": 2.12,
        "weightedAverageShsOut": 577200000,
        "weightedAverageShsOutDil": 581700000,
        "link": "https://www.sec.gov/Archives/edgar/data/1601712/000160171221000236/0001601712-21-000236-index.htm",
        "finalLink": "https://www.sec.gov/Archives/edgar/data/1601712/000160171221000236/syf-20210630.htm"
    },
    {
        "date": "2021-03-31",
        "symbol": "SYF",
        "reportedCurrency": "USD",
        "cik": "0001601712",
        "fillingDate": "2021-04-27",
        "acceptedDate": "2021-04-27 16:20:34",
        "calendarYear": "2021",
        "period": "Q1",
        "revenue": 2884000000,
        "costOfRevenue": 637000000,
        "grossProfit": 2247000000,
        "grossProfitRatio": 0.7791262136,
        "researchAndDevelopmentExpenses": 0,
        "generalAndAdministrativeExpenses": 364000000,
        "sellingAndMarketingExpenses": 95000000,
        "sellingGeneralAndAdministrativeExpenses": 459000000,
        "otherExpenses": 321000000,
        "operatingExpenses": 780000000,
        "costAndExpenses": 1436000000,
        "interestIncome": 3742000000,
        "interestExpense": 303000000,
        "depreciationAndAmortization": 95000000,
        "ebitda": 1543000000,
        "ebitdaratio": 0.5350208044,
        "operatingIncome": 1467000000,
        "operatingIncomeRatio": 0.508668516,
        "totalOtherIncomeExpensesNet": -152000000,
        "incomeBeforeTax": 1315000000,
        "incomeBeforeTaxRatio": 0.455963939,
        "incomeTaxExpense": 290000000,
        "netIncome": 1025000000,
        "netIncomeRatio": 0.355409154,
        "eps": 1.74,
        "epsdiluted": 1.73,
        "weightedAverageShsOut": 583300000,
        "weightedAverageShsOutDil": 587500000,
        "link": "https://www.sec.gov/Archives/edgar/data/1601712/000160171221000181/0001601712-21-000181-index.htm",
        "finalLink": "https://www.sec.gov/Archives/edgar/data/1601712/000160171221000181/syf-20210331.htm"
    },
    {
        "date": "2020-12-31",
        "symbol": "SYF",
        "reportedCurrency": "USD",
        "cik": "0001601712",
        "fillingDate": "2021-02-11",
        "acceptedDate": "2021-02-11 16:51:56",
        "calendarYear": "2020",
        "period": "Q4",
        "revenue": 3028000000,
        "costOfRevenue": 1084000000,
        "grossProfit": 1944000000,
        "grossProfitRatio": 0.642007926,
        "researchAndDevelopmentExpenses": 0,
        "generalAndAdministrativeExpenses": 306000000,
        "sellingAndMarketingExpenses": 139000000,
        "sellingGeneralAndAdministrativeExpenses": 445000000,
        "otherExpenses": 897000000,
        "operatingExpenses": 1342000000,
        "costAndExpenses": 1950000000,
        "interestIncome": 3993000000,
        "interestExpense": 334000000,
        "depreciationAndAmortization": 93000000,
        "ebitda": 1171000000,
        "ebitdaratio": 0.3867239102,
        "operatingIncome": 1078000000,
        "operatingIncomeRatio": 0.356010568,
        "totalOtherIncomeExpensesNet": -134000000,
        "incomeBeforeTax": 944000000,
        "incomeBeforeTaxRatio": 0.3117569353,
        "incomeTaxExpense": 206000000,
        "netIncome": 738000000,
        "netIncomeRatio": 0.2437252312,
        "eps": 1.25,
        "epsdiluted": 1.24,
        "weightedAverageShsOut": 583900000,
        "weightedAverageShsOutDil": 586600000,
        "link": "https://www.sec.gov/Archives/edgar/data/1601712/000160171221000057/0001601712-21-000057-index.htm",
        "finalLink": "https://www.sec.gov/Archives/edgar/data/1601712/000160171221000057/syf-20201231.htm"
    },
    {
        "date": "2020-09-30",
        "symbol": "SYF",
        "reportedCurrency": "USD",
        "cik": "0001601712",
        "fillingDate": "2020-10-22",
        "acceptedDate": "2020-10-22 16:51:00",
        "calendarYear": "2020",
        "period": "Q3",
        "revenue": 3069000000,
        "costOfRevenue": -899000000,
        "grossProfit": 1479000000,
        "grossProfitRatio": 0.4819159335,
        "researchAndDevelopmentExpenses": 0,
        "generalAndAdministrativeExpenses": 382000000,
        "sellingAndMarketingExpenses": 107000000,
        "sellingGeneralAndAdministrativeExpenses": 489000000,
        "otherExpenses": 312000000,
        "operatingExpenses": 801000000,
        "costAndExpenses": 2568000000,
        "interestIncome": 3837000000,
        "interestExpense": 380000000,
        "depreciationAndAmortization": 97000000,
        "ebitda": 598000000,
        "ebitdaratio": 0.1948517432,
        "operatingIncome": 501000000,
        "operatingIncomeRatio": 0.1632453568,
        "totalOtherIncomeExpensesNet": -89000000,
        "incomeBeforeTax": 412000000,
        "incomeBeforeTaxRatio": 0.1342456826,
        "incomeTaxExpense": 99000000,
        "netIncome": 313000000,
        "netIncomeRatio": 0.1019876181,
        "eps": 0.52,
        "epsdiluted": 0.52,
        "weightedAverageShsOut": 583800000,
        "weightedAverageShsOutDil": 584800000,
        "link": "https://www.sec.gov/Archives/edgar/data/1601712/000160171220000253/0001601712-20-000253-index.htm",
        "finalLink": "https://www.sec.gov/Archives/edgar/data/1601712/000160171220000253/synchrony930202010q.htm"
    },
    {
        "date": "2020-06-30",
        "symbol": "SYF",
        "reportedCurrency": "USD",
        "cik": "0001601712",
        "fillingDate": "2020-07-23",
        "acceptedDate": "2020-07-23 16:25:25",
        "calendarYear": "2020",
        "period": "Q2",
        "revenue": 3152000000,
        "costOfRevenue": 2107000000,
        "grossProfit": 1045000000,
        "grossProfitRatio": 0.331535533,
        "researchAndDevelopmentExpenses": 0,
        "generalAndAdministrativeExpenses": 327000000,
        "sellingAndMarketingExpenses": 91000000,
        "sellingGeneralAndAdministrativeExpenses": 418000000,
        "otherExpenses": 568000000,
        "operatingExpenses": 986000000,
        "costAndExpenses": 3093000000,
        "interestIncome": 3830000000,
        "interestExpense": 434000000,
        "depreciationAndAmortization": 97000000,
        "ebitda": 156000000,
        "ebitdaratio": 0.0494923858,
        "operatingIncome": 59000000,
        "operatingIncomeRatio": 0.0187182741,
        "totalOtherIncomeExpensesNet": 0,
        "incomeBeforeTax": 59000000,
        "incomeBeforeTaxRatio": 0.0187182741,
        "incomeTaxExpense": 11000000,
        "netIncome": 48000000,
        "netIncomeRatio": 0.0152284264,
        "eps": 0.0634,
        "epsdiluted": 0.0633,
        "weightedAverageShsOut": 583700000,
        "weightedAverageShsOutDil": 584400000,
        "link": "https://www.sec.gov/Archives/edgar/data/1601712/000160171220000204/0001601712-20-000204-index.htm",
        "finalLink": "https://www.sec.gov/Archives/edgar/data/1601712/000160171220000204/synchrony630202010q.htm"
    },
    {
        "date": "2020-03-31",
        "symbol": "SYF",
        "reportedCurrency": "USD",
        "cik": "0001601712",
        "fillingDate": "2020-04-22",
        "acceptedDate": "2020-04-21 17:32:53",
        "calendarYear": "2020",
        "period": "Q1",
        "revenue": 3578000000,
        "costOfRevenue": 2194000000,
        "grossProfit": 1384000000,
        "grossProfitRatio": 0.3868082728,
        "researchAndDevelopmentExpenses": 0,
        "generalAndAdministrativeExpenses": 324000000,
        "sellingAndMarketingExpenses": 111000000,
        "sellingGeneralAndAdministrativeExpenses": 435000000,
        "otherExpenses": 567000000,
        "operatingExpenses": 1002000000,
        "costAndExpenses": 3196000000,
        "interestIncome": 4407000000,
        "interestExpense": 517000000,
        "depreciationAndAmortization": 96000000,
        "ebitda": 478000000,
        "ebitdaratio": 0.1335941867,
        "operatingIncome": 382000000,
        "operatingIncomeRatio": 0.1067635551,
        "totalOtherIncomeExpensesNet": 0,
        "incomeBeforeTax": 382000000,
        "incomeBeforeTaxRatio": 0.1067635551,
        "incomeTaxExpense": 96000000,
        "netIncome": 286000000,
        "netIncomeRatio": 0.0799329234,
        "eps": 0.45,
        "epsdiluted": 0.45,
        "weightedAverageShsOut": 604900000,
        "weightedAverageShsOutDil": 607400000,
        "link": "https://www.sec.gov/Archives/edgar/data/1601712/000160171220000138/0001601712-20-000138-index.htm",
        "finalLink": "https://www.sec.gov/Archives/edgar/data/1601712/000160171220000138/synchrony331202010q.htm"
    },
    {
        "date": "2019-12-31",
        "symbol": "SYF",
        "reportedCurrency": "USD",
        "cik": "0001601712",
        "fillingDate": "2020-02-13",
        "acceptedDate": "2020-02-13 17:31:54",
        "calendarYear": "2019",
        "period": "Q4",
        "revenue": 3660000000,
        "costOfRevenue": 1660000000,
        "grossProfit": 2000000000,
        "grossProfitRatio": 0.5464480874,
        "researchAndDevelopmentExpenses": 0,
        "generalAndAdministrativeExpenses": 385000000,
        "sellingAndMarketingExpenses": 152000000,
        "sellingGeneralAndAdministrativeExpenses": 537000000,
        "otherExpenses": 321000000,
        "operatingExpenses": 858000000,
        "costAndExpenses": 2566000000,
        "interestIncome": 4585000000,
        "interestExpense": 556000000,
        "depreciationAndAmortization": 94000000,
        "ebitda": 1188000000,
        "ebitdaratio": 0.3245901639,
        "operatingIncome": 1142000000,
        "operatingIncomeRatio": 0.3120218579,
        "totalOtherIncomeExpensesNet": -221000000,
        "incomeBeforeTax": 921000000,
        "incomeBeforeTaxRatio": 0.2516393443,
        "incomeTaxExpense": 190000000,
        "netIncome": 731000000,
        "netIncomeRatio": 0.199726776,
        "eps": 1.15,
        "epsdiluted": 1.15,
        "weightedAverageShsOut": 633700000,
        "weightedAverageShsOutDil": 637700000,
        "link": "https://www.sec.gov/Archives/edgar/data/1601712/000160171220000038/0001601712-20-000038-index.htm",
        "finalLink": "https://www.sec.gov/Archives/edgar/data/1601712/000160171220000038/synchrony1231201910k.htm"
    },
    {
        "date": "2019-09-30",
        "symbol": "SYF",
        "reportedCurrency": "USD",
        "cik": "0001601712",
        "fillingDate": "2019-10-25",
        "acceptedDate": "2019-10-24 18:45:50",
        "calendarYear": "2019",
        "period": "Q3",
        "revenue": 4050000000,
        "costOfRevenue": 1611000000,
        "grossProfit": 2439000000,
        "grossProfitRatio": 0.6022222222,
        "researchAndDevelopmentExpenses": 0,
        "generalAndAdministrativeExpenses": 359000000,
        "sellingAndMarketingExpenses": 139000000,
        "sellingGeneralAndAdministrativeExpenses": 498000000,
        "otherExpenses": 566000000,
        "operatingExpenses": 1064000000,
        "costAndExpenses": 2675000000,
        "interestIncome": 4981000000,
        "interestExpense": 592000000,
        "depreciationAndAmortization": 94000000,
        "ebitda": 1469000000,
        "ebitdaratio": 0.3627160494,
        "operatingIncome": 1375000000,
        "operatingIncomeRatio": 0.3395061728,
        "totalOtherIncomeExpensesNet": 0,
        "incomeBeforeTax": 1375000000,
        "incomeBeforeTaxRatio": 0.3395061728,
        "incomeTaxExpense": 319000000,
        "netIncome": 1056000000,
        "netIncomeRatio": 0.2607407407,
        "eps": 1.6,
        "epsdiluted": 1.6,
        "weightedAverageShsOut": 658300000,
        "weightedAverageShsOutDil": 661700000,
        "link": "https://www.sec.gov/Archives/edgar/data/1601712/000160171219000242/0001601712-19-000242-index.htm",
        "finalLink": "https://www.sec.gov/Archives/edgar/data/1601712/000160171219000242/synchrony930201910q.htm"
    },
    {
        "date": "2019-06-30",
        "symbol": "SYF",
        "reportedCurrency": "USD",
        "cik": "0001601712",
        "fillingDate": "2019-07-25",
        "acceptedDate": "2019-07-25 16:58:58",
        "calendarYear": "2019",
        "period": "Q2",
        "revenue": 3969000000,
        "costOfRevenue": 1781000000,
        "grossProfit": 2188000000,
        "grossProfitRatio": 0.5512723608,
        "researchAndDevelopmentExpenses": 0,
        "generalAndAdministrativeExpenses": 358000000,
        "sellingAndMarketingExpenses": 135000000,
        "sellingGeneralAndAdministrativeExpenses": 493000000,
        "otherExpenses": 566000000,
        "operatingExpenses": 1059000000,
        "costAndExpenses": 2840000000,
        "interestIncome": 4738000000,
        "interestExpense": 583000000,
        "depreciationAndAmortization": 92000000,
        "ebitda": 1221000000,
        "ebitdaratio": 0.3076341648,
        "operatingIncome": 1129000000,
        "operatingIncomeRatio": 0.2844545225,
        "totalOtherIncomeExpensesNet": 0,
        "incomeBeforeTax": 1129000000,
        "incomeBeforeTaxRatio": 0.2844545225,
        "incomeTaxExpense": 276000000,
        "netIncome": 853000000,
        "netIncomeRatio": 0.2149155959,
        "eps": 1.25,
        "epsdiluted": 1.24,
        "weightedAverageShsOut": 683600000,
        "weightedAverageShsOutDil": 686500000,
        "link": "https://www.sec.gov/Archives/edgar/data/1601712/000160171219000184/0001601712-19-000184-index.htm",
        "finalLink": "https://www.sec.gov/Archives/edgar/data/1601712/000160171219000184/synchrony630201910q.htm"
    },
    {
        "date": "2019-03-31",
        "symbol": "SYF",
        "reportedCurrency": "USD",
        "cik": "0001601712",
        "fillingDate": "2019-04-25",
        "acceptedDate": "2019-04-25 17:01:33",
        "calendarYear": "2019",
        "period": "Q1",
        "revenue": 3924000000,
        "costOfRevenue": 1419000000,
        "grossProfit": 2505000000,
        "grossProfitRatio": 0.6383792049,
        "researchAndDevelopmentExpenses": 0,
        "generalAndAdministrativeExpenses": 353000000,
        "sellingAndMarketingExpenses": 123000000,
        "sellingGeneralAndAdministrativeExpenses": 476000000,
        "otherExpenses": 567000000,
        "operatingExpenses": 1043000000,
        "costAndExpenses": 2462000000,
        "interestIncome": 4786000000,
        "interestExpense": 560000000,
        "depreciationAndAmortization": 87000000,
        "ebitda": 1549000000,
        "ebitdaratio": 0.3947502548,
        "operatingIncome": 1462000000,
        "operatingIncomeRatio": 0.372579001,
        "totalOtherIncomeExpensesNet": 0,
        "incomeBeforeTax": 1462000000,
        "incomeBeforeTaxRatio": 0.372579001,
        "incomeTaxExpense": 355000000,
        "netIncome": 1107000000,
        "netIncomeRatio": 0.2821100917,
        "eps": 1.57,
        "epsdiluted": 1.56,
        "weightedAverageShsOut": 706300000,
        "weightedAverageShsOutDil": 708900000,
        "link": "https://www.sec.gov/Archives/edgar/data/1601712/000160171219000124/0001601712-19-000124-index.htm",
        "finalLink": "https://www.sec.gov/Archives/edgar/data/1601712/000160171219000124/synchrony331201910q.htm"
    },
    {
        "date": "2018-12-31",
        "symbol": "SYF",
        "reportedCurrency": "USD",
        "cik": "0001601712",
        "fillingDate": "2019-02-15",
        "acceptedDate": "2019-02-15 16:23:05",
        "calendarYear": "2018",
        "period": "Q4",
        "revenue": 4085000000,
        "costOfRevenue": 1995000000,
        "grossProfit": 2090000000,
        "grossProfitRatio": 0.511627907,
        "researchAndDevelopmentExpenses": 0,
        "generalAndAdministrativeExpenses": 353000000,
        "sellingAndMarketingExpenses": 166000000,
        "sellingGeneralAndAdministrativeExpenses": 519000000,
        "otherExpenses": 559000000,
        "operatingExpenses": 1078000000,
        "costAndExpenses": 3073000000,
        "interestIncome": 4876000000,
        "interestExpense": 543000000,
        "depreciationAndAmortization": 80000000,
        "ebitda": 1092000000,
        "ebitdaratio": 0.2673194614,
        "operatingIncome": 1012000000,
        "operatingIncomeRatio": 0.2477356181,
        "totalOtherIncomeExpensesNet": 0,
        "incomeBeforeTax": 1012000000,
        "incomeBeforeTaxRatio": 0.2477356181,
        "incomeTaxExpense": 229000000,
        "netIncome": 783000000,
        "netIncomeRatio": 0.1916768666,
        "eps": 1.09,
        "epsdiluted": 1.09,
        "weightedAverageShsOut": 718700000,
        "weightedAverageShsOutDil": 720900000,
        "link": "https://www.sec.gov/Archives/edgar/data/1601712/000160171219000053/0001601712-19-000053-index.htm",
        "finalLink": "https://www.sec.gov/Archives/edgar/data/1601712/000160171219000053/synchrony1231201810k.htm"
    },
    {
        "date": "2018-09-30",
        "symbol": "SYF",
        "reportedCurrency": "USD",
        "cik": "0001601712",
        "fillingDate": "2018-10-25",
        "acceptedDate": "2018-10-25 16:21:03",
        "calendarYear": "2018",
        "period": "Q3",
        "revenue": 3886000000,
        "costOfRevenue": -871000000,
        "grossProfit": 1947000000,
        "grossProfitRatio": 0.5010293361,
        "researchAndDevelopmentExpenses": 0,
        "generalAndAdministrativeExpenses": 365000000,
        "sellingAndMarketingExpenses": 131000000,
        "sellingGeneralAndAdministrativeExpenses": 496000000,
        "otherExpenses": 558000000,
        "operatingExpenses": 1054000000,
        "costAndExpenses": 2993000000,
        "interestIncome": 4694000000,
        "interestExpense": 488000000,
        "depreciationAndAmortization": 78000000,
        "ebitda": 971000000,
        "ebitdaratio": 0.249871333,
        "operatingIncome": 893000000,
        "operatingIncomeRatio": 0.2297992795,
        "totalOtherIncomeExpensesNet": 0,
        "incomeBeforeTax": 893000000,
        "incomeBeforeTaxRatio": 0.2297992795,
        "incomeTaxExpense": 222000000,
        "netIncome": 671000000,
        "netIncomeRatio": 0.1726711271,
        "eps": 0.91,
        "epsdiluted": 0.91,
        "weightedAverageShsOut": 734900000,
        "weightedAverageShsOutDil": 738800000,
        "link": "https://www.sec.gov/Archives/edgar/data/1601712/000160171218000265/0001601712-18-000265-index.htm",
        "finalLink": "https://www.sec.gov/Archives/edgar/data/1601712/000160171218000265/synchrony930201810q.htm"
    },
    {
        "date": "2018-06-30",
        "symbol": "SYF",
        "reportedCurrency": "USD",
        "cik": "0001601712",
        "fillingDate": "2018-07-27",
        "acceptedDate": "2018-07-27 16:05:55",
        "calendarYear": "2018",
        "period": "Q2",
        "revenue": 3584000000,
        "costOfRevenue": 1717000000,
        "grossProfit": 1867000000,
        "grossProfitRatio": 0.5209263393,
        "researchAndDevelopmentExpenses": 0,
        "generalAndAdministrativeExpenses": 351000000,
        "sellingAndMarketingExpenses": 110000000,
        "sellingGeneralAndAdministrativeExpenses": 461000000,
        "otherExpenses": 514000000,
        "operatingExpenses": 975000000,
        "costAndExpenses": 2692000000,
        "interestIncome": 4174000000,
        "interestExpense": 437000000,
        "depreciationAndAmortization": 73000000,
        "ebitda": 965000000,
        "ebitdaratio": 0.2692522321,
        "operatingIncome": 892000000,
        "operatingIncomeRatio": 0.2488839286,
        "totalOtherIncomeExpensesNet": 0,
        "incomeBeforeTax": 892000000,
        "incomeBeforeTaxRatio": 0.2488839286,
        "incomeTaxExpense": 196000000,
        "netIncome": 696000000,
        "netIncomeRatio": 0.1941964286,
        "eps": 0.93,
        "epsdiluted": 0.92,
        "weightedAverageShsOut": 752200000,
        "weightedAverageShsOutDil": 758300000,
        "link": "https://www.sec.gov/Archives/edgar/data/1601712/000160171218000209/0001601712-18-000209-index.htm",
        "finalLink": "https://www.sec.gov/Archives/edgar/data/1601712/000160171218000209/synchrony630201810q.htm"
    },
    {
        "date": "2018-03-31",
        "symbol": "SYF",
        "reportedCurrency": "USD",
        "cik": "0001601712",
        "fillingDate": "2018-04-26",
        "acceptedDate": "2018-04-26 17:27:38",
        "calendarYear": "2018",
        "period": "Q1",
        "revenue": 3599000000,
        "costOfRevenue": 1764000000,
        "grossProfit": 1835000000,
        "grossProfitRatio": 0.5098638511,
        "researchAndDevelopmentExpenses": 0,
        "generalAndAdministrativeExpenses": 358000000,
        "sellingAndMarketingExpenses": 121000000,
        "sellingGeneralAndAdministrativeExpenses": 479000000,
        "otherExpenses": 509000000,
        "operatingExpenses": 988000000,
        "costAndExpenses": 2752000000,
        "interestIncome": 4244000000,
        "interestExpense": 402000000,
        "depreciationAndAmortization": 71000000,
        "ebitda": 918000000,
        "ebitdaratio": 0.255070853,
        "operatingIncome": 847000000,
        "operatingIncomeRatio": 0.2353431509,
        "totalOtherIncomeExpensesNet": 0,
        "incomeBeforeTax": 847000000,
        "incomeBeforeTaxRatio": 0.2353431509,
        "incomeTaxExpense": 207000000,
        "netIncome": 640000000,
        "netIncomeRatio": 0.1778271742,
        "eps": 0.84,
        "epsdiluted": 0.83,
        "weightedAverageShsOut": 763700000,
        "weightedAverageShsOutDil": 770300000,
        "link": "https://www.sec.gov/Archives/edgar/data/1601712/000160171218000155/0001601712-18-000155-index.htm",
        "finalLink": "https://www.sec.gov/Archives/edgar/data/1601712/000160171218000155/synchrony331201810q.htm"
    },
    {
        "date": "2017-12-31",
        "symbol": "SYF",
        "reportedCurrency": "USD",
        "cik": "0001601712",
        "fillingDate": "2018-02-22",
        "acceptedDate": "2018-02-22 16:56:29",
        "calendarYear": "2017",
        "period": "Q4",
        "revenue": 3574000000,
        "costOfRevenue": 1729000000,
        "grossProfit": 1845000000,
        "grossProfitRatio": 0.5162283156,
        "researchAndDevelopmentExpenses": 0,
        "generalAndAdministrativeExpenses": 333000000,
        "sellingAndMarketingExpenses": 156000000,
        "sellingGeneralAndAdministrativeExpenses": 489000000,
        "otherExpenses": 481000000,
        "operatingExpenses": 970000000,
        "costAndExpenses": 2699000000,
        "interestIncome": 4291000000,
        "interestExpense": 375000000,
        "depreciationAndAmortization": 67000000,
        "ebitda": 942000000,
        "ebitdaratio": 0.2635702294,
        "operatingIncome": 875000000,
        "operatingIncomeRatio": 0.2448237269,
        "totalOtherIncomeExpensesNet": 0,
        "incomeBeforeTax": 875000000,
        "incomeBeforeTaxRatio": 0.2448237269,
        "incomeTaxExpense": 490000000,
        "netIncome": 385000000,
        "netIncomeRatio": 0.1077224398,
        "eps": 0.49,
        "epsdiluted": 0.49,
        "weightedAverageShsOut": 778700000,
        "weightedAverageShsOutDil": 784000000,
        "link": "https://www.sec.gov/Archives/edgar/data/1601712/000160171218000107/0001601712-18-000107-index.htm",
        "finalLink": "https://www.sec.gov/Archives/edgar/data/1601712/000160171218000107/synchrony1231201710k.htm"
    },
    {
        "date": "2017-09-30",
        "symbol": "SYF",
        "reportedCurrency": "USD",
        "cik": "0001601712",
        "fillingDate": "2017-10-26",
        "acceptedDate": "2017-10-26 16:31:02",
        "calendarYear": "2017",
        "period": "Q3",
        "revenue": 3504000000,
        "costOfRevenue": 1667000000,
        "grossProfit": 1837000000,
        "grossProfitRatio": 0.5242579909,
        "researchAndDevelopmentExpenses": 0,
        "generalAndAdministrativeExpenses": 335000000,
        "sellingAndMarketingExpenses": 124000000,
        "sellingGeneralAndAdministrativeExpenses": 459000000,
        "otherExpenses": 499000000,
        "operatingExpenses": 958000000,
        "costAndExpenses": 2625000000,
        "interestIncome": 4233000000,
        "interestExpense": 357000000,
        "depreciationAndAmortization": 69000000,
        "ebitda": 948000000,
        "ebitdaratio": 0.2705479452,
        "operatingIncome": 879000000,
        "operatingIncomeRatio": 0.2508561644,
        "totalOtherIncomeExpensesNet": 0,
        "incomeBeforeTax": 879000000,
        "incomeBeforeTaxRatio": 0.2508561644,
        "incomeTaxExpense": 324000000,
        "netIncome": 555000000,
        "netIncomeRatio": 0.158390411,
        "eps": 0.7,
        "epsdiluted": 0.7,
        "weightedAverageShsOut": 787300000,
        "weightedAverageShsOutDil": 790900000,
        "link": "https://www.sec.gov/Archives/edgar/data/1601712/000160171217000148/0001601712-17-000148-index.htm",
        "finalLink": "https://www.sec.gov/Archives/edgar/data/1601712/000160171217000148/synchrony930201710q.htm"
    },
    {
        "date": "2017-06-30",
        "symbol": "SYF",
        "reportedCurrency": "USD",
        "cik": "0001601712",
        "fillingDate": "2017-07-28",
        "acceptedDate": "2017-07-28 09:00:14",
        "calendarYear": "2017",
        "period": "Q2",
        "revenue": 3358000000,
        "costOfRevenue": 1659000000,
        "grossProfit": 1699000000,
        "grossProfitRatio": 0.5059559261,
        "researchAndDevelopmentExpenses": 0,
        "generalAndAdministrativeExpenses": 321000000,
        "sellingAndMarketingExpenses": 124000000,
        "sellingGeneralAndAdministrativeExpenses": 445000000,
        "otherExpenses": 466000000,
        "operatingExpenses": 911000000,
        "costAndExpenses": 2570000000,
        "interestIncome": 3970000000,
        "interestExpense": 333000000,
        "depreciationAndAmortization": 59000000,
        "ebitda": 847000000,
        "ebitdaratio": 0.2522334723,
        "operatingIncome": 788000000,
        "operatingIncomeRatio": 0.2346634902,
        "totalOtherIncomeExpensesNet": 0,
        "incomeBeforeTax": 788000000,
        "incomeBeforeTaxRatio": 0.2346634902,
        "incomeTaxExpense": 292000000,
        "netIncome": 496000000,
        "netIncomeRatio": 0.1477069684,
        "eps": 0.62,
        "epsdiluted": 0.61,
        "weightedAverageShsOut": 804000000,
        "weightedAverageShsOutDil": 807400000,
        "link": "https://www.sec.gov/Archives/edgar/data/1601712/000160171217000089/0001601712-17-000089-index.htm",
        "finalLink": "https://www.sec.gov/Archives/edgar/data/1601712/000160171217000089/synchrony630201710q.htm"
    },
    {
        "date": "2017-03-31",
        "symbol": "SYF",
        "reportedCurrency": "USD",
        "cik": "0001601712",
        "fillingDate": "2017-05-01",
        "acceptedDate": "2017-05-01 17:30:54",
        "calendarYear": "2017",
        "period": "Q1",
        "revenue": 3322000000,
        "costOfRevenue": 1632000000,
        "grossProfit": 1690000000,
        "grossProfitRatio": 0.5087296809,
        "researchAndDevelopmentExpenses": 0,
        "generalAndAdministrativeExpenses": 325000000,
        "sellingAndMarketingExpenses": 94000000,
        "sellingGeneralAndAdministrativeExpenses": 419000000,
        "otherExpenses": 489000000,
        "operatingExpenses": 908000000,
        "costAndExpenses": 2540000000,
        "interestIncome": 3913000000,
        "interestExpense": 326000000,
        "depreciationAndAmortization": 59000000,
        "ebitda": 841000000,
        "ebitdaratio": 0.2531607465,
        "operatingIncome": 782000000,
        "operatingIncomeRatio": 0.2354003612,
        "totalOtherIncomeExpensesNet": 0,
        "incomeBeforeTax": 782000000,
        "incomeBeforeTaxRatio": 0.2354003612,
        "incomeTaxExpense": 283000000,
        "netIncome": 499000000,
        "netIncomeRatio": 0.1502107164,
        "eps": 0.61,
        "epsdiluted": 0.61,
        "weightedAverageShsOut": 813100000,
        "weightedAverageShsOutDil": 817100000,
        "link": "https://www.sec.gov/Archives/edgar/data/1601712/000160171217000056/0001601712-17-000056-index.htm",
        "finalLink": "https://www.sec.gov/Archives/edgar/data/1601712/000160171217000056/synchrony331201710q.htm"
    },
    {
        "date": "2016-12-31",
        "symbol": "SYF",
        "reportedCurrency": "USD",
        "cik": "0001601712",
        "fillingDate": "2017-02-23",
        "acceptedDate": "2017-02-23 16:54:20",
        "calendarYear": "2016",
        "period": "Q4",
        "revenue": 3221000000,
        "costOfRevenue": 1395000000,
        "grossProfit": 1826000000,
        "grossProfitRatio": 0.566904688,
        "researchAndDevelopmentExpenses": 0,
        "generalAndAdministrativeExpenses": 315000000,
        "sellingAndMarketingExpenses": 130000000,
        "sellingGeneralAndAdministrativeExpenses": 445000000,
        "otherExpenses": 473000000,
        "operatingExpenses": 918000000,
        "costAndExpenses": 2313000000,
        "interestIncome": 3947000000,
        "interestExpense": 319000000,
        "depreciationAndAmortization": 55000000,
        "ebitda": 963000000,
        "ebitdaratio": 0.2989754735,
        "operatingIncome": 908000000,
        "operatingIncomeRatio": 0.281900031,
        "totalOtherIncomeExpensesNet": 0,
        "incomeBeforeTax": 908000000,
        "incomeBeforeTaxRatio": 0.281900031,
        "incomeTaxExpense": 332000000,
        "netIncome": 576000000,
        "netIncomeRatio": 0.1788264514,
        "eps": 0.7,
        "epsdiluted": 0.7,
        "weightedAverageShsOut": 820500000,
        "weightedAverageShsOutDil": 823800000,
        "link": "https://www.sec.gov/Archives/edgar/data/1601712/000160171217000031/0001601712-17-000031-index.htm",
        "finalLink": "https://www.sec.gov/Archives/edgar/data/1601712/000160171217000031/synchrony1231201610k.htm"
    },
    {
        "date": "2016-09-30",
        "symbol": "SYF",
        "reportedCurrency": "USD",
        "cik": "0001601712",
        "fillingDate": "2016-10-27",
        "acceptedDate": "2016-10-27 16:56:07",
        "calendarYear": "2016",
        "period": "Q3",
        "revenue": 3123000000,
        "costOfRevenue": 1301000000,
        "grossProfit": 1822000000,
        "grossProfitRatio": 0.5834133846,
        "researchAndDevelopmentExpenses": 0,
        "generalAndAdministrativeExpenses": 311000000,
        "sellingAndMarketingExpenses": 92000000,
        "sellingGeneralAndAdministrativeExpenses": 403000000,
        "otherExpenses": 456000000,
        "operatingExpenses": 859000000,
        "costAndExpenses": 2160000000,
        "interestIncome": 3796000000,
        "interestExpense": 315000000,
        "depreciationAndAmortization": 56000000,
        "ebitda": 1019000000,
        "ebitdaratio": 0.3262888248,
        "operatingIncome": 963000000,
        "operatingIncomeRatio": 0.3083573487,
        "totalOtherIncomeExpensesNet": 0,
        "incomeBeforeTax": 963000000,
        "incomeBeforeTaxRatio": 0.3083573487,
        "incomeTaxExpense": 359000000,
        "netIncome": 604000000,
        "netIncomeRatio": 0.1934037784,
        "eps": 0.73,
        "epsdiluted": 0.73,
        "weightedAverageShsOut": 828400000,
        "weightedAverageShsOutDil": 830600000,
        "link": "https://www.sec.gov/Archives/edgar/data/1601712/000160171216000175/0001601712-16-000175-index.htm",
        "finalLink": "https://www.sec.gov/Archives/edgar/data/1601712/000160171216000175/synchrony930201610q.htm"
    },
    {
        "date": "2016-06-30",
        "symbol": "SYF",
        "reportedCurrency": "USD",
        "cik": "0001601712",
        "fillingDate": "2016-07-28",
        "acceptedDate": "2016-07-28 17:14:25",
        "calendarYear": "2016",
        "period": "Q2",
        "revenue": 1610000000,
        "costOfRevenue": 1324000000,
        "grossProfit": 1610000000,
        "grossProfitRatio": 1,
        "researchAndDevelopmentExpenses": 0,
        "generalAndAdministrativeExpenses": 301000000,
        "sellingAndMarketingExpenses": 107000000,
        "sellingGeneralAndAdministrativeExpenses": 408000000,
        "otherExpenses": 431000000,
        "operatingExpenses": 839000000,
        "costAndExpenses": 643000000,
        "interestIncome": 3515000000,
        "interestExpense": 303000000,
        "depreciationAndAmortization": 54000000,
        "ebitda": 825000000,
        "ebitdaratio": 0.5124223602,
        "operatingIncome": 967000000,
        "operatingIncomeRatio": 0.600621118,
        "totalOtherIncomeExpensesNet": -196000000,
        "incomeBeforeTax": 771000000,
        "incomeBeforeTaxRatio": 0.4788819876,
        "incomeTaxExpense": 282000000,
        "netIncome": 489000000,
        "netIncomeRatio": 0.3037267081,
        "eps": 0.59,
        "epsdiluted": 0.58,
        "weightedAverageShsOut": 833900000,
        "weightedAverageShsOutDil": 836200000,
        "link": "https://www.sec.gov/Archives/edgar/data/1601712/000160171216000143/0001601712-16-000143-index.htm",
        "finalLink": "https://www.sec.gov/Archives/edgar/data/1601712/000160171216000143/synchrony630201610q.htm"
    },
    {
        "date": "2016-03-31",
        "symbol": "SYF",
        "reportedCurrency": "USD",
        "cik": "0001601712",
        "fillingDate": "2016-04-28",
        "acceptedDate": "2016-04-28 17:18:46",
        "calendarYear": "2016",
        "period": "Q1",
        "revenue": 1728000000,
        "costOfRevenue": 1214000000,
        "grossProfit": 1728000000,
        "grossProfitRatio": 1,
        "researchAndDevelopmentExpenses": 0,
        "generalAndAdministrativeExpenses": 280000000,
        "sellingAndMarketingExpenses": 94000000,
        "sellingGeneralAndAdministrativeExpenses": 374000000,
        "otherExpenses": 426000000,
        "operatingExpenses": 800000000,
        "costAndExpenses": 602000000,
        "interestIncome": 3520000000,
        "interestExpense": 311000000,
        "depreciationAndAmortization": 54000000,
        "ebitda": 982000000,
        "ebitdaratio": 0.568287037,
        "operatingIncome": 1126000000,
        "operatingIncomeRatio": 0.6516203704,
        "totalOtherIncomeExpensesNet": -198000000,
        "incomeBeforeTax": 928000000,
        "incomeBeforeTaxRatio": 0.537037037,
        "incomeTaxExpense": 346000000,
        "netIncome": 582000000,
        "netIncomeRatio": 0.3368055556,
        "eps": 0.7,
        "epsdiluted": 0.7,
        "weightedAverageShsOut": 833800000,
        "weightedAverageShsOutDil": 835500000,
        "link": "https://www.sec.gov/Archives/edgar/data/1601712/000160171216000109/0001601712-16-000109-index.htm",
        "finalLink": "https://www.sec.gov/Archives/edgar/data/1601712/000160171216000109/synchrony331201610q.htm"
    },
    {
        "date": "2015-12-31",
        "symbol": "SYF",
        "reportedCurrency": "USD",
        "cik": "0001601712",
        "fillingDate": "2016-02-25",
        "acceptedDate": "2016-02-25 17:26:46",
        "calendarYear": "2015",
        "period": "Q4",
        "revenue": 1738000000,
        "costOfRevenue": 1124000000,
        "grossProfit": 1738000000,
        "grossProfitRatio": 1,
        "researchAndDevelopmentExpenses": 0,
        "generalAndAdministrativeExpenses": 285000000,
        "sellingAndMarketingExpenses": 128000000,
        "sellingGeneralAndAdministrativeExpenses": 413000000,
        "otherExpenses": 457000000,
        "operatingExpenses": 870000000,
        "costAndExpenses": 661000000,
        "interestIncome": 3509000000,
        "interestExpense": 301000000,
        "depreciationAndAmortization": 47000000,
        "ebitda": 915000000,
        "ebitdaratio": 0.5264672037,
        "operatingIncome": 1077000000,
        "operatingIncomeRatio": 0.6196777906,
        "totalOtherIncomeExpensesNet": -209000000,
        "incomeBeforeTax": 868000000,
        "incomeBeforeTaxRatio": 0.499424626,
        "incomeTaxExpense": 321000000,
        "netIncome": 547000000,
        "netIncomeRatio": 0.3147295742,
        "eps": 0.66,
        "epsdiluted": 0.65,
        "weightedAverageShsOut": 833800000,
        "weightedAverageShsOutDil": 835800000,
        "link": "https://www.sec.gov/Archives/edgar/data/1601712/000160171216000069/0001601712-16-000069-index.htm",
        "finalLink": "https://www.sec.gov/Archives/edgar/data/1601712/000160171216000069/synchrony1231201510k.htm"
    },
    {
        "date": "2015-09-30",
        "symbol": "SYF",
        "reportedCurrency": "USD",
        "cik": "0001601712",
        "fillingDate": "2015-10-30",
        "acceptedDate": "2015-10-30 09:13:39",
        "calendarYear": "2015",
        "period": "Q3",
        "revenue": 1762000000,
        "costOfRevenue": 991000000,
        "grossProfit": 1762000000,
        "grossProfitRatio": 1,
        "researchAndDevelopmentExpenses": 0,
        "generalAndAdministrativeExpenses": 268000000,
        "sellingAndMarketingExpenses": 115000000,
        "sellingGeneralAndAdministrativeExpenses": 383000000,
        "otherExpenses": 460000000,
        "operatingExpenses": 843000000,
        "costAndExpenses": 622000000,
        "interestIncome": 3392000000,
        "interestExpense": 289000000,
        "depreciationAndAmortization": 46000000,
        "ebitda": 965000000,
        "ebitdaratio": 0.5476730988,
        "operatingIncome": 1140000000,
        "operatingIncomeRatio": 0.6469920545,
        "totalOtherIncomeExpensesNet": -221000000,
        "incomeBeforeTax": 919000000,
        "incomeBeforeTaxRatio": 0.5215664018,
        "incomeTaxExpense": 345000000,
        "netIncome": 574000000,
        "netIncomeRatio": 0.3257661748,
        "eps": 0.69,
        "epsdiluted": 0.69,
        "weightedAverageShsOut": 833800000,
        "weightedAverageShsOutDil": 835800000,
        "link": "https://www.sec.gov/Archives/edgar/data/1601712/000160171215000032/0001601712-15-000032-index.htm",
        "finalLink": "https://www.sec.gov/Archives/edgar/data/1601712/000160171215000032/synchrony930201510q.htm"
    },
    {
        "date": "2015-06-30",
        "symbol": "SYF",
        "reportedCurrency": "USD",
        "cik": "0001601712",
        "fillingDate": "2015-07-31",
        "acceptedDate": "2015-07-31 09:00:17",
        "calendarYear": "2015",
        "period": "Q2",
        "revenue": 1666000000,
        "costOfRevenue": 1010000000,
        "grossProfit": 1666000000,
        "grossProfitRatio": 1,
        "researchAndDevelopmentExpenses": 0,
        "generalAndAdministrativeExpenses": 250000000,
        "sellingAndMarketingExpenses": 108000000,
        "sellingGeneralAndAdministrativeExpenses": 358000000,
        "otherExpenses": 447000000,
        "operatingExpenses": 805000000,
        "costAndExpenses": 588000000,
        "interestIncome": 3177000000,
        "interestExpense": 270000000,
        "depreciationAndAmortization": 44000000,
        "ebitda": 905000000,
        "ebitdaratio": 0.5432172869,
        "operatingIncome": 1078000000,
        "operatingIncomeRatio": 0.6470588235,
        "totalOtherIncomeExpensesNet": -217000000,
        "incomeBeforeTax": 861000000,
        "incomeBeforeTaxRatio": 0.5168067227,
        "incomeTaxExpense": 320000000,
        "netIncome": 541000000,
        "netIncomeRatio": 0.324729892,
        "eps": 0.65,
        "epsdiluted": 0.65,
        "weightedAverageShsOut": 833800000,
        "weightedAverageShsOutDil": 835400000,
        "link": "https://www.sec.gov/Archives/edgar/data/1601712/000160171215000026/0001601712-15-000026-index.htm",
        "finalLink": "https://www.sec.gov/Archives/edgar/data/1601712/000160171215000026/synchrony630201510q.htm"
    },
    {
        "date": "2015-03-31",
        "symbol": "SYF",
        "reportedCurrency": "USD",
        "cik": "0001601712",
        "fillingDate": "2015-05-01",
        "acceptedDate": "2015-05-01 07:59:59",
        "calendarYear": "2015",
        "period": "Q1",
        "revenue": 1629000000,
        "costOfRevenue": 962000000,
        "grossProfit": 1629000000,
        "grossProfitRatio": 1,
        "researchAndDevelopmentExpenses": 0,
        "generalAndAdministrativeExpenses": 239000000,
        "sellingAndMarketingExpenses": 82000000,
        "sellingGeneralAndAdministrativeExpenses": 321000000,
        "otherExpenses": 425000000,
        "operatingExpenses": 746000000,
        "costAndExpenses": 546000000,
        "interestIncome": 3150000000,
        "interestExpense": 275000000,
        "depreciationAndAmortization": 37000000,
        "ebitda": 920000000,
        "ebitdaratio": 0.5647636587,
        "operatingIncome": 1083000000,
        "operatingIncomeRatio": 0.664825046,
        "totalOtherIncomeExpensesNet": -200000000,
        "incomeBeforeTax": 883000000,
        "incomeBeforeTaxRatio": 0.5420503376,
        "incomeTaxExpense": 331000000,
        "netIncome": 552000000,
        "netIncomeRatio": 0.3388581952,
        "eps": 0.66,
        "epsdiluted": 0.66,
        "weightedAverageShsOut": 833800000,
        "weightedAverageShsOutDil": 835000000,
        "link": "https://www.sec.gov/Archives/edgar/data/1601712/000160171215000015/0001601712-15-000015-index.htm",
        "finalLink": "https://www.sec.gov/Archives/edgar/data/1601712/000160171215000015/synchrony331201510q.htm"
    },
    {
        "date": "2014-12-31",
        "symbol": "SYF",
        "reportedCurrency": "USD",
        "cik": "0001601712",
        "fillingDate": "2015-02-23",
        "acceptedDate": "2015-02-23 17:02:50",
        "calendarYear": "2014",
        "period": "Q4",
        "revenue": 1645000000,
        "costOfRevenue": 1079000000,
        "grossProfit": 1645000000,
        "grossProfitRatio": 1,
        "researchAndDevelopmentExpenses": 0,
        "generalAndAdministrativeExpenses": 227000000,
        "sellingAndMarketingExpenses": 165000000,
        "sellingGeneralAndAdministrativeExpenses": 392000000,
        "otherExpenses": 400000000,
        "operatingExpenses": 792000000,
        "costAndExpenses": 591000000,
        "interestIncome": 3260000000,
        "interestExpense": 282000000,
        "depreciationAndAmortization": 35000000,
        "ebitda": 888000000,
        "ebitdaratio": 0.5398176292,
        "operatingIncome": 1054000000,
        "operatingIncomeRatio": 0.6407294833,
        "totalOtherIncomeExpensesNet": -201000000,
        "incomeBeforeTax": 853000000,
        "incomeBeforeTaxRatio": 0.5185410334,
        "incomeTaxExpense": 322000000,
        "netIncome": 531000000,
        "netIncomeRatio": 0.3227963526,
        "eps": 0.64,
        "epsdiluted": 0.64,
        "weightedAverageShsOut": 833800000,
        "weightedAverageShsOutDil": 834300000,
        "link": "https://www.sec.gov/Archives/edgar/data/1601712/000160171215000007/0001601712-15-000007-index.htm",
        "finalLink": "https://www.sec.gov/Archives/edgar/data/1601712/000160171215000007/synchrony1231201410k.htm"
    },
    {
        "date": "2014-09-30",
        "symbol": "SYF",
        "reportedCurrency": "USD",
        "cik": "0001601712",
        "fillingDate": "2014-10-31",
        "acceptedDate": "2014-10-31 09:19:40",
        "calendarYear": "2014",
        "period": "Q3",
        "revenue": 1607000000,
        "costOfRevenue": 919000000,
        "grossProfit": 1607000000,
        "grossProfitRatio": 1,
        "researchAndDevelopmentExpenses": 0,
        "generalAndAdministrativeExpenses": 239000000,
        "sellingAndMarketingExpenses": 115000000,
        "sellingGeneralAndAdministrativeExpenses": 354000000,
        "otherExpenses": 374000000,
        "operatingExpenses": 728000000,
        "costAndExpenses": 550000000,
        "interestIncome": 3123000000,
        "interestExpense": 244000000,
        "depreciationAndAmortization": 33000000,
        "ebitda": 912000000,
        "ebitdaratio": 0.5675171126,
        "operatingIncome": 1057000000,
        "operatingIncomeRatio": 0.6577473553,
        "totalOtherIncomeExpensesNet": -178000000,
        "incomeBeforeTax": 879000000,
        "incomeBeforeTaxRatio": 0.546981954,
        "incomeTaxExpense": 331000000,
        "netIncome": 548000000,
        "netIncomeRatio": 0.3410080896,
        "eps": 0.7,
        "epsdiluted": 0.7,
        "weightedAverageShsOut": 782000000,
        "weightedAverageShsOutDil": 782000000,
        "link": "https://www.sec.gov/Archives/edgar/data/1601712/000160171214000015/0001601712-14-000015-index.htm",
        "finalLink": "https://www.sec.gov/Archives/edgar/data/1601712/000160171214000015/synchrony930201410q.htm"
    },
    {
        "date": "2014-06-30",
        "symbol": "SYF",
        "reportedCurrency": "USD",
        "cik": "0001601712",
        "fillingDate": "2014-09-05",
        "acceptedDate": "2014-09-05 07:27:27",
        "calendarYear": "2014",
        "period": "Q2",
        "revenue": 1561000000,
        "costOfRevenue": 887000000,
        "grossProfit": 1561000000,
        "grossProfitRatio": 1,
        "researchAndDevelopmentExpenses": 0,
        "generalAndAdministrativeExpenses": 207000000,
        "sellingAndMarketingExpenses": 97000000,
        "sellingGeneralAndAdministrativeExpenses": 304000000,
        "otherExpenses": 493000000,
        "operatingExpenses": 797000000,
        "costAndExpenses": 502000000,
        "interestIncome": 2926000000,
        "interestExpense": 206000000,
        "depreciationAndAmortization": 32000000,
        "ebitda": 796000000,
        "ebitdaratio": 0.5099295324,
        "operatingIncome": 1059000000,
        "operatingIncomeRatio": 0.6784112748,
        "totalOtherIncomeExpensesNet": -295000000,
        "incomeBeforeTax": 764000000,
        "incomeBeforeTaxRatio": 0.4894298527,
        "incomeTaxExpense": 292000000,
        "netIncome": 472000000,
        "netIncomeRatio": 0.3023702755,
        "eps": 0.57,
        "epsdiluted": 0.57,
        "weightedAverageShsOut": 830270833,
        "weightedAverageShsOutDil": 830270833,
        "link": "https://www.sec.gov/Archives/edgar/data/1601712/000160171214000007/0001601712-14-000007-index.htm",
        "finalLink": "https://www.sec.gov/Archives/edgar/data/1601712/000160171214000007/synchrony630201410q.htm"
    },
    {
        "date": "2014-03-31",
        "symbol": "SYF",
        "reportedCurrency": "USD",
        "cik": "0001601712",
        "fillingDate": "2014-03-31",
        "acceptedDate": "2014-03-30 20:00:00",
        "calendarYear": "2014",
        "period": "Q1",
        "revenue": 1500000000,
        "costOfRevenue": 954000000,
        "grossProfit": 1500000000,
        "grossProfitRatio": 1,
        "researchAndDevelopmentExpenses": 0,
        "generalAndAdministrativeExpenses": 193000000,
        "sellingAndMarketingExpenses": 83000000,
        "sellingGeneralAndAdministrativeExpenses": 276000000,
        "otherExpenses": 334000000,
        "operatingExpenses": 610000000,
        "costAndExpenses": 458000000,
        "interestIncome": 2933000000,
        "interestExpense": 190000000,
        "depreciationAndAmortization": 31000000,
        "ebitda": 921000000,
        "ebitdaratio": 0.614,
        "operatingIncome": 1042000000,
        "operatingIncomeRatio": 0.6946666667,
        "totalOtherIncomeExpensesNet": -152000000,
        "incomeBeforeTax": 890000000,
        "incomeBeforeTaxRatio": 0.5933333333,
        "incomeTaxExpense": 332000000,
        "netIncome": 558000000,
        "netIncomeRatio": 0.372,
        "eps": 0.67,
        "epsdiluted": 0.67,
        "weightedAverageShsOut": 830271000,
        "weightedAverageShsOutDil": 831170000,
        "link": "",
        "finalLink": ""
    },
    {
        "date": "2013-12-31",
        "symbol": "SYF",
        "reportedCurrency": "USD",
        "cik": "0001601712",
        "fillingDate": "2013-12-31",
        "acceptedDate": "2013-12-30 19:00:00",
        "calendarYear": "2013",
        "period": "Q4",
        "revenue": 1499000000,
        "costOfRevenue": 1006000000,
        "grossProfit": 1499000000,
        "grossProfitRatio": 1,
        "researchAndDevelopmentExpenses": 0,
        "generalAndAdministrativeExpenses": 190000000,
        "sellingAndMarketingExpenses": 117000000,
        "sellingGeneralAndAdministrativeExpenses": 307000000,
        "otherExpenses": 209000000,
        "operatingExpenses": 516000000,
        "costAndExpenses": 516000000,
        "interestIncome": 3037000000,
        "interestExpense": 188000000,
        "depreciationAndAmortization": 27000000,
        "ebitda": 719000000,
        "ebitdaratio": 0.4796531021,
        "operatingIncome": 983000000,
        "operatingIncomeRatio": 0.6557705137,
        "totalOtherIncomeExpensesNet": -291000000,
        "incomeBeforeTax": 692000000,
        "incomeBeforeTaxRatio": 0.4616410941,
        "incomeTaxExpense": 249000000,
        "netIncome": 443000000,
        "netIncomeRatio": 0.2955303536,
        "eps": 0.53,
        "epsdiluted": 0.53,
        "weightedAverageShsOut": 830271000,
        "weightedAverageShsOutDil": 831170000,
        "link": "",
        "finalLink": ""
    },
    {
        "date": "2013-09-30",
        "symbol": "SYF",
        "reportedCurrency": "USD",
        "cik": "0001601712",
        "fillingDate": "2013-09-30",
        "acceptedDate": "2013-09-29 20:00:00",
        "calendarYear": "2013",
        "period": "Q3",
        "revenue": 1596000000,
        "costOfRevenue": 724000000,
        "grossProfit": 1596000000,
        "grossProfitRatio": 1,
        "researchAndDevelopmentExpenses": 0,
        "generalAndAdministrativeExpenses": 173000000,
        "sellingAndMarketingExpenses": 54000000,
        "sellingGeneralAndAdministrativeExpenses": 227000000,
        "otherExpenses": 167000000,
        "operatingExpenses": 394000000,
        "costAndExpenses": 394000000,
        "interestIncome": 2886000000,
        "interestExpense": 183000000,
        "depreciationAndAmortization": 25000000,
        "ebitda": 1046000000,
        "ebitdaratio": 0.6553884712,
        "operatingIncome": 1204000000,
        "operatingIncomeRatio": 0.7543859649,
        "totalOtherIncomeExpensesNet": -181000000,
        "incomeBeforeTax": 1021000000,
        "incomeBeforeTaxRatio": 0.6397243108,
        "incomeTaxExpense": 380000000,
        "netIncome": 641000000,
        "netIncomeRatio": 0.4016290727,
        "eps": 0.77,
        "epsdiluted": 0.77,
        "weightedAverageShsOut": 830271000,
        "weightedAverageShsOutDil": 831170000,
        "link": "",
        "finalLink": ""
    },
    {
        "date": "2013-06-30",
        "symbol": "SYF",
        "reportedCurrency": "USD",
        "cik": "0001601712",
        "fillingDate": "2013-06-30",
        "acceptedDate": "2013-06-29 20:00:00",
        "calendarYear": "2013",
        "period": "Q2",
        "revenue": 1419000000,
        "costOfRevenue": 844000000,
        "grossProfit": 1419000000,
        "grossProfitRatio": 1,
        "researchAndDevelopmentExpenses": 0,
        "generalAndAdministrativeExpenses": 173000000,
        "sellingAndMarketingExpenses": 53000000,
        "sellingGeneralAndAdministrativeExpenses": 226000000,
        "otherExpenses": 337000000,
        "operatingExpenses": 563000000,
        "costAndExpenses": 563000000,
        "interestIncome": 2686000000,
        "interestExpense": 178000000,
        "depreciationAndAmortization": 25000000,
        "ebitda": 881000000,
        "ebitdaratio": 0.6208597604,
        "operatingIncome": 856000000,
        "operatingIncomeRatio": 0.6032417195,
        "totalOtherIncomeExpensesNet": 0,
        "incomeBeforeTax": 856000000,
        "incomeBeforeTaxRatio": 0.6032417195,
        "incomeTaxExpense": 320000000,
        "netIncome": 536000000,
        "netIncomeRatio": 0.3777307963,
        "eps": 0.65,
        "epsdiluted": 0.64,
        "weightedAverageShsOut": 830271000,
        "weightedAverageShsOutDil": 831170000,
        "link": "",
        "finalLink": ""
    },
    {
        "date": "2013-03-31",
        "symbol": "SYF",
        "reportedCurrency": "USD",
        "cik": "0001601712",
        "fillingDate": "2013-03-31",
        "acceptedDate": "2013-03-31 00:00:00",
        "calendarYear": "2013",
        "period": "Q1",
        "revenue": 1112000000,
        "costOfRevenue": 1240000000,
        "grossProfit": 1112000000,
        "grossProfitRatio": 1,
        "researchAndDevelopmentExpenses": 0,
        "generalAndAdministrativeExpenses": 162000000,
        "sellingAndMarketingExpenses": 45000000,
        "sellingGeneralAndAdministrativeExpenses": 207000000,
        "otherExpenses": 332000000,
        "operatingExpenses": 539000000,
        "costAndExpenses": 539000000,
        "interestIncome": 2704000000,
        "interestExpense": 193000000,
        "depreciationAndAmortization": 27000000,
        "ebitda": 600000000,
        "ebitdaratio": 0.5395683453,
        "operatingIncome": 606000000,
        "operatingIncomeRatio": 0.5449640288,
        "totalOtherIncomeExpensesNet": -33000000,
        "incomeBeforeTax": 573000000,
        "incomeBeforeTaxRatio": 0.5152877698,
        "incomeTaxExpense": 214000000,
        "netIncome": 359000000,
        "netIncomeRatio": 0.3228417266,
        "eps": 0.43,
        "epsdiluted": 0.43,
        "weightedAverageShsOut": 830271000,
        "weightedAverageShsOutDil": 831170000,
        "link": "",
        "finalLink": ""
    }
]