[
    {
        "date": "2025-06-30",
        "symbol": "TDC",
        "reportedCurrency": "USD",
        "cik": "0000816761",
        "fillingDate": "2025-08-06",
        "acceptedDate": "2025-08-06 12:16:05",
        "calendarYear": "2025",
        "period": "Q2",
        "revenue": 408000000,
        "costOfRevenue": 178000000,
        "grossProfit": 230000000,
        "grossProfitRatio": 0.5637254902,
        "researchAndDevelopmentExpenses": 71000000,
        "generalAndAdministrativeExpenses": 0,
        "sellingAndMarketingExpenses": 0,
        "sellingGeneralAndAdministrativeExpenses": 135000000,
        "otherExpenses": 0,
        "operatingExpenses": 206000000,
        "costAndExpenses": 384000000,
        "interestIncome": 2000000,
        "interestExpense": 6000000,
        "depreciationAndAmortization": 23000000,
        "ebitda": 42000000,
        "ebitdaratio": 0.1029411765,
        "operatingIncome": 24000000,
        "operatingIncomeRatio": 0.0588235294,
        "totalOtherIncomeExpensesNet": -11000000,
        "incomeBeforeTax": 13000000,
        "incomeBeforeTaxRatio": 0.0318627451,
        "incomeTaxExpense": 4000000,
        "netIncome": 9000000,
        "netIncomeRatio": 0.0220588235,
        "eps": 0.0944,
        "epsdiluted": 0.0938,
        "weightedAverageShsOut": 95300000,
        "weightedAverageShsOutDil": 96000000,
        "link": "https://www.sec.gov/Archives/edgar/data/816761/000081676125000182/0000816761-25-000182-index.htm",
        "finalLink": "https://www.sec.gov/Archives/edgar/data/816761/000081676125000182/tdc-20250630.htm"
    },
    {
        "date": "2025-03-31",
        "symbol": "TDC",
        "reportedCurrency": "USD",
        "cik": "0000816761",
        "fillingDate": "2025-05-07",
        "acceptedDate": "2025-05-07 12:40:50",
        "calendarYear": "2025",
        "period": "Q1",
        "revenue": 418000000,
        "costOfRevenue": 170000000,
        "grossProfit": 248000000,
        "grossProfitRatio": 0.5933014354,
        "researchAndDevelopmentExpenses": 66000000,
        "generalAndAdministrativeExpenses": 0,
        "sellingAndMarketingExpenses": 0,
        "sellingGeneralAndAdministrativeExpenses": 116000000,
        "otherExpenses": 0,
        "operatingExpenses": 182000000,
        "costAndExpenses": 352000000,
        "interestIncome": 3000000,
        "interestExpense": 7000000,
        "depreciationAndAmortization": 20000000,
        "ebitda": 85000000,
        "ebitdaratio": 0.2033492823,
        "operatingIncome": 66000000,
        "operatingIncomeRatio": 0.1578947368,
        "totalOtherIncomeExpensesNet": -8000000,
        "incomeBeforeTax": 58000000,
        "incomeBeforeTaxRatio": 0.1387559809,
        "incomeTaxExpense": 14000000,
        "netIncome": 44000000,
        "netIncomeRatio": 0.1052631579,
        "eps": 0.46,
        "epsdiluted": 0.45,
        "weightedAverageShsOut": 95100000,
        "weightedAverageShsOutDil": 97400000,
        "link": "https://www.sec.gov/Archives/edgar/data/816761/000081676125000108/0000816761-25-000108-index.htm",
        "finalLink": "https://www.sec.gov/Archives/edgar/data/816761/000081676125000108/tdc-20250331.htm"
    },
    {
        "date": "2024-12-31",
        "symbol": "TDC",
        "reportedCurrency": "USD",
        "cik": "0000816761",
        "fillingDate": "2025-02-21",
        "acceptedDate": "2025-02-21 15:53:52",
        "calendarYear": "2024",
        "period": "Q4",
        "revenue": 409000000,
        "costOfRevenue": 166000000,
        "grossProfit": 243000000,
        "grossProfitRatio": 0.5941320293,
        "researchAndDevelopmentExpenses": 68000000,
        "generalAndAdministrativeExpenses": 0,
        "sellingAndMarketingExpenses": 0,
        "sellingGeneralAndAdministrativeExpenses": 136000000,
        "otherExpenses": 0,
        "operatingExpenses": 204000000,
        "costAndExpenses": 372000000,
        "interestIncome": 2000000,
        "interestExpense": 7000000,
        "depreciationAndAmortization": 22000000,
        "ebitda": 59000000,
        "ebitdaratio": 0.1442542787,
        "operatingIncome": 39000000,
        "operatingIncomeRatio": 0.0953545232,
        "totalOtherIncomeExpensesNet": -9000000,
        "incomeBeforeTax": 30000000,
        "incomeBeforeTaxRatio": 0.0733496333,
        "incomeTaxExpense": 5000000,
        "netIncome": 25000000,
        "netIncomeRatio": 0.0611246944,
        "eps": 0.26,
        "epsdiluted": 0.26,
        "weightedAverageShsOut": 95500000,
        "weightedAverageShsOutDil": 97400000,
        "link": "https://www.sec.gov/Archives/edgar/data/816761/000081676125000027/0000816761-25-000027-index.htm",
        "finalLink": "https://www.sec.gov/Archives/edgar/data/816761/000081676125000027/tdc-20241231.htm"
    },
    {
        "date": "2024-09-30",
        "symbol": "TDC",
        "reportedCurrency": "USD",
        "cik": "0000816761",
        "fillingDate": "2024-11-05",
        "acceptedDate": "2024-11-05 09:00:26",
        "calendarYear": "2024",
        "period": "Q3",
        "revenue": 440000000,
        "costOfRevenue": 174000000,
        "grossProfit": 266000000,
        "grossProfitRatio": 0.6045454545,
        "researchAndDevelopmentExpenses": 73000000,
        "generalAndAdministrativeExpenses": 0,
        "sellingAndMarketingExpenses": 0,
        "sellingGeneralAndAdministrativeExpenses": 137000000,
        "otherExpenses": 0,
        "operatingExpenses": 210000000,
        "costAndExpenses": 384000000,
        "interestIncome": 3000000,
        "interestExpense": 7000000,
        "depreciationAndAmortization": 25000000,
        "ebitda": 79000000,
        "ebitdaratio": 0.1795454545,
        "operatingIncome": 56000000,
        "operatingIncomeRatio": 0.1272727273,
        "totalOtherIncomeExpensesNet": -9000000,
        "incomeBeforeTax": 47000000,
        "incomeBeforeTaxRatio": 0.1068181818,
        "incomeTaxExpense": 15000000,
        "netIncome": 32000000,
        "netIncomeRatio": 0.0727272727,
        "eps": 0.33,
        "epsdiluted": 0.33,
        "weightedAverageShsOut": 96100000,
        "weightedAverageShsOutDil": 97000000,
        "link": "https://www.sec.gov/Archives/edgar/data/816761/000081676124000162/0000816761-24-000162-index.htm",
        "finalLink": "https://www.sec.gov/Archives/edgar/data/816761/000081676124000162/tdc-20240930.htm"
    },
    {
        "date": "2024-06-30",
        "symbol": "TDC",
        "reportedCurrency": "USD",
        "cik": "0000816761",
        "fillingDate": "2024-08-06",
        "acceptedDate": "2024-08-06 08:33:33",
        "calendarYear": "2024",
        "period": "Q2",
        "revenue": 436000000,
        "costOfRevenue": 170000000,
        "grossProfit": 266000000,
        "grossProfitRatio": 0.6100917431,
        "researchAndDevelopmentExpenses": 68000000,
        "generalAndAdministrativeExpenses": 0,
        "sellingAndMarketingExpenses": 0,
        "sellingGeneralAndAdministrativeExpenses": 131000000,
        "otherExpenses": 0,
        "operatingExpenses": 199000000,
        "costAndExpenses": 369000000,
        "interestIncome": 2000000,
        "interestExpense": 7000000,
        "depreciationAndAmortization": 26000000,
        "ebitda": 93000000,
        "ebitdaratio": 0.2133027523,
        "operatingIncome": 67000000,
        "operatingIncomeRatio": 0.1536697248,
        "totalOtherIncomeExpensesNet": -11000000,
        "incomeBeforeTax": 55000000,
        "incomeBeforeTaxRatio": 0.126146789,
        "incomeTaxExpense": 18000000,
        "netIncome": 37000000,
        "netIncomeRatio": 0.0848623853,
        "eps": 0.38,
        "epsdiluted": 0.38,
        "weightedAverageShsOut": 96500000,
        "weightedAverageShsOutDil": 97400000,
        "link": "https://www.sec.gov/Archives/edgar/data/816761/000081676124000146/0000816761-24-000146-index.htm",
        "finalLink": "https://www.sec.gov/Archives/edgar/data/816761/000081676124000146/tdc-20240630.htm"
    },
    {
        "date": "2024-03-31",
        "symbol": "TDC",
        "reportedCurrency": "USD",
        "cik": "0000816761",
        "fillingDate": "2024-05-07",
        "acceptedDate": "2024-05-07 10:06:21",
        "calendarYear": "2024",
        "period": "Q1",
        "revenue": 465000000,
        "costOfRevenue": 180000000,
        "grossProfit": 285000000,
        "grossProfitRatio": 0.6129032258,
        "researchAndDevelopmentExpenses": 75000000,
        "generalAndAdministrativeExpenses": 0,
        "sellingAndMarketingExpenses": 0,
        "sellingGeneralAndAdministrativeExpenses": 161000000,
        "otherExpenses": 0,
        "operatingExpenses": 236000000,
        "costAndExpenses": 416000000,
        "interestIncome": 4000000,
        "interestExpense": 8000000,
        "depreciationAndAmortization": 27000000,
        "ebitda": 71000000,
        "ebitdaratio": 0.152688172,
        "operatingIncome": 49000000,
        "operatingIncomeRatio": 0.1053763441,
        "totalOtherIncomeExpensesNet": -16000000,
        "incomeBeforeTax": 32000000,
        "incomeBeforeTaxRatio": 0.0688172043,
        "incomeTaxExpense": 12000000,
        "netIncome": 20000000,
        "netIncomeRatio": 0.0430107527,
        "eps": 0.21,
        "epsdiluted": 0.2,
        "weightedAverageShsOut": 97400000,
        "weightedAverageShsOutDil": 100100000,
        "link": "https://www.sec.gov/Archives/edgar/data/816761/000081676124000098/0000816761-24-000098-index.htm",
        "finalLink": "https://www.sec.gov/Archives/edgar/data/816761/000081676124000098/tdc-20240331.htm"
    },
    {
        "date": "2023-12-31",
        "symbol": "TDC",
        "reportedCurrency": "USD",
        "cik": "0000816761",
        "fillingDate": "2024-02-23",
        "acceptedDate": "2024-02-23 11:47:06",
        "calendarYear": "2023",
        "period": "Q4",
        "revenue": 457000000,
        "costOfRevenue": 179000000,
        "grossProfit": 278000000,
        "grossProfitRatio": 0.6083150985,
        "researchAndDevelopmentExpenses": 72000000,
        "generalAndAdministrativeExpenses": 0,
        "sellingAndMarketingExpenses": 0,
        "sellingGeneralAndAdministrativeExpenses": 159000000,
        "otherExpenses": -2000000,
        "operatingExpenses": 231000000,
        "costAndExpenses": 410000000,
        "interestIncome": 3000000,
        "interestExpense": 8000000,
        "depreciationAndAmortization": 30000000,
        "ebitda": 60000000,
        "ebitdaratio": 0.1312910284,
        "operatingIncome": 47000000,
        "operatingIncomeRatio": 0.1028446389,
        "totalOtherIncomeExpensesNet": -25000000,
        "incomeBeforeTax": 22000000,
        "incomeBeforeTaxRatio": 0.0481400438,
        "incomeTaxExpense": 29000000,
        "netIncome": -7000000,
        "netIncomeRatio": -0.0153172867,
        "eps": -0.0715,
        "epsdiluted": -0.0715,
        "weightedAverageShsOut": 97900000,
        "weightedAverageShsOutDil": 97900000,
        "link": "https://www.sec.gov/Archives/edgar/data/816761/000081676124000023/0000816761-24-000023-index.htm",
        "finalLink": "https://www.sec.gov/Archives/edgar/data/816761/000081676124000023/tdc-20231231.htm"
    },
    {
        "date": "2023-09-30",
        "symbol": "TDC",
        "reportedCurrency": "USD",
        "cik": "0000816761",
        "fillingDate": "2023-11-07",
        "acceptedDate": "2023-11-07 14:51:38",
        "calendarYear": "2023",
        "period": "Q3",
        "revenue": 438000000,
        "costOfRevenue": 179000000,
        "grossProfit": 259000000,
        "grossProfitRatio": 0.5913242009,
        "researchAndDevelopmentExpenses": 76000000,
        "generalAndAdministrativeExpenses": 0,
        "sellingAndMarketingExpenses": 0,
        "sellingGeneralAndAdministrativeExpenses": 156000000,
        "otherExpenses": 0,
        "operatingExpenses": 232000000,
        "costAndExpenses": 411000000,
        "interestIncome": 7000000,
        "interestExpense": 8000000,
        "depreciationAndAmortization": 27000000,
        "ebitda": 50000000,
        "ebitdaratio": 0.1141552511,
        "operatingIncome": 27000000,
        "operatingIncomeRatio": 0.0616438356,
        "totalOtherIncomeExpensesNet": -14000000,
        "incomeBeforeTax": 13000000,
        "incomeBeforeTaxRatio": 0.0296803653,
        "incomeTaxExpense": 1000000,
        "netIncome": 12000000,
        "netIncomeRatio": 0.0273972603,
        "eps": 0.12,
        "epsdiluted": 0.12,
        "weightedAverageShsOut": 99200000,
        "weightedAverageShsOutDil": 102000000,
        "link": "https://www.sec.gov/Archives/edgar/data/816761/000081676123000025/0000816761-23-000025-index.htm",
        "finalLink": "https://www.sec.gov/Archives/edgar/data/816761/000081676123000025/tdc-20230930.htm"
    },
    {
        "date": "2023-06-30",
        "symbol": "TDC",
        "reportedCurrency": "USD",
        "cik": "0000816761",
        "fillingDate": "2023-08-08",
        "acceptedDate": "2023-08-08 14:11:07",
        "calendarYear": "2023",
        "period": "Q2",
        "revenue": 462000000,
        "costOfRevenue": 186000000,
        "grossProfit": 276000000,
        "grossProfitRatio": 0.5974025974,
        "researchAndDevelopmentExpenses": 76000000,
        "generalAndAdministrativeExpenses": 0,
        "sellingAndMarketingExpenses": 0,
        "sellingGeneralAndAdministrativeExpenses": 167000000,
        "otherExpenses": 0,
        "operatingExpenses": 243000000,
        "costAndExpenses": 429000000,
        "interestIncome": 8000000,
        "interestExpense": 7000000,
        "depreciationAndAmortization": 31000000,
        "ebitda": 64000000,
        "ebitdaratio": 0.1385281385,
        "operatingIncome": 33000000,
        "operatingIncomeRatio": 0.0714285714,
        "totalOtherIncomeExpensesNet": -9000000,
        "incomeBeforeTax": 24000000,
        "incomeBeforeTaxRatio": 0.0519480519,
        "incomeTaxExpense": 7000000,
        "netIncome": 17000000,
        "netIncomeRatio": 0.0367965368,
        "eps": 0.17,
        "epsdiluted": 0.17,
        "weightedAverageShsOut": 101000000,
        "weightedAverageShsOutDil": 102900000,
        "link": "https://www.sec.gov/Archives/edgar/data/816761/000081676123000019/0000816761-23-000019-index.htm",
        "finalLink": "https://www.sec.gov/Archives/edgar/data/816761/000081676123000019/tdc-20230630.htm"
    },
    {
        "date": "2023-03-31",
        "symbol": "TDC",
        "reportedCurrency": "USD",
        "cik": "0000816761",
        "fillingDate": "2023-05-05",
        "acceptedDate": "2023-05-05 13:49:36",
        "calendarYear": "2023",
        "period": "Q1",
        "revenue": 476000000,
        "costOfRevenue": 174000000,
        "grossProfit": 302000000,
        "grossProfitRatio": 0.6344537815,
        "researchAndDevelopmentExpenses": 70000000,
        "generalAndAdministrativeExpenses": 0,
        "sellingAndMarketingExpenses": 0,
        "sellingGeneralAndAdministrativeExpenses": 153000000,
        "otherExpenses": 0,
        "operatingExpenses": 223000000,
        "costAndExpenses": 397000000,
        "interestIncome": 7000000,
        "interestExpense": 7000000,
        "depreciationAndAmortization": 28000000,
        "ebitda": 93000000,
        "ebitdaratio": 0.1953781513,
        "operatingIncome": 79000000,
        "operatingIncomeRatio": 0.1659663866,
        "totalOtherIncomeExpensesNet": -21000000,
        "incomeBeforeTax": 58000000,
        "incomeBeforeTaxRatio": 0.1218487395,
        "incomeTaxExpense": 18000000,
        "netIncome": 40000000,
        "netIncomeRatio": 0.0840336134,
        "eps": 0.39,
        "epsdiluted": 0.39,
        "weightedAverageShsOut": 102564102,
        "weightedAverageShsOutDil": 103800000,
        "link": "https://www.sec.gov/Archives/edgar/data/816761/000081676123000015/0000816761-23-000015-index.htm",
        "finalLink": "https://www.sec.gov/Archives/edgar/data/816761/000081676123000015/tdc-20230331.htm"
    },
    {
        "date": "2022-12-31",
        "symbol": "TDC",
        "reportedCurrency": "USD",
        "cik": "0000816761",
        "fillingDate": "2023-02-24",
        "acceptedDate": "2023-02-24 12:57:50",
        "calendarYear": "2022",
        "period": "Q4",
        "revenue": 452000000,
        "costOfRevenue": 189000000,
        "grossProfit": 263000000,
        "grossProfitRatio": 0.5818584071,
        "researchAndDevelopmentExpenses": 77000000,
        "generalAndAdministrativeExpenses": 0,
        "sellingAndMarketingExpenses": 0,
        "sellingGeneralAndAdministrativeExpenses": 175000000,
        "otherExpenses": 0,
        "operatingExpenses": 252000000,
        "costAndExpenses": 441000000,
        "interestIncome": 6000000,
        "interestExpense": 7000000,
        "depreciationAndAmortization": 33000000,
        "ebitda": 42000000,
        "ebitdaratio": 0.092920354,
        "operatingIncome": 11000000,
        "operatingIncomeRatio": 0.0243362832,
        "totalOtherIncomeExpensesNet": -9000000,
        "incomeBeforeTax": 2000000,
        "incomeBeforeTaxRatio": 0.0044247788,
        "incomeTaxExpense": 9000000,
        "netIncome": -7000000,
        "netIncomeRatio": -0.0154867257,
        "eps": -0.0689,
        "epsdiluted": -0.0689,
        "weightedAverageShsOut": 101600000,
        "weightedAverageShsOutDil": 101600000,
        "link": "https://www.sec.gov/Archives/edgar/data/816761/000081676123000008/0000816761-23-000008-index.htm",
        "finalLink": "https://www.sec.gov/Archives/edgar/data/816761/000081676123000008/tdc-20221231.htm"
    },
    {
        "date": "2022-09-30",
        "symbol": "TDC",
        "reportedCurrency": "USD",
        "cik": "0000816761",
        "fillingDate": "2022-11-08",
        "acceptedDate": "2022-11-08 14:05:30",
        "calendarYear": "2022",
        "period": "Q3",
        "revenue": 417000000,
        "costOfRevenue": 158000000,
        "grossProfit": 259000000,
        "grossProfitRatio": 0.6211031175,
        "researchAndDevelopmentExpenses": 79000000,
        "generalAndAdministrativeExpenses": 0,
        "sellingAndMarketingExpenses": 0,
        "sellingGeneralAndAdministrativeExpenses": 155000000,
        "otherExpenses": 0,
        "operatingExpenses": 234000000,
        "costAndExpenses": 392000000,
        "interestIncome": 4000000,
        "interestExpense": 6000000,
        "depreciationAndAmortization": 28000000,
        "ebitda": 48000000,
        "ebitdaratio": 0.1151079137,
        "operatingIncome": 25000000,
        "operatingIncomeRatio": 0.0599520384,
        "totalOtherIncomeExpensesNet": -15000000,
        "incomeBeforeTax": 10000000,
        "incomeBeforeTaxRatio": 0.0239808153,
        "incomeTaxExpense": 2000000,
        "netIncome": 8000000,
        "netIncomeRatio": 0.0191846523,
        "eps": 0.0779,
        "epsdiluted": 0.0764,
        "weightedAverageShsOut": 102700000,
        "weightedAverageShsOutDil": 104700000,
        "link": "https://www.sec.gov/Archives/edgar/data/816761/000081676122000037/0000816761-22-000037-index.htm",
        "finalLink": "https://www.sec.gov/Archives/edgar/data/816761/000081676122000037/tdc-20220930.htm"
    },
    {
        "date": "2022-06-30",
        "symbol": "TDC",
        "reportedCurrency": "USD",
        "cik": "0000816761",
        "fillingDate": "2022-08-05",
        "acceptedDate": "2022-08-05 13:21:54",
        "calendarYear": "2022",
        "period": "Q2",
        "revenue": 430000000,
        "costOfRevenue": 172000000,
        "grossProfit": 258000000,
        "grossProfitRatio": 0.6,
        "researchAndDevelopmentExpenses": 81000000,
        "generalAndAdministrativeExpenses": 0,
        "sellingAndMarketingExpenses": 0,
        "sellingGeneralAndAdministrativeExpenses": 163000000,
        "otherExpenses": 0,
        "operatingExpenses": 244000000,
        "costAndExpenses": 416000000,
        "interestIncome": 3000000,
        "interestExpense": 5000000,
        "depreciationAndAmortization": 33000000,
        "ebitda": 48000000,
        "ebitdaratio": 0.111627907,
        "operatingIncome": 14000000,
        "operatingIncomeRatio": 0.0325581395,
        "totalOtherIncomeExpensesNet": -14000000,
        "incomeBeforeTax": -4000000,
        "incomeBeforeTaxRatio": -0.0093023256,
        "incomeTaxExpense": 4000000,
        "netIncome": -8000000,
        "netIncomeRatio": -0.0186046512,
        "eps": -0.08,
        "epsdiluted": -0.0773,
        "weightedAverageShsOut": 100000000,
        "weightedAverageShsOutDil": 103500000,
        "link": "https://www.sec.gov/Archives/edgar/data/816761/000081676122000024/0000816761-22-000024-index.htm",
        "finalLink": "https://www.sec.gov/Archives/edgar/data/816761/000081676122000024/tdc-20220630.htm"
    },
    {
        "date": "2022-03-31",
        "symbol": "TDC",
        "reportedCurrency": "USD",
        "cik": "0000816761",
        "fillingDate": "2022-05-06",
        "acceptedDate": "2022-05-06 11:10:29",
        "calendarYear": "2022",
        "period": "Q1",
        "revenue": 496000000,
        "costOfRevenue": 195000000,
        "grossProfit": 301000000,
        "grossProfitRatio": 0.6068548387,
        "researchAndDevelopmentExpenses": 76000000,
        "generalAndAdministrativeExpenses": 0,
        "sellingAndMarketingExpenses": 0,
        "sellingGeneralAndAdministrativeExpenses": 157000000,
        "otherExpenses": 0,
        "operatingExpenses": 233000000,
        "costAndExpenses": 428000000,
        "interestIncome": 2000000,
        "interestExpense": 6000000,
        "depreciationAndAmortization": 40000000,
        "ebitda": 101000000,
        "ebitdaratio": 0.2036290323,
        "operatingIncome": 68000000,
        "operatingIncomeRatio": 0.1370967742,
        "totalOtherIncomeExpensesNet": -13000000,
        "incomeBeforeTax": 55000000,
        "incomeBeforeTaxRatio": 0.1108870968,
        "incomeTaxExpense": 19000000,
        "netIncome": 36000000,
        "netIncomeRatio": 0.0725806452,
        "eps": 0.34,
        "epsdiluted": 0.33,
        "weightedAverageShsOut": 105000000,
        "weightedAverageShsOutDil": 108600000,
        "link": "https://www.sec.gov/Archives/edgar/data/816761/000081676122000015/0000816761-22-000015-index.htm",
        "finalLink": "https://www.sec.gov/Archives/edgar/data/816761/000081676122000015/tdc-20220331.htm"
    },
    {
        "date": "2021-12-31",
        "symbol": "TDC",
        "reportedCurrency": "USD",
        "cik": "0000816761",
        "fillingDate": "2022-02-25",
        "acceptedDate": "2022-02-25 14:14:13",
        "calendarYear": "2021",
        "period": "Q4",
        "revenue": 475000000,
        "costOfRevenue": 181000000,
        "grossProfit": 294000000,
        "grossProfitRatio": 0.6189473684,
        "researchAndDevelopmentExpenses": 74000000,
        "generalAndAdministrativeExpenses": 0,
        "sellingAndMarketingExpenses": 0,
        "sellingGeneralAndAdministrativeExpenses": 170000000,
        "otherExpenses": 0,
        "operatingExpenses": 244000000,
        "costAndExpenses": 425000000,
        "interestIncome": 2000000,
        "interestExpense": 6000000,
        "depreciationAndAmortization": 36000000,
        "ebitda": 84000000,
        "ebitdaratio": 0.1768421053,
        "operatingIncome": 50000000,
        "operatingIncomeRatio": 0.1052631579,
        "totalOtherIncomeExpensesNet": -8000000,
        "incomeBeforeTax": 42000000,
        "incomeBeforeTaxRatio": 0.0884210526,
        "incomeTaxExpense": 9000000,
        "netIncome": 33000000,
        "netIncomeRatio": 0.0694736842,
        "eps": 0.31,
        "epsdiluted": 0.29,
        "weightedAverageShsOut": 107700000,
        "weightedAverageShsOutDil": 112200000,
        "link": "https://www.sec.gov/Archives/edgar/data/816761/000081676122000009/0000816761-22-000009-index.htm",
        "finalLink": "https://www.sec.gov/Archives/edgar/data/816761/000081676122000009/tdc-20211231.htm"
    },
    {
        "date": "2021-09-30",
        "symbol": "TDC",
        "reportedCurrency": "USD",
        "cik": "0000816761",
        "fillingDate": "2021-11-05",
        "acceptedDate": "2021-11-05 15:16:10",
        "calendarYear": "2021",
        "period": "Q3",
        "revenue": 460000000,
        "costOfRevenue": 185000000,
        "grossProfit": 275000000,
        "grossProfitRatio": 0.597826087,
        "researchAndDevelopmentExpenses": 79000000,
        "generalAndAdministrativeExpenses": 0,
        "sellingAndMarketingExpenses": 0,
        "sellingGeneralAndAdministrativeExpenses": 166000000,
        "otherExpenses": 0,
        "operatingExpenses": 245000000,
        "costAndExpenses": 430000000,
        "interestIncome": 1000000,
        "interestExpense": 6000000,
        "depreciationAndAmortization": 37000000,
        "ebitda": 67000000,
        "ebitdaratio": 0.1456521739,
        "operatingIncome": 30000000,
        "operatingIncomeRatio": 0.0652173913,
        "totalOtherIncomeExpensesNet": -11000000,
        "incomeBeforeTax": 19000000,
        "incomeBeforeTaxRatio": 0.0413043478,
        "incomeTaxExpense": 2000000,
        "netIncome": 17000000,
        "netIncomeRatio": 0.0369565217,
        "eps": 0.16,
        "epsdiluted": 0.15,
        "weightedAverageShsOut": 108900000,
        "weightedAverageShsOutDil": 113400000,
        "link": "https://www.sec.gov/Archives/edgar/data/816761/000081676121000036/0000816761-21-000036-index.htm",
        "finalLink": "https://www.sec.gov/Archives/edgar/data/816761/000081676121000036/tdc-20210930.htm"
    },
    {
        "date": "2021-06-30",
        "symbol": "TDC",
        "reportedCurrency": "USD",
        "cik": "0000816761",
        "fillingDate": "2021-08-06",
        "acceptedDate": "2021-08-06 12:09:19",
        "calendarYear": "2021",
        "period": "Q2",
        "revenue": 491000000,
        "costOfRevenue": 181000000,
        "grossProfit": 310000000,
        "grossProfitRatio": 0.6313645621,
        "researchAndDevelopmentExpenses": 79000000,
        "generalAndAdministrativeExpenses": 0,
        "sellingAndMarketingExpenses": 0,
        "sellingGeneralAndAdministrativeExpenses": 161000000,
        "otherExpenses": 0,
        "operatingExpenses": 240000000,
        "costAndExpenses": 421000000,
        "interestIncome": 2000000,
        "interestExpense": 7000000,
        "depreciationAndAmortization": 37000000,
        "ebitda": 103000000,
        "ebitdaratio": 0.2097759674,
        "operatingIncome": 70000000,
        "operatingIncomeRatio": 0.1425661914,
        "totalOtherIncomeExpensesNet": -11000000,
        "incomeBeforeTax": 59000000,
        "incomeBeforeTaxRatio": 0.1201629328,
        "incomeTaxExpense": 15000000,
        "netIncome": 44000000,
        "netIncomeRatio": 0.0896130346,
        "eps": 0.4,
        "epsdiluted": 0.39,
        "weightedAverageShsOut": 109000000,
        "weightedAverageShsOutDil": 112700000,
        "link": "https://www.sec.gov/Archives/edgar/data/816761/000081676121000029/0000816761-21-000029-index.htm",
        "finalLink": "https://www.sec.gov/Archives/edgar/data/816761/000081676121000029/tdc-20210630.htm"
    },
    {
        "date": "2021-03-31",
        "symbol": "TDC",
        "reportedCurrency": "USD",
        "cik": "0000816761",
        "fillingDate": "2021-05-07",
        "acceptedDate": "2021-05-07 15:57:48",
        "calendarYear": "2021",
        "period": "Q1",
        "revenue": 491000000,
        "costOfRevenue": 184000000,
        "grossProfit": 307000000,
        "grossProfitRatio": 0.6252545825,
        "researchAndDevelopmentExpenses": 77000000,
        "generalAndAdministrativeExpenses": 0,
        "sellingAndMarketingExpenses": 0,
        "sellingGeneralAndAdministrativeExpenses": 149000000,
        "otherExpenses": 0,
        "operatingExpenses": 226000000,
        "costAndExpenses": 410000000,
        "interestIncome": 1000000,
        "interestExpense": 7000000,
        "depreciationAndAmortization": 39000000,
        "ebitda": 118000000,
        "ebitdaratio": 0.2403258656,
        "operatingIncome": 81000000,
        "operatingIncomeRatio": 0.1649694501,
        "totalOtherIncomeExpensesNet": -9000000,
        "incomeBeforeTax": 72000000,
        "incomeBeforeTaxRatio": 0.1466395112,
        "incomeTaxExpense": 19000000,
        "netIncome": 53000000,
        "netIncomeRatio": 0.1079429735,
        "eps": 0.49,
        "epsdiluted": 0.47,
        "weightedAverageShsOut": 108700000,
        "weightedAverageShsOutDil": 112800000,
        "link": "https://www.sec.gov/Archives/edgar/data/816761/000081676121000021/0000816761-21-000021-index.htm",
        "finalLink": "https://www.sec.gov/Archives/edgar/data/816761/000081676121000021/tdc-20210331.htm"
    },
    {
        "date": "2020-12-31",
        "symbol": "TDC",
        "reportedCurrency": "USD",
        "cik": "0000816761",
        "fillingDate": "2021-02-26",
        "acceptedDate": "2021-02-26 13:31:55",
        "calendarYear": "2020",
        "period": "Q4",
        "revenue": 491000000,
        "costOfRevenue": 207000000,
        "grossProfit": 284000000,
        "grossProfitRatio": 0.5784114053,
        "researchAndDevelopmentExpenses": 88000000,
        "generalAndAdministrativeExpenses": 323000000,
        "sellingAndMarketingExpenses": -140000000,
        "sellingGeneralAndAdministrativeExpenses": 183000000,
        "otherExpenses": 0,
        "operatingExpenses": 271000000,
        "costAndExpenses": 478000000,
        "interestIncome": 0,
        "interestExpense": 6000000,
        "depreciationAndAmortization": 46000000,
        "ebitda": 55000000,
        "ebitdaratio": 0.1120162933,
        "operatingIncome": 13000000,
        "operatingIncomeRatio": 0.0264765784,
        "totalOtherIncomeExpensesNet": -10000000,
        "incomeBeforeTax": 3000000,
        "incomeBeforeTaxRatio": 0.0061099796,
        "incomeTaxExpense": -2000000,
        "netIncome": 5000000,
        "netIncomeRatio": 0.0101832994,
        "eps": 0.05,
        "epsdiluted": 0.04,
        "weightedAverageShsOut": 109100000,
        "weightedAverageShsOutDil": 112000000,
        "link": "https://www.sec.gov/Archives/edgar/data/816761/000081676121000009/0000816761-21-000009-index.htm",
        "finalLink": "https://www.sec.gov/Archives/edgar/data/816761/000081676121000009/tdc-20201231.htm"
    },
    {
        "date": "2020-09-30",
        "symbol": "TDC",
        "reportedCurrency": "USD",
        "cik": "0000816761",
        "fillingDate": "2020-11-06",
        "acceptedDate": "2020-11-06 14:27:20",
        "calendarYear": "2020",
        "period": "Q3",
        "revenue": 454000000,
        "costOfRevenue": 200000000,
        "grossProfit": 254000000,
        "grossProfitRatio": 0.5594713656,
        "researchAndDevelopmentExpenses": 90000000,
        "generalAndAdministrativeExpenses": 0,
        "sellingAndMarketingExpenses": 0,
        "sellingGeneralAndAdministrativeExpenses": 163000000,
        "otherExpenses": 0,
        "operatingExpenses": 253000000,
        "costAndExpenses": 453000000,
        "interestIncome": 1000000,
        "interestExpense": 7000000,
        "depreciationAndAmortization": 41000000,
        "ebitda": 38000000,
        "ebitdaratio": 0.0837004405,
        "operatingIncome": 1000000,
        "operatingIncomeRatio": 0.0022026432,
        "totalOtherIncomeExpensesNet": -11000000,
        "incomeBeforeTax": -10000000,
        "incomeBeforeTaxRatio": -0.0220264317,
        "incomeTaxExpense": -9000000,
        "netIncome": -1000000,
        "netIncomeRatio": -0.0022026432,
        "eps": -0.0092,
        "epsdiluted": -0.0092,
        "weightedAverageShsOut": 109100000,
        "weightedAverageShsOutDil": 109100000,
        "link": "https://www.sec.gov/Archives/edgar/data/816761/000081676120000035/0000816761-20-000035-index.htm",
        "finalLink": "https://www.sec.gov/Archives/edgar/data/816761/000081676120000035/tdc-20200930.htm"
    },
    {
        "date": "2020-06-30",
        "symbol": "TDC",
        "reportedCurrency": "USD",
        "cik": "0000816761",
        "fillingDate": "2020-08-10",
        "acceptedDate": "2020-08-10 10:54:20",
        "calendarYear": "2020",
        "period": "Q2",
        "revenue": 457000000,
        "costOfRevenue": 201000000,
        "grossProfit": 256000000,
        "grossProfitRatio": 0.5601750547,
        "researchAndDevelopmentExpenses": 83000000,
        "generalAndAdministrativeExpenses": 165000000,
        "sellingAndMarketingExpenses": 0,
        "sellingGeneralAndAdministrativeExpenses": 165000000,
        "otherExpenses": 0,
        "operatingExpenses": 248000000,
        "costAndExpenses": 449000000,
        "interestIncome": 1000000,
        "interestExpense": 7000000,
        "depreciationAndAmortization": 43000000,
        "ebitda": 47000000,
        "ebitdaratio": 0.1028446389,
        "operatingIncome": 8000000,
        "operatingIncomeRatio": 0.0175054705,
        "totalOtherIncomeExpensesNet": -11000000,
        "incomeBeforeTax": -3000000,
        "incomeBeforeTaxRatio": -0.0065645514,
        "incomeTaxExpense": 40000000,
        "netIncome": -43000000,
        "netIncomeRatio": -0.0940919037,
        "eps": -0.4,
        "epsdiluted": -0.4,
        "weightedAverageShsOut": 107500000,
        "weightedAverageShsOutDil": 108500000,
        "link": "https://www.sec.gov/Archives/edgar/data/816761/000081676120000028/0000816761-20-000028-index.htm",
        "finalLink": "https://www.sec.gov/Archives/edgar/data/816761/000081676120000028/tdc-20200630.htm"
    },
    {
        "date": "2020-03-31",
        "symbol": "TDC",
        "reportedCurrency": "USD",
        "cik": "0000816761",
        "fillingDate": "2020-05-11",
        "acceptedDate": "2020-05-11 13:50:34",
        "calendarYear": "2020",
        "period": "Q1",
        "revenue": 434000000,
        "costOfRevenue": 209000000,
        "grossProfit": 225000000,
        "grossProfitRatio": 0.5184331797,
        "researchAndDevelopmentExpenses": 73000000,
        "generalAndAdministrativeExpenses": 158000000,
        "sellingAndMarketingExpenses": 0,
        "sellingGeneralAndAdministrativeExpenses": 158000000,
        "otherExpenses": 0,
        "operatingExpenses": 231000000,
        "costAndExpenses": 440000000,
        "interestIncome": 2000000,
        "interestExpense": 7000000,
        "depreciationAndAmortization": 42000000,
        "ebitda": 35000000,
        "ebitdaratio": 0.0806451613,
        "operatingIncome": -6000000,
        "operatingIncomeRatio": -0.0138248848,
        "totalOtherIncomeExpensesNet": -8000000,
        "incomeBeforeTax": -14000000,
        "incomeBeforeTaxRatio": -0.0322580645,
        "incomeTaxExpense": -182000000,
        "netIncome": 168000000,
        "netIncomeRatio": 0.3870967742,
        "eps": 1.52,
        "epsdiluted": 1.51,
        "weightedAverageShsOut": 110300000,
        "weightedAverageShsOutDil": 111300000,
        "link": "https://www.sec.gov/Archives/edgar/data/816761/000081676120000013/0000816761-20-000013-index.htm",
        "finalLink": "https://www.sec.gov/Archives/edgar/data/816761/000081676120000013/tdc-033120x10q.htm"
    },
    {
        "date": "2019-12-31",
        "symbol": "TDC",
        "reportedCurrency": "USD",
        "cik": "0000816761",
        "fillingDate": "2020-02-28",
        "acceptedDate": "2020-02-28 16:05:26",
        "calendarYear": "2019",
        "period": "Q4",
        "revenue": 494000000,
        "costOfRevenue": 246000000,
        "grossProfit": 248000000,
        "grossProfitRatio": 0.5020242915,
        "researchAndDevelopmentExpenses": 83000000,
        "generalAndAdministrativeExpenses": 171000000,
        "sellingAndMarketingExpenses": 3000000,
        "sellingGeneralAndAdministrativeExpenses": 174000000,
        "otherExpenses": 0,
        "operatingExpenses": 257000000,
        "costAndExpenses": 503000000,
        "interestIncome": 2000000,
        "interestExpense": 7000000,
        "depreciationAndAmortization": 37000000,
        "ebitda": 32000000,
        "ebitdaratio": 0.0647773279,
        "operatingIncome": -9000000,
        "operatingIncomeRatio": -0.0182186235,
        "totalOtherIncomeExpensesNet": -7000000,
        "incomeBeforeTax": -16000000,
        "incomeBeforeTaxRatio": -0.032388664,
        "incomeTaxExpense": 7000000,
        "netIncome": -23000000,
        "netIncomeRatio": -0.0465587045,
        "eps": -0.21,
        "epsdiluted": -0.21,
        "weightedAverageShsOut": 108983073,
        "weightedAverageShsOutDil": 111300000,
        "link": "https://www.sec.gov/Archives/edgar/data/816761/000081676120000008/0000816761-20-000008-index.htm",
        "finalLink": "https://www.sec.gov/Archives/edgar/data/816761/000081676120000008/tdc-12311910xk.htm"
    },
    {
        "date": "2019-09-30",
        "symbol": "TDC",
        "reportedCurrency": "USD",
        "cik": "0000816761",
        "fillingDate": "2019-11-12",
        "acceptedDate": "2019-11-12 16:40:53",
        "calendarYear": "2019",
        "period": "Q3",
        "revenue": 459000000,
        "costOfRevenue": 212000000,
        "grossProfit": 247000000,
        "grossProfitRatio": 0.5381263617,
        "researchAndDevelopmentExpenses": 86000000,
        "generalAndAdministrativeExpenses": 151000000,
        "sellingAndMarketingExpenses": 0,
        "sellingGeneralAndAdministrativeExpenses": 151000000,
        "otherExpenses": 0,
        "operatingExpenses": 237000000,
        "costAndExpenses": 449000000,
        "interestIncome": 4000000,
        "interestExpense": 8000000,
        "depreciationAndAmortization": 36000000,
        "ebitda": 48000000,
        "ebitdaratio": 0.1045751634,
        "operatingIncome": 10000000,
        "operatingIncomeRatio": 0.0217864924,
        "totalOtherIncomeExpensesNet": -6000000,
        "incomeBeforeTax": 4000000,
        "incomeBeforeTaxRatio": 0.0087145969,
        "incomeTaxExpense": -6000000,
        "netIncome": 10000000,
        "netIncomeRatio": 0.0217864924,
        "eps": 0.09,
        "epsdiluted": 0.09,
        "weightedAverageShsOut": 113200000,
        "weightedAverageShsOutDil": 114200000,
        "link": "https://www.sec.gov/Archives/edgar/data/816761/000081676119000034/0000816761-19-000034-index.htm",
        "finalLink": "https://www.sec.gov/Archives/edgar/data/816761/000081676119000034/tdc-093019x10q.htm"
    },
    {
        "date": "2019-06-30",
        "symbol": "TDC",
        "reportedCurrency": "USD",
        "cik": "0000816761",
        "fillingDate": "2019-08-06",
        "acceptedDate": "2019-08-05 19:16:56",
        "calendarYear": "2019",
        "period": "Q2",
        "revenue": 478000000,
        "costOfRevenue": 242000000,
        "grossProfit": 236000000,
        "grossProfitRatio": 0.4937238494,
        "researchAndDevelopmentExpenses": 81000000,
        "generalAndAdministrativeExpenses": 145000000,
        "sellingAndMarketingExpenses": 0,
        "sellingGeneralAndAdministrativeExpenses": 145000000,
        "otherExpenses": 0,
        "operatingExpenses": 226000000,
        "costAndExpenses": 468000000,
        "interestIncome": 6000000,
        "interestExpense": 8000000,
        "depreciationAndAmortization": 40000000,
        "ebitda": 53000000,
        "ebitdaratio": 0.1108786611,
        "operatingIncome": 10000000,
        "operatingIncomeRatio": 0.0209205021,
        "totalOtherIncomeExpensesNet": -5000000,
        "incomeBeforeTax": 5000000,
        "incomeBeforeTaxRatio": 0.010460251,
        "incomeTaxExpense": 6000000,
        "netIncome": -1000000,
        "netIncomeRatio": -0.0020920502,
        "eps": -0.0087,
        "epsdiluted": -0.0087,
        "weightedAverageShsOut": 115500000,
        "weightedAverageShsOutDil": 115500000,
        "link": "https://www.sec.gov/Archives/edgar/data/816761/000081676119000030/0000816761-19-000030-index.htm",
        "finalLink": "https://www.sec.gov/Archives/edgar/data/816761/000081676119000030/tdc-063019x10q.htm"
    },
    {
        "date": "2019-03-31",
        "symbol": "TDC",
        "reportedCurrency": "USD",
        "cik": "0000816761",
        "fillingDate": "2019-05-06",
        "acceptedDate": "2019-05-06 17:16:39",
        "calendarYear": "2019",
        "period": "Q1",
        "revenue": 468000000,
        "costOfRevenue": 244000000,
        "grossProfit": 224000000,
        "grossProfitRatio": 0.4786324786,
        "researchAndDevelopmentExpenses": 78000000,
        "generalAndAdministrativeExpenses": 151000000,
        "sellingAndMarketingExpenses": 0,
        "sellingGeneralAndAdministrativeExpenses": 151000000,
        "otherExpenses": 0,
        "operatingExpenses": 229000000,
        "costAndExpenses": 473000000,
        "interestIncome": 6000000,
        "interestExpense": 9000000,
        "depreciationAndAmortization": 37000000,
        "ebitda": 36000000,
        "ebitdaratio": 0.0769230769,
        "operatingIncome": -5000000,
        "operatingIncomeRatio": -0.0106837607,
        "totalOtherIncomeExpensesNet": -5000000,
        "incomeBeforeTax": -10000000,
        "incomeBeforeTaxRatio": -0.0213675214,
        "incomeTaxExpense": 0,
        "netIncome": -10000000,
        "netIncomeRatio": -0.0213675214,
        "eps": -0.0854,
        "epsdiluted": -0.0854,
        "weightedAverageShsOut": 117100000,
        "weightedAverageShsOutDil": 117100000,
        "link": "https://www.sec.gov/Archives/edgar/data/816761/000081676119000018/0000816761-19-000018-index.htm",
        "finalLink": "https://www.sec.gov/Archives/edgar/data/816761/000081676119000018/tdc-033119x10q.htm"
    },
    {
        "date": "2018-12-31",
        "symbol": "TDC",
        "reportedCurrency": "USD",
        "cik": "0000816761",
        "fillingDate": "2019-02-26",
        "acceptedDate": "2019-02-25 20:54:46",
        "calendarYear": "2018",
        "period": "Q4",
        "revenue": 588000000,
        "costOfRevenue": 299000000,
        "grossProfit": 289000000,
        "grossProfitRatio": 0.4914965986,
        "researchAndDevelopmentExpenses": 81000000,
        "generalAndAdministrativeExpenses": 0,
        "sellingAndMarketingExpenses": 0,
        "sellingGeneralAndAdministrativeExpenses": 185000000,
        "otherExpenses": 0,
        "operatingExpenses": 266000000,
        "costAndExpenses": 565000000,
        "interestIncome": 3000000,
        "interestExpense": 6000000,
        "depreciationAndAmortization": 35000000,
        "ebitda": 60000000,
        "ebitdaratio": 0.1020408163,
        "operatingIncome": 23000000,
        "operatingIncomeRatio": 0.0391156463,
        "totalOtherIncomeExpensesNet": -4000000,
        "incomeBeforeTax": 19000000,
        "incomeBeforeTaxRatio": 0.0323129252,
        "incomeTaxExpense": 4000000,
        "netIncome": 15000000,
        "netIncomeRatio": 0.0255102041,
        "eps": 0.13,
        "epsdiluted": 0.13,
        "weightedAverageShsOut": 117300000,
        "weightedAverageShsOutDil": 119100000,
        "link": "https://www.sec.gov/Archives/edgar/data/816761/000081676119000010/0000816761-19-000010-index.htm",
        "finalLink": "https://www.sec.gov/Archives/edgar/data/816761/000081676119000010/tdc-123118x10k.htm"
    },
    {
        "date": "2018-09-30",
        "symbol": "TDC",
        "reportedCurrency": "USD",
        "cik": "0000816761",
        "fillingDate": "2018-11-05",
        "acceptedDate": "2018-11-05 17:03:39",
        "calendarYear": "2018",
        "period": "Q3",
        "revenue": 526000000,
        "costOfRevenue": 262000000,
        "grossProfit": 264000000,
        "grossProfitRatio": 0.5019011407,
        "researchAndDevelopmentExpenses": 84000000,
        "generalAndAdministrativeExpenses": 0,
        "sellingAndMarketingExpenses": 0,
        "sellingGeneralAndAdministrativeExpenses": 166000000,
        "otherExpenses": 0,
        "operatingExpenses": 250000000,
        "costAndExpenses": 512000000,
        "interestIncome": 4000000,
        "interestExpense": 6000000,
        "depreciationAndAmortization": 31000000,
        "ebitda": 45000000,
        "ebitdaratio": 0.0855513308,
        "operatingIncome": 14000000,
        "operatingIncomeRatio": 0.0266159696,
        "totalOtherIncomeExpensesNet": -4000000,
        "incomeBeforeTax": 10000000,
        "incomeBeforeTaxRatio": 0.0190114068,
        "incomeTaxExpense": -8000000,
        "netIncome": 18000000,
        "netIncomeRatio": 0.0342205323,
        "eps": 0.15,
        "epsdiluted": 0.15,
        "weightedAverageShsOut": 118700000,
        "weightedAverageShsOutDil": 120700000,
        "link": "https://www.sec.gov/Archives/edgar/data/816761/000081676118000036/0000816761-18-000036-index.htm",
        "finalLink": "https://www.sec.gov/Archives/edgar/data/816761/000081676118000036/tdc-093018x10q.htm"
    },
    {
        "date": "2018-06-30",
        "symbol": "TDC",
        "reportedCurrency": "USD",
        "cik": "0000816761",
        "fillingDate": "2018-08-06",
        "acceptedDate": "2018-08-06 16:31:38",
        "calendarYear": "2018",
        "period": "Q2",
        "revenue": 544000000,
        "costOfRevenue": 294000000,
        "grossProfit": 250000000,
        "grossProfitRatio": 0.4595588235,
        "researchAndDevelopmentExpenses": 77000000,
        "generalAndAdministrativeExpenses": 0,
        "sellingAndMarketingExpenses": 0,
        "sellingGeneralAndAdministrativeExpenses": 163000000,
        "otherExpenses": 0,
        "operatingExpenses": 240000000,
        "costAndExpenses": 534000000,
        "interestIncome": 4000000,
        "interestExpense": 5000000,
        "depreciationAndAmortization": 30000000,
        "ebitda": 40000000,
        "ebitdaratio": 0.0735294118,
        "operatingIncome": 10000000,
        "operatingIncomeRatio": 0.0183823529,
        "totalOtherIncomeExpensesNet": -4000000,
        "incomeBeforeTax": 6000000,
        "incomeBeforeTaxRatio": 0.0110294118,
        "incomeTaxExpense": 2000000,
        "netIncome": 4000000,
        "netIncomeRatio": 0.0073529412,
        "eps": 0.03,
        "epsdiluted": 0.03,
        "weightedAverageShsOut": 119500000,
        "weightedAverageShsOutDil": 121500000,
        "link": "https://www.sec.gov/Archives/edgar/data/816761/000081676118000027/0000816761-18-000027-index.htm",
        "finalLink": "https://www.sec.gov/Archives/edgar/data/816761/000081676118000027/tdc-063018x10q.htm"
    },
    {
        "date": "2018-03-13",
        "symbol": "TDC",
        "reportedCurrency": "USD",
        "cik": "0000816761",
        "fillingDate": "2018-05-08",
        "acceptedDate": "2018-05-08 14:27:06",
        "calendarYear": "2018",
        "period": "Q1",
        "revenue": 506000000,
        "costOfRevenue": 283000000,
        "grossProfit": 223000000,
        "grossProfitRatio": 0.4407114625,
        "researchAndDevelopmentExpenses": 75000000,
        "generalAndAdministrativeExpenses": 0,
        "sellingAndMarketingExpenses": 0,
        "sellingGeneralAndAdministrativeExpenses": 152000000,
        "otherExpenses": 0,
        "operatingExpenses": 227000000,
        "costAndExpenses": 510000000,
        "interestIncome": 3000000,
        "interestExpense": 5000000,
        "depreciationAndAmortization": 34000000,
        "ebitda": 31000000,
        "ebitdaratio": 0.0612648221,
        "operatingIncome": -4000000,
        "operatingIncomeRatio": -0.0079051383,
        "totalOtherIncomeExpensesNet": -4000000,
        "incomeBeforeTax": -8000000,
        "incomeBeforeTaxRatio": -0.0158102767,
        "incomeTaxExpense": -1000000,
        "netIncome": -7000000,
        "netIncomeRatio": -0.0138339921,
        "eps": -0.06,
        "epsdiluted": -0.0577,
        "weightedAverageShsOut": 116666666,
        "weightedAverageShsOutDil": 121400000,
        "link": "https://www.sec.gov/Archives/edgar/data/816761/000081676118000014/0000816761-18-000014-index.htm",
        "finalLink": "https://www.sec.gov/Archives/edgar/data/816761/000081676118000014/tdc-033118x10q.htm"
    },
    {
        "date": "2017-12-31",
        "symbol": "TDC",
        "reportedCurrency": "USD",
        "cik": "0000816761",
        "fillingDate": "2018-02-23",
        "acceptedDate": "2018-02-23 13:59:18",
        "calendarYear": "2017",
        "period": "Q4",
        "revenue": 626000000,
        "costOfRevenue": 320000000,
        "grossProfit": 306000000,
        "grossProfitRatio": 0.4888178914,
        "researchAndDevelopmentExpenses": 76000000,
        "generalAndAdministrativeExpenses": 171000000,
        "sellingAndMarketingExpenses": 0,
        "sellingGeneralAndAdministrativeExpenses": 171000000,
        "otherExpenses": -2000000,
        "operatingExpenses": 247000000,
        "costAndExpenses": 567000000,
        "interestIncome": 0,
        "interestExpense": 1000000,
        "depreciationAndAmortization": 35000000,
        "ebitda": 96000000,
        "ebitdaratio": 0.1533546326,
        "operatingIncome": 59000000,
        "operatingIncomeRatio": 0.0942492013,
        "totalOtherIncomeExpensesNet": -2000000,
        "incomeBeforeTax": 57000000,
        "incomeBeforeTaxRatio": 0.0910543131,
        "incomeTaxExpense": 131000000,
        "netIncome": -74000000,
        "netIncomeRatio": -0.1182108626,
        "eps": -0.61,
        "epsdiluted": -0.61,
        "weightedAverageShsOut": 121100000,
        "weightedAverageShsOutDil": 121100000,
        "link": "https://www.sec.gov/Archives/edgar/data/816761/000081676118000007/0000816761-18-000007-index.htm",
        "finalLink": "https://www.sec.gov/Archives/edgar/data/816761/000081676118000007/tdc-123117x10k.htm"
    },
    {
        "date": "2017-09-30",
        "symbol": "TDC",
        "reportedCurrency": "USD",
        "cik": "0000816761",
        "fillingDate": "2017-11-06",
        "acceptedDate": "2017-11-06 13:29:27",
        "calendarYear": "2017",
        "period": "Q3",
        "revenue": 526000000,
        "costOfRevenue": 276000000,
        "grossProfit": 250000000,
        "grossProfitRatio": 0.4752851711,
        "researchAndDevelopmentExpenses": 82000000,
        "generalAndAdministrativeExpenses": 161000000,
        "sellingAndMarketingExpenses": 0,
        "sellingGeneralAndAdministrativeExpenses": 161000000,
        "otherExpenses": -1000000,
        "operatingExpenses": 243000000,
        "costAndExpenses": 519000000,
        "interestIncome": 3000000,
        "interestExpense": 4000000,
        "depreciationAndAmortization": 33000000,
        "ebitda": 43000000,
        "ebitdaratio": 0.0817490494,
        "operatingIncome": 7000000,
        "operatingIncomeRatio": 0.0133079848,
        "totalOtherIncomeExpensesNet": -3000000,
        "incomeBeforeTax": 6000000,
        "incomeBeforeTaxRatio": 0.0114068441,
        "incomeTaxExpense": -7000000,
        "netIncome": 13000000,
        "netIncomeRatio": 0.0247148289,
        "eps": 0.11,
        "epsdiluted": 0.1,
        "weightedAverageShsOut": 123700000,
        "weightedAverageShsOutDil": 125800000,
        "link": "https://www.sec.gov/Archives/edgar/data/816761/000081676117000039/0000816761-17-000039-index.htm",
        "finalLink": "https://www.sec.gov/Archives/edgar/data/816761/000081676117000039/tdc-093017x10q.htm"
    },
    {
        "date": "2017-06-30",
        "symbol": "TDC",
        "reportedCurrency": "USD",
        "cik": "0000816761",
        "fillingDate": "2017-08-04",
        "acceptedDate": "2017-08-04 15:01:53",
        "calendarYear": "2017",
        "period": "Q2",
        "revenue": 513000000,
        "costOfRevenue": 271000000,
        "grossProfit": 242000000,
        "grossProfitRatio": 0.4717348928,
        "researchAndDevelopmentExpenses": 78000000,
        "generalAndAdministrativeExpenses": 165000000,
        "sellingAndMarketingExpenses": 0,
        "sellingGeneralAndAdministrativeExpenses": 165000000,
        "otherExpenses": -2000000,
        "operatingExpenses": 243000000,
        "costAndExpenses": 514000000,
        "interestIncome": 3000000,
        "interestExpense": 4000000,
        "depreciationAndAmortization": 34000000,
        "ebitda": 35000000,
        "ebitdaratio": 0.0682261209,
        "operatingIncome": -1000000,
        "operatingIncomeRatio": -0.0019493177,
        "totalOtherIncomeExpensesNet": -2000000,
        "incomeBeforeTax": -3000000,
        "incomeBeforeTaxRatio": -0.0058479532,
        "incomeTaxExpense": 1000000,
        "netIncome": -4000000,
        "netIncomeRatio": -0.007797271,
        "eps": -0.0313,
        "epsdiluted": -0.0313,
        "weightedAverageShsOut": 127900000,
        "weightedAverageShsOutDil": 127900000,
        "link": "https://www.sec.gov/Archives/edgar/data/816761/000081676117000033/0000816761-17-000033-index.htm",
        "finalLink": "https://www.sec.gov/Archives/edgar/data/816761/000081676117000033/tdc-063017x10q.htm"
    },
    {
        "date": "2017-03-31",
        "symbol": "TDC",
        "reportedCurrency": "USD",
        "cik": "0000816761",
        "fillingDate": "2017-05-05",
        "acceptedDate": "2017-05-05 11:24:42",
        "calendarYear": "2017",
        "period": "Q1",
        "revenue": 491000000,
        "costOfRevenue": 267000000,
        "grossProfit": 224000000,
        "grossProfitRatio": 0.4562118126,
        "researchAndDevelopmentExpenses": 70000000,
        "generalAndAdministrativeExpenses": 155000000,
        "sellingAndMarketingExpenses": 0,
        "sellingGeneralAndAdministrativeExpenses": 155000000,
        "otherExpenses": -1000000,
        "operatingExpenses": 225000000,
        "costAndExpenses": 492000000,
        "interestIncome": 2000000,
        "interestExpense": 3000000,
        "depreciationAndAmortization": 36000000,
        "ebitda": 35000000,
        "ebitdaratio": 0.0712830957,
        "operatingIncome": -1000000,
        "operatingIncomeRatio": -0.0020366599,
        "totalOtherIncomeExpensesNet": -4000000,
        "incomeBeforeTax": -2000000,
        "incomeBeforeTaxRatio": -0.0040733198,
        "incomeTaxExpense": 0,
        "netIncome": -2000000,
        "netIncomeRatio": -0.0040733198,
        "eps": -0.0153,
        "epsdiluted": -0.0153,
        "weightedAverageShsOut": 130400000,
        "weightedAverageShsOutDil": 130400000,
        "link": "https://www.sec.gov/Archives/edgar/data/816761/000081676117000021/0000816761-17-000021-index.htm",
        "finalLink": "https://www.sec.gov/Archives/edgar/data/816761/000081676117000021/tdc-033117x10q.htm"
    },
    {
        "date": "2016-12-31",
        "symbol": "TDC",
        "reportedCurrency": "USD",
        "cik": "0000816761",
        "fillingDate": "2017-02-27",
        "acceptedDate": "2017-02-27 16:11:07",
        "calendarYear": "2016",
        "period": "Q4",
        "revenue": 626000000,
        "costOfRevenue": 311000000,
        "grossProfit": 315000000,
        "grossProfitRatio": 0.5031948882,
        "researchAndDevelopmentExpenses": 58000000,
        "generalAndAdministrativeExpenses": 159000000,
        "sellingAndMarketingExpenses": 0,
        "sellingGeneralAndAdministrativeExpenses": 159000000,
        "otherExpenses": 0,
        "operatingExpenses": 217000000,
        "costAndExpenses": 528000000,
        "interestIncome": 0,
        "interestExpense": 0,
        "depreciationAndAmortization": 31000000,
        "ebitda": 125000000,
        "ebitdaratio": 0.1996805112,
        "operatingIncome": 98000000,
        "operatingIncomeRatio": 0.1565495208,
        "totalOtherIncomeExpensesNet": -7000000,
        "incomeBeforeTax": 91000000,
        "incomeBeforeTaxRatio": 0.1453674121,
        "incomeTaxExpense": 33000000,
        "netIncome": 58000000,
        "netIncomeRatio": 0.0926517572,
        "eps": 0.45,
        "epsdiluted": 0.44,
        "weightedAverageShsOut": 130100000,
        "weightedAverageShsOutDil": 132000000,
        "link": "https://www.sec.gov/Archives/edgar/data/816761/000081676117000010/0000816761-17-000010-index.htm",
        "finalLink": "https://www.sec.gov/Archives/edgar/data/816761/000081676117000010/tdc-123116x10k.htm"
    },
    {
        "date": "2016-09-30",
        "symbol": "TDC",
        "reportedCurrency": "USD",
        "cik": "0000816761",
        "fillingDate": "2016-11-03",
        "acceptedDate": "2016-11-03 14:34:04",
        "calendarYear": "2016",
        "period": "Q3",
        "revenue": 552000000,
        "costOfRevenue": 258000000,
        "grossProfit": 294000000,
        "grossProfitRatio": 0.5326086957,
        "researchAndDevelopmentExpenses": 46000000,
        "generalAndAdministrativeExpenses": 159000000,
        "sellingAndMarketingExpenses": 0,
        "sellingGeneralAndAdministrativeExpenses": 159000000,
        "otherExpenses": 1000000,
        "operatingExpenses": 205000000,
        "costAndExpenses": 463000000,
        "interestIncome": 2000000,
        "interestExpense": 3000000,
        "depreciationAndAmortization": 32000000,
        "ebitda": 121000000,
        "ebitdaratio": 0.2192028986,
        "operatingIncome": 89000000,
        "operatingIncomeRatio": 0.1612318841,
        "totalOtherIncomeExpensesNet": 1000000,
        "incomeBeforeTax": 90000000,
        "incomeBeforeTaxRatio": 0.1630434783,
        "incomeTaxExpense": 41000000,
        "netIncome": 49000000,
        "netIncomeRatio": 0.0887681159,
        "eps": 0.38,
        "epsdiluted": 0.37,
        "weightedAverageShsOut": 129700000,
        "weightedAverageShsOutDil": 131600000,
        "link": "https://www.sec.gov/Archives/edgar/data/816761/000081676116000088/0000816761-16-000088-index.htm",
        "finalLink": "https://www.sec.gov/Archives/edgar/data/816761/000081676116000088/tdc-093016x10q.htm"
    },
    {
        "date": "2016-06-30",
        "symbol": "TDC",
        "reportedCurrency": "USD",
        "cik": "0000816761",
        "fillingDate": "2016-08-09",
        "acceptedDate": "2016-08-09 10:08:48",
        "calendarYear": "2016",
        "period": "Q2",
        "revenue": 599000000,
        "costOfRevenue": 289000000,
        "grossProfit": 310000000,
        "grossProfitRatio": 0.5175292154,
        "researchAndDevelopmentExpenses": 51000000,
        "generalAndAdministrativeExpenses": 172000000,
        "sellingAndMarketingExpenses": 0,
        "sellingGeneralAndAdministrativeExpenses": 172000000,
        "otherExpenses": -2000000,
        "operatingExpenses": 223000000,
        "costAndExpenses": 512000000,
        "interestIncome": 2000000,
        "interestExpense": 4000000,
        "depreciationAndAmortization": 31000000,
        "ebitda": 104000000,
        "ebitdaratio": 0.1736227045,
        "operatingIncome": 87000000,
        "operatingIncomeRatio": 0.1452420701,
        "totalOtherIncomeExpensesNet": -2000000,
        "incomeBeforeTax": 85000000,
        "incomeBeforeTaxRatio": 0.141903172,
        "incomeTaxExpense": 21000000,
        "netIncome": 64000000,
        "netIncomeRatio": 0.1068447412,
        "eps": 0.49,
        "epsdiluted": 0.49,
        "weightedAverageShsOut": 129800000,
        "weightedAverageShsOutDil": 131500000,
        "link": "https://www.sec.gov/Archives/edgar/data/816761/000081676116000075/0000816761-16-000075-index.htm",
        "finalLink": "https://www.sec.gov/Archives/edgar/data/816761/000081676116000075/tdc-063016x10q.htm"
    },
    {
        "date": "2016-03-31",
        "symbol": "TDC",
        "reportedCurrency": "USD",
        "cik": "0000816761",
        "fillingDate": "2016-05-06",
        "acceptedDate": "2016-05-06 10:39:56",
        "calendarYear": "2016",
        "period": "Q1",
        "revenue": 545000000,
        "costOfRevenue": 276000000,
        "grossProfit": 269000000,
        "grossProfitRatio": 0.4935779817,
        "researchAndDevelopmentExpenses": 57000000,
        "generalAndAdministrativeExpenses": 174000000,
        "sellingAndMarketingExpenses": 0,
        "sellingGeneralAndAdministrativeExpenses": 174000000,
        "otherExpenses": 0,
        "operatingExpenses": 231000000,
        "costAndExpenses": 507000000,
        "interestIncome": 1000000,
        "interestExpense": 3000000,
        "depreciationAndAmortization": 34000000,
        "ebitda": -42000000,
        "ebitdaratio": -0.0770642202,
        "operatingIncome": -42000000,
        "operatingIncomeRatio": -0.0770642202,
        "totalOtherIncomeExpensesNet": -3000000,
        "incomeBeforeTax": -45000000,
        "incomeBeforeTaxRatio": -0.0825688073,
        "incomeTaxExpense": 1000000,
        "netIncome": -46000000,
        "netIncomeRatio": -0.0844036697,
        "eps": -0.36,
        "epsdiluted": -0.36,
        "weightedAverageShsOut": 127777777,
        "weightedAverageShsOutDil": 129400000,
        "link": "https://www.sec.gov/Archives/edgar/data/816761/000081676116000061/0000816761-16-000061-index.htm",
        "finalLink": "https://www.sec.gov/Archives/edgar/data/816761/000081676116000061/tdc-033116x10q.htm"
    },
    {
        "date": "2015-12-31",
        "symbol": "TDC",
        "reportedCurrency": "USD",
        "cik": "0000816761",
        "fillingDate": "2016-02-26",
        "acceptedDate": "2016-02-26 11:22:54",
        "calendarYear": "2015",
        "period": "Q4",
        "revenue": 719000000,
        "costOfRevenue": 354000000,
        "grossProfit": 365000000,
        "grossProfitRatio": 0.5076495132,
        "researchAndDevelopmentExpenses": 55000000,
        "generalAndAdministrativeExpenses": 212000000,
        "sellingAndMarketingExpenses": 1000000,
        "sellingGeneralAndAdministrativeExpenses": 213000000,
        "otherExpenses": 0,
        "operatingExpenses": 268000000,
        "costAndExpenses": 622000000,
        "interestIncome": 2000000,
        "interestExpense": 3000000,
        "depreciationAndAmortization": 41000000,
        "ebitda": 9000000,
        "ebitdaratio": 0.0125173853,
        "operatingIncome": 63000000,
        "operatingIncomeRatio": 0.0876216968,
        "totalOtherIncomeExpensesNet": 5000000,
        "incomeBeforeTax": 68000000,
        "incomeBeforeTaxRatio": 0.0945757997,
        "incomeTaxExpense": 27000000,
        "netIncome": 41000000,
        "netIncomeRatio": 0.0570236439,
        "eps": 0.31,
        "epsdiluted": 0.31,
        "weightedAverageShsOut": 132100000,
        "weightedAverageShsOutDil": 134000000,
        "link": "https://www.sec.gov/Archives/edgar/data/816761/000081676116000045/0000816761-16-000045-index.htm",
        "finalLink": "https://www.sec.gov/Archives/edgar/data/816761/000081676116000045/tdc-123115x10k.htm"
    },
    {
        "date": "2015-09-30",
        "symbol": "TDC",
        "reportedCurrency": "USD",
        "cik": "0000816761",
        "fillingDate": "2015-11-06",
        "acceptedDate": "2015-11-06 17:20:31",
        "calendarYear": "2015",
        "period": "Q3",
        "revenue": 606000000,
        "costOfRevenue": 299000000,
        "grossProfit": 307000000,
        "grossProfitRatio": 0.5066006601,
        "researchAndDevelopmentExpenses": 51000000,
        "generalAndAdministrativeExpenses": 179000000,
        "sellingAndMarketingExpenses": 0,
        "sellingGeneralAndAdministrativeExpenses": 179000000,
        "otherExpenses": 0,
        "operatingExpenses": 230000000,
        "costAndExpenses": 529000000,
        "interestIncome": 1000000,
        "interestExpense": 3000000,
        "depreciationAndAmortization": 45000000,
        "ebitda": 124000000,
        "ebitdaratio": 0.204620462,
        "operatingIncome": 77000000,
        "operatingIncomeRatio": 0.1270627063,
        "totalOtherIncomeExpensesNet": 33000000,
        "incomeBeforeTax": 110000000,
        "incomeBeforeTaxRatio": 0.1815181518,
        "incomeTaxExpense": 32000000,
        "netIncome": 78000000,
        "netIncomeRatio": 0.1287128713,
        "eps": 0.56,
        "epsdiluted": 0.55,
        "weightedAverageShsOut": 139200000,
        "weightedAverageShsOutDil": 141400000,
        "link": "https://www.sec.gov/Archives/edgar/data/816761/000081676115000031/0000816761-15-000031-index.htm",
        "finalLink": "https://www.sec.gov/Archives/edgar/data/816761/000081676115000031/tdc-093015x10q.htm"
    },
    {
        "date": "2015-06-30",
        "symbol": "TDC",
        "reportedCurrency": "USD",
        "cik": "0000816761",
        "fillingDate": "2015-08-07",
        "acceptedDate": "2015-08-07 12:49:18",
        "calendarYear": "2015",
        "period": "Q2",
        "revenue": 623000000,
        "costOfRevenue": 296000000,
        "grossProfit": 327000000,
        "grossProfitRatio": 0.5248796148,
        "researchAndDevelopmentExpenses": 59000000,
        "generalAndAdministrativeExpenses": 190000000,
        "sellingAndMarketingExpenses": 0,
        "sellingGeneralAndAdministrativeExpenses": 190000000,
        "otherExpenses": 0,
        "operatingExpenses": 249000000,
        "costAndExpenses": 545000000,
        "interestIncome": 1000000,
        "interestExpense": 2000000,
        "depreciationAndAmortization": 42000000,
        "ebitda": -262000000,
        "ebitdaratio": -0.4205457464,
        "operatingIncome": -262000000,
        "operatingIncomeRatio": -0.4205457464,
        "totalOtherIncomeExpensesNet": 13000000,
        "incomeBeforeTax": -249000000,
        "incomeBeforeTaxRatio": -0.3996789727,
        "incomeTaxExpense": 16000000,
        "netIncome": -265000000,
        "netIncomeRatio": -0.4253611557,
        "eps": -1.87,
        "epsdiluted": -1.87,
        "weightedAverageShsOut": 141711229,
        "weightedAverageShsOutDil": 141900000,
        "link": "https://www.sec.gov/Archives/edgar/data/816761/000081676115000024/0000816761-15-000024-index.htm",
        "finalLink": "https://www.sec.gov/Archives/edgar/data/816761/000081676115000024/tdc-063015x10q.htm"
    },
    {
        "date": "2015-03-31",
        "symbol": "TDC",
        "reportedCurrency": "USD",
        "cik": "0000816761",
        "fillingDate": "2015-05-08",
        "acceptedDate": "2015-05-08 12:20:23",
        "calendarYear": "2015",
        "period": "Q1",
        "revenue": 582000000,
        "costOfRevenue": 305000000,
        "grossProfit": 277000000,
        "grossProfitRatio": 0.4759450172,
        "researchAndDevelopmentExpenses": 63000000,
        "generalAndAdministrativeExpenses": 184000000,
        "sellingAndMarketingExpenses": 0,
        "sellingGeneralAndAdministrativeExpenses": 184000000,
        "otherExpenses": 0,
        "operatingExpenses": 247000000,
        "costAndExpenses": 552000000,
        "interestIncome": 1000000,
        "interestExpense": 1000000,
        "depreciationAndAmortization": 42000000,
        "ebitda": 73000000,
        "ebitdaratio": 0.1254295533,
        "operatingIncome": 30000000,
        "operatingIncomeRatio": 0.0515463918,
        "totalOtherIncomeExpensesNet": 0,
        "incomeBeforeTax": 30000000,
        "incomeBeforeTaxRatio": 0.0515463918,
        "incomeTaxExpense": 8000000,
        "netIncome": 22000000,
        "netIncomeRatio": 0.0378006873,
        "eps": 0.15,
        "epsdiluted": 0.15,
        "weightedAverageShsOut": 145200000,
        "weightedAverageShsOutDil": 147700000,
        "link": "https://www.sec.gov/Archives/edgar/data/816761/000081676115000015/0000816761-15-000015-index.htm",
        "finalLink": "https://www.sec.gov/Archives/edgar/data/816761/000081676115000015/tdc-033115x10q.htm"
    },
    {
        "date": "2014-12-31",
        "symbol": "TDC",
        "reportedCurrency": "USD",
        "cik": "0000816761",
        "fillingDate": "2015-02-27",
        "acceptedDate": "2015-02-27 10:27:25",
        "calendarYear": "2014",
        "period": "Q4",
        "revenue": 761000000,
        "costOfRevenue": 336000000,
        "grossProfit": 425000000,
        "grossProfitRatio": 0.5584756899,
        "researchAndDevelopmentExpenses": 54000000,
        "generalAndAdministrativeExpenses": 213000000,
        "sellingAndMarketingExpenses": 0,
        "sellingGeneralAndAdministrativeExpenses": 213000000,
        "otherExpenses": -1000000,
        "operatingExpenses": 267000000,
        "costAndExpenses": 603000000,
        "interestIncome": 0,
        "interestExpense": 0,
        "depreciationAndAmortization": 41000000,
        "ebitda": 199000000,
        "ebitdaratio": 0.2614980289,
        "operatingIncome": 158000000,
        "operatingIncomeRatio": 0.2076215506,
        "totalOtherIncomeExpensesNet": -1000000,
        "incomeBeforeTax": 157000000,
        "incomeBeforeTaxRatio": 0.2063074901,
        "incomeTaxExpense": 39000000,
        "netIncome": 118000000,
        "netIncomeRatio": 0.1550591327,
        "eps": 0.78,
        "epsdiluted": 0.77,
        "weightedAverageShsOut": 151800000,
        "weightedAverageShsOutDil": 154100000,
        "link": "https://www.sec.gov/Archives/edgar/data/816761/000081676115000008/0000816761-15-000008-index.htm",
        "finalLink": "https://www.sec.gov/Archives/edgar/data/816761/000081676115000008/tdc-123114x10k.htm"
    },
    {
        "date": "2014-09-30",
        "symbol": "TDC",
        "reportedCurrency": "USD",
        "cik": "0000816761",
        "fillingDate": "2014-11-07",
        "acceptedDate": "2014-11-07 14:06:13",
        "calendarYear": "2014",
        "period": "Q3",
        "revenue": 667000000,
        "costOfRevenue": 317000000,
        "grossProfit": 350000000,
        "grossProfitRatio": 0.5247376312,
        "researchAndDevelopmentExpenses": 46000000,
        "generalAndAdministrativeExpenses": 181000000,
        "sellingAndMarketingExpenses": 0,
        "sellingGeneralAndAdministrativeExpenses": 181000000,
        "otherExpenses": 0,
        "operatingExpenses": 227000000,
        "costAndExpenses": 544000000,
        "interestIncome": 1000000,
        "interestExpense": 1000000,
        "depreciationAndAmortization": 44000000,
        "ebitda": 168000000,
        "ebitdaratio": 0.251874063,
        "operatingIncome": 123000000,
        "operatingIncomeRatio": 0.1844077961,
        "totalOtherIncomeExpensesNet": 0,
        "incomeBeforeTax": 123000000,
        "incomeBeforeTaxRatio": 0.1844077961,
        "incomeTaxExpense": 29000000,
        "netIncome": 94000000,
        "netIncomeRatio": 0.1409295352,
        "eps": 0.61,
        "epsdiluted": 0.6,
        "weightedAverageShsOut": 154500000,
        "weightedAverageShsOutDil": 157100000,
        "link": "https://www.sec.gov/Archives/edgar/data/816761/000119312514402977/0001193125-14-402977-index.htm",
        "finalLink": "https://www.sec.gov/Archives/edgar/data/816761/000119312514402977/d796482d10q.htm"
    },
    {
        "date": "2014-06-30",
        "symbol": "TDC",
        "reportedCurrency": "USD",
        "cik": "0000816761",
        "fillingDate": "2014-08-08",
        "acceptedDate": "2014-08-08 13:13:21",
        "calendarYear": "2014",
        "period": "Q2",
        "revenue": 676000000,
        "costOfRevenue": 305000000,
        "grossProfit": 371000000,
        "grossProfitRatio": 0.548816568,
        "researchAndDevelopmentExpenses": 50000000,
        "generalAndAdministrativeExpenses": 188000000,
        "sellingAndMarketingExpenses": 0,
        "sellingGeneralAndAdministrativeExpenses": 188000000,
        "otherExpenses": -1000000,
        "operatingExpenses": 238000000,
        "costAndExpenses": 543000000,
        "interestIncome": 1000000,
        "interestExpense": 1000000,
        "depreciationAndAmortization": 43000000,
        "ebitda": 176000000,
        "ebitdaratio": 0.2603550296,
        "operatingIncome": 133000000,
        "operatingIncomeRatio": 0.1967455621,
        "totalOtherIncomeExpensesNet": -1000000,
        "incomeBeforeTax": 132000000,
        "incomeBeforeTaxRatio": 0.1952662722,
        "incomeTaxExpense": 36000000,
        "netIncome": 96000000,
        "netIncomeRatio": 0.1420118343,
        "eps": 0.61,
        "epsdiluted": 0.6,
        "weightedAverageShsOut": 156900000,
        "weightedAverageShsOutDil": 159400000,
        "link": "https://www.sec.gov/Archives/edgar/data/816761/000119312514302584/0001193125-14-302584-index.htm",
        "finalLink": "https://www.sec.gov/Archives/edgar/data/816761/000119312514302584/d749519d10q.htm"
    },
    {
        "date": "2014-03-31",
        "symbol": "TDC",
        "reportedCurrency": "USD",
        "cik": "0000816761",
        "fillingDate": "2014-05-12",
        "acceptedDate": "2014-05-09 19:46:23",
        "calendarYear": "2014",
        "period": "Q1",
        "revenue": 628000000,
        "costOfRevenue": 295000000,
        "grossProfit": 333000000,
        "grossProfitRatio": 0.5302547771,
        "researchAndDevelopmentExpenses": 56000000,
        "generalAndAdministrativeExpenses": 188000000,
        "sellingAndMarketingExpenses": 0,
        "sellingGeneralAndAdministrativeExpenses": 188000000,
        "otherExpenses": 0,
        "operatingExpenses": 244000000,
        "costAndExpenses": 539000000,
        "interestIncome": 1000000,
        "interestExpense": 1000000,
        "depreciationAndAmortization": 41000000,
        "ebitda": 134000000,
        "ebitdaratio": 0.2133757962,
        "operatingIncome": 89000000,
        "operatingIncomeRatio": 0.1417197452,
        "totalOtherIncomeExpensesNet": -7000000,
        "incomeBeforeTax": 82000000,
        "incomeBeforeTaxRatio": 0.1305732484,
        "incomeTaxExpense": 23000000,
        "netIncome": 59000000,
        "netIncomeRatio": 0.0939490446,
        "eps": 0.37,
        "epsdiluted": 0.37,
        "weightedAverageShsOut": 158400000,
        "weightedAverageShsOutDil": 160900000,
        "link": "https://www.sec.gov/Archives/edgar/data/816761/000119312514192949/0001193125-14-192949-index.htm",
        "finalLink": "https://www.sec.gov/Archives/edgar/data/816761/000119312514192949/d706623d10q.htm"
    },
    {
        "date": "2013-12-31",
        "symbol": "TDC",
        "reportedCurrency": "USD",
        "cik": "0000816761",
        "fillingDate": "2014-02-27",
        "acceptedDate": "2014-02-27 09:20:28",
        "calendarYear": "2013",
        "period": "Q4",
        "revenue": 769000000,
        "costOfRevenue": 338000000,
        "grossProfit": 431000000,
        "grossProfitRatio": 0.5604681404,
        "researchAndDevelopmentExpenses": 44000000,
        "generalAndAdministrativeExpenses": 210000000,
        "sellingAndMarketingExpenses": 0,
        "sellingGeneralAndAdministrativeExpenses": 210000000,
        "otherExpenses": 0,
        "operatingExpenses": 254000000,
        "costAndExpenses": 592000000,
        "interestIncome": 0,
        "interestExpense": 0,
        "depreciationAndAmortization": 38000000,
        "ebitda": 215000000,
        "ebitdaratio": 0.2795838752,
        "operatingIncome": 177000000,
        "operatingIncomeRatio": 0.2301690507,
        "totalOtherIncomeExpensesNet": -23000000,
        "incomeBeforeTax": 154000000,
        "incomeBeforeTaxRatio": 0.200260078,
        "incomeTaxExpense": 42000000,
        "netIncome": 112000000,
        "netIncomeRatio": 0.1456436931,
        "eps": 0.69,
        "epsdiluted": 0.68,
        "weightedAverageShsOut": 161700000,
        "weightedAverageShsOutDil": 164400000,
        "link": "https://www.sec.gov/Archives/edgar/data/816761/000119312514071369/0001193125-14-071369-index.htm",
        "finalLink": "https://www.sec.gov/Archives/edgar/data/816761/000119312514071369/d650130d10k.htm"
    },
    {
        "date": "2013-09-30",
        "symbol": "TDC",
        "reportedCurrency": "USD",
        "cik": "0000816761",
        "fillingDate": "2013-11-04",
        "acceptedDate": "2013-11-04 15:23:07",
        "calendarYear": "2013",
        "period": "Q3",
        "revenue": 666000000,
        "costOfRevenue": 308000000,
        "grossProfit": 358000000,
        "grossProfitRatio": 0.5375375375,
        "researchAndDevelopmentExpenses": 43000000,
        "generalAndAdministrativeExpenses": 183000000,
        "sellingAndMarketingExpenses": 0,
        "sellingGeneralAndAdministrativeExpenses": 183000000,
        "otherExpenses": 0,
        "operatingExpenses": 226000000,
        "costAndExpenses": 534000000,
        "interestIncome": 0,
        "interestExpense": 0,
        "depreciationAndAmortization": 39000000,
        "ebitda": 171000000,
        "ebitdaratio": 0.2567567568,
        "operatingIncome": 132000000,
        "operatingIncomeRatio": 0.1981981982,
        "totalOtherIncomeExpensesNet": 0,
        "incomeBeforeTax": 132000000,
        "incomeBeforeTaxRatio": 0.1981981982,
        "incomeTaxExpense": 34000000,
        "netIncome": 98000000,
        "netIncomeRatio": 0.1471471471,
        "eps": 0.6,
        "epsdiluted": 0.59,
        "weightedAverageShsOut": 163200000,
        "weightedAverageShsOutDil": 166400000,
        "link": "https://www.sec.gov/Archives/edgar/data/816761/000119312513425059/0001193125-13-425059-index.htm",
        "finalLink": "https://www.sec.gov/Archives/edgar/data/816761/000119312513425059/d606038d10q.htm"
    },
    {
        "date": "2013-06-30",
        "symbol": "TDC",
        "reportedCurrency": "USD",
        "cik": "0000816761",
        "fillingDate": "2013-08-02",
        "acceptedDate": "2013-08-02 09:56:53",
        "calendarYear": "2013",
        "period": "Q2",
        "revenue": 670000000,
        "costOfRevenue": 291000000,
        "grossProfit": 379000000,
        "grossProfitRatio": 0.5656716418,
        "researchAndDevelopmentExpenses": 47000000,
        "generalAndAdministrativeExpenses": 185000000,
        "sellingAndMarketingExpenses": 0,
        "sellingGeneralAndAdministrativeExpenses": 185000000,
        "otherExpenses": 0,
        "operatingExpenses": 232000000,
        "costAndExpenses": 523000000,
        "interestIncome": 0,
        "interestExpense": 0,
        "depreciationAndAmortization": 36000000,
        "ebitda": 183000000,
        "ebitdaratio": 0.2731343284,
        "operatingIncome": 147000000,
        "operatingIncomeRatio": 0.2194029851,
        "totalOtherIncomeExpensesNet": 0,
        "incomeBeforeTax": 147000000,
        "incomeBeforeTaxRatio": 0.2194029851,
        "incomeTaxExpense": 39000000,
        "netIncome": 108000000,
        "netIncomeRatio": 0.1611940299,
        "eps": 0.66,
        "epsdiluted": 0.65,
        "weightedAverageShsOut": 163400000,
        "weightedAverageShsOutDil": 166300000,
        "link": "https://www.sec.gov/Archives/edgar/data/816761/000119312513316384/0001193125-13-316384-index.htm",
        "finalLink": "https://www.sec.gov/Archives/edgar/data/816761/000119312513316384/d563925d10q.htm"
    },
    {
        "date": "2013-03-31",
        "symbol": "TDC",
        "reportedCurrency": "USD",
        "cik": "0000816761",
        "fillingDate": "2013-05-03",
        "acceptedDate": "2013-05-03 17:18:40",
        "calendarYear": "2013",
        "period": "Q1",
        "revenue": 587000000,
        "costOfRevenue": 282000000,
        "grossProfit": 305000000,
        "grossProfitRatio": 0.5195911414,
        "researchAndDevelopmentExpenses": 50000000,
        "generalAndAdministrativeExpenses": 179000000,
        "sellingAndMarketingExpenses": 0,
        "sellingGeneralAndAdministrativeExpenses": 179000000,
        "otherExpenses": -1000000,
        "operatingExpenses": 229000000,
        "costAndExpenses": 511000000,
        "interestIncome": 0,
        "interestExpense": 0,
        "depreciationAndAmortization": 34000000,
        "ebitda": 110000000,
        "ebitdaratio": 0.1873935264,
        "operatingIncome": 76000000,
        "operatingIncomeRatio": 0.129471891,
        "totalOtherIncomeExpensesNet": -1000000,
        "incomeBeforeTax": 75000000,
        "incomeBeforeTaxRatio": 0.1277683135,
        "incomeTaxExpense": 16000000,
        "netIncome": 59000000,
        "netIncomeRatio": 0.1005110733,
        "eps": 0.36,
        "epsdiluted": 0.35,
        "weightedAverageShsOut": 165400000,
        "weightedAverageShsOutDil": 168500000,
        "link": "https://www.sec.gov/Archives/edgar/data/816761/000119312513199459/0001193125-13-199459-index.htm",
        "finalLink": "https://www.sec.gov/Archives/edgar/data/816761/000119312513199459/d514863d10q.htm"
    },
    {
        "date": "2012-12-31",
        "symbol": "TDC",
        "reportedCurrency": "USD",
        "cik": "0000816761",
        "fillingDate": "2013-02-28",
        "acceptedDate": "2013-02-28 11:20:52",
        "calendarYear": "2012",
        "period": "Q4",
        "revenue": 740000000,
        "costOfRevenue": 330000000,
        "grossProfit": 410000000,
        "grossProfitRatio": 0.5540540541,
        "researchAndDevelopmentExpenses": 50000000,
        "generalAndAdministrativeExpenses": 210000000,
        "sellingAndMarketingExpenses": 0,
        "sellingGeneralAndAdministrativeExpenses": 210000000,
        "otherExpenses": -1000000,
        "operatingExpenses": 260000000,
        "costAndExpenses": 590000000,
        "interestIncome": 0,
        "interestExpense": 0,
        "depreciationAndAmortization": 33000000,
        "ebitda": 183000000,
        "ebitdaratio": 0.2472972973,
        "operatingIncome": 150000000,
        "operatingIncomeRatio": 0.2027027027,
        "totalOtherIncomeExpensesNet": -1000000,
        "incomeBeforeTax": 149000000,
        "incomeBeforeTaxRatio": 0.2013513514,
        "incomeTaxExpense": 37000000,
        "netIncome": 112000000,
        "netIncomeRatio": 0.1513513514,
        "eps": 0.67,
        "epsdiluted": 0.66,
        "weightedAverageShsOut": 167400000,
        "weightedAverageShsOutDil": 170700000,
        "link": "https://www.sec.gov/Archives/edgar/data/816761/000119312513082775/0001193125-13-082775-index.htm",
        "finalLink": "https://www.sec.gov/Archives/edgar/data/816761/000119312513082775/d463404d10k.htm"
    },
    {
        "date": "2012-09-30",
        "symbol": "TDC",
        "reportedCurrency": "USD",
        "cik": "0000816761",
        "fillingDate": "2012-11-02",
        "acceptedDate": "2012-11-02 09:26:50",
        "calendarYear": "2012",
        "period": "Q3",
        "revenue": 647000000,
        "costOfRevenue": 286000000,
        "grossProfit": 361000000,
        "grossProfitRatio": 0.5579598145,
        "researchAndDevelopmentExpenses": 44000000,
        "generalAndAdministrativeExpenses": 174000000,
        "sellingAndMarketingExpenses": 0,
        "sellingGeneralAndAdministrativeExpenses": 174000000,
        "otherExpenses": 0,
        "operatingExpenses": 218000000,
        "costAndExpenses": 504000000,
        "interestIncome": 0,
        "interestExpense": 0,
        "depreciationAndAmortization": 32000000,
        "ebitda": 175000000,
        "ebitdaratio": 0.2704791345,
        "operatingIncome": 143000000,
        "operatingIncomeRatio": 0.2210200927,
        "totalOtherIncomeExpensesNet": 0,
        "incomeBeforeTax": 143000000,
        "incomeBeforeTaxRatio": 0.2210200927,
        "incomeTaxExpense": 39000000,
        "netIncome": 104000000,
        "netIncomeRatio": 0.1607418856,
        "eps": 0.62,
        "epsdiluted": 0.6,
        "weightedAverageShsOut": 168800000,
        "weightedAverageShsOutDil": 172400000,
        "link": "https://www.sec.gov/Archives/edgar/data/816761/000119312512448089/0001193125-12-448089-index.htm",
        "finalLink": "https://www.sec.gov/Archives/edgar/data/816761/000119312512448089/d419558d10q.htm"
    },
    {
        "date": "2012-06-30",
        "symbol": "TDC",
        "reportedCurrency": "USD",
        "cik": "0000816761",
        "fillingDate": "2012-08-03",
        "acceptedDate": "2012-08-03 11:31:54",
        "calendarYear": "2012",
        "period": "Q2",
        "revenue": 665000000,
        "costOfRevenue": 283000000,
        "grossProfit": 382000000,
        "grossProfitRatio": 0.5744360902,
        "researchAndDevelopmentExpenses": 43000000,
        "generalAndAdministrativeExpenses": 179000000,
        "sellingAndMarketingExpenses": 0,
        "sellingGeneralAndAdministrativeExpenses": 179000000,
        "otherExpenses": 0,
        "operatingExpenses": 222000000,
        "costAndExpenses": 505000000,
        "interestIncome": 0,
        "interestExpense": 0,
        "depreciationAndAmortization": 31000000,
        "ebitda": 160000000,
        "ebitdaratio": 0.2406015038,
        "operatingIncome": 160000000,
        "operatingIncomeRatio": 0.2406015038,
        "totalOtherIncomeExpensesNet": 0,
        "incomeBeforeTax": 160000000,
        "incomeBeforeTaxRatio": 0.2406015038,
        "incomeTaxExpense": 48000000,
        "netIncome": 112000000,
        "netIncomeRatio": 0.1684210526,
        "eps": 0.66,
        "epsdiluted": 0.65,
        "weightedAverageShsOut": 168700000,
        "weightedAverageShsOutDil": 172300000,
        "link": "https://www.sec.gov/Archives/edgar/data/816761/000119312512333968/0001193125-12-333968-index.htm",
        "finalLink": "https://www.sec.gov/Archives/edgar/data/816761/000119312512333968/d377038d10q.htm"
    },
    {
        "date": "2012-03-31",
        "symbol": "TDC",
        "reportedCurrency": "USD",
        "cik": "0000816761",
        "fillingDate": "2012-05-04",
        "acceptedDate": "2012-05-04 14:34:48",
        "calendarYear": "2012",
        "period": "Q1",
        "revenue": 613000000,
        "costOfRevenue": 275000000,
        "grossProfit": 338000000,
        "grossProfitRatio": 0.5513866232,
        "researchAndDevelopmentExpenses": 46000000,
        "generalAndAdministrativeExpenses": 165000000,
        "sellingAndMarketingExpenses": 0,
        "sellingGeneralAndAdministrativeExpenses": 165000000,
        "otherExpenses": -1000000,
        "operatingExpenses": 211000000,
        "costAndExpenses": 486000000,
        "interestIncome": 0,
        "interestExpense": 0,
        "depreciationAndAmortization": 30000000,
        "ebitda": 127000000,
        "ebitdaratio": 0.207177814,
        "operatingIncome": 127000000,
        "operatingIncomeRatio": 0.207177814,
        "totalOtherIncomeExpensesNet": -1000000,
        "incomeBeforeTax": 126000000,
        "incomeBeforeTaxRatio": 0.2055464927,
        "incomeTaxExpense": 35000000,
        "netIncome": 91000000,
        "netIncomeRatio": 0.1484502447,
        "eps": 0.54,
        "epsdiluted": 0.53,
        "weightedAverageShsOut": 167900000,
        "weightedAverageShsOutDil": 171600000,
        "link": "https://www.sec.gov/Archives/edgar/data/816761/000119312512211522/0001193125-12-211522-index.htm",
        "finalLink": "https://www.sec.gov/Archives/edgar/data/816761/000119312512211522/d326935d10q.htm"
    },
    {
        "date": "2011-12-31",
        "symbol": "TDC",
        "reportedCurrency": "USD",
        "cik": "0000816761",
        "fillingDate": "2012-02-29",
        "acceptedDate": "2012-02-29 09:07:08",
        "calendarYear": "2011",
        "period": "Q4",
        "revenue": 673000000,
        "costOfRevenue": 299000000,
        "grossProfit": 374000000,
        "grossProfitRatio": 0.5557206538,
        "researchAndDevelopmentExpenses": 56000000,
        "generalAndAdministrativeExpenses": 185000000,
        "sellingAndMarketingExpenses": 0,
        "sellingGeneralAndAdministrativeExpenses": 185000000,
        "otherExpenses": 0,
        "operatingExpenses": 241000000,
        "costAndExpenses": 540000000,
        "interestIncome": 0,
        "interestExpense": 0,
        "depreciationAndAmortization": 28000000,
        "ebitda": 59000000,
        "ebitdaratio": 0.087667162,
        "operatingIncome": 133000000,
        "operatingIncomeRatio": 0.1976225854,
        "totalOtherIncomeExpensesNet": 0,
        "incomeBeforeTax": 133000000,
        "incomeBeforeTaxRatio": 0.1976225854,
        "incomeTaxExpense": 35000000,
        "netIncome": 98000000,
        "netIncomeRatio": 0.1456166419,
        "eps": 0.58,
        "epsdiluted": 0.57,
        "weightedAverageShsOut": 167900000,
        "weightedAverageShsOutDil": 171600000,
        "link": "https://www.sec.gov/Archives/edgar/data/816761/000119312512087334/0001193125-12-087334-index.htm",
        "finalLink": "https://www.sec.gov/Archives/edgar/data/816761/000119312512087334/d257989d10k.htm"
    },
    {
        "date": "2011-09-30",
        "symbol": "TDC",
        "reportedCurrency": "USD",
        "cik": "0000816761",
        "fillingDate": "2011-11-04",
        "acceptedDate": "2011-11-04 10:38:51",
        "calendarYear": "2011",
        "period": "Q3",
        "revenue": 602000000,
        "costOfRevenue": 274000000,
        "grossProfit": 328000000,
        "grossProfitRatio": 0.5448504983,
        "researchAndDevelopmentExpenses": 43000000,
        "generalAndAdministrativeExpenses": 163000000,
        "sellingAndMarketingExpenses": 0,
        "sellingGeneralAndAdministrativeExpenses": 163000000,
        "otherExpenses": 0,
        "operatingExpenses": 206000000,
        "costAndExpenses": 480000000,
        "interestIncome": 0,
        "interestExpense": 0,
        "depreciationAndAmortization": 37000000,
        "ebitda": 122000000,
        "ebitdaratio": 0.2026578073,
        "operatingIncome": 122000000,
        "operatingIncomeRatio": 0.2026578073,
        "totalOtherIncomeExpensesNet": -1000000,
        "incomeBeforeTax": 121000000,
        "incomeBeforeTaxRatio": 0.2009966777,
        "incomeTaxExpense": 34000000,
        "netIncome": 87000000,
        "netIncomeRatio": 0.1445182724,
        "eps": 0.52,
        "epsdiluted": 0.51,
        "weightedAverageShsOut": 167900000,
        "weightedAverageShsOutDil": 171700000,
        "link": "https://www.sec.gov/Archives/edgar/data/816761/000119312511296628/0001193125-11-296628-index.htm",
        "finalLink": "https://www.sec.gov/Archives/edgar/data/816761/000119312511296628/d236208d10q.htm"
    },
    {
        "date": "2011-06-30",
        "symbol": "TDC",
        "reportedCurrency": "USD",
        "cik": "0000816761",
        "fillingDate": "2011-08-08",
        "acceptedDate": "2011-08-08 09:45:50",
        "calendarYear": "2011",
        "period": "Q2",
        "revenue": 581000000,
        "costOfRevenue": 265000000,
        "grossProfit": 316000000,
        "grossProfitRatio": 0.5438898451,
        "researchAndDevelopmentExpenses": 41000000,
        "generalAndAdministrativeExpenses": 165000000,
        "sellingAndMarketingExpenses": 0,
        "sellingGeneralAndAdministrativeExpenses": 165000000,
        "otherExpenses": 0,
        "operatingExpenses": 206000000,
        "costAndExpenses": 471000000,
        "interestIncome": 0,
        "interestExpense": 0,
        "depreciationAndAmortization": 19000000,
        "ebitda": 110000000,
        "ebitdaratio": 0.1893287435,
        "operatingIncome": 110000000,
        "operatingIncomeRatio": 0.1893287435,
        "totalOtherIncomeExpensesNet": 27000000,
        "incomeBeforeTax": 137000000,
        "incomeBeforeTaxRatio": 0.2358003442,
        "incomeTaxExpense": 34000000,
        "netIncome": 103000000,
        "netIncomeRatio": 0.1772805508,
        "eps": 0.61,
        "epsdiluted": 0.6,
        "weightedAverageShsOut": 168700000,
        "weightedAverageShsOutDil": 172400000,
        "link": "https://www.sec.gov/Archives/edgar/data/816761/000119312511213463/0001193125-11-213463-index.htm",
        "finalLink": "https://www.sec.gov/Archives/edgar/data/816761/000119312511213463/d10q.htm"
    },
    {
        "date": "2011-03-31",
        "symbol": "TDC",
        "reportedCurrency": "USD",
        "cik": "0000816761",
        "fillingDate": "2011-05-06",
        "acceptedDate": "2011-05-06 14:48:42",
        "calendarYear": "2011",
        "period": "Q1",
        "revenue": 506000000,
        "costOfRevenue": 275000000,
        "grossProfit": 231000000,
        "grossProfitRatio": 0.4565217391,
        "researchAndDevelopmentExpenses": 34000000,
        "generalAndAdministrativeExpenses": 150000000,
        "sellingAndMarketingExpenses": 0,
        "sellingGeneralAndAdministrativeExpenses": 150000000,
        "otherExpenses": 0,
        "operatingExpenses": 184000000,
        "costAndExpenses": 459000000,
        "interestIncome": 0,
        "interestExpense": 0,
        "depreciationAndAmortization": 18000000,
        "ebitda": 91000000,
        "ebitdaratio": 0.1798418972,
        "operatingIncome": 91000000,
        "operatingIncomeRatio": 0.1798418972,
        "totalOtherIncomeExpensesNet": -1000000,
        "incomeBeforeTax": 90000000,
        "incomeBeforeTaxRatio": 0.1778656126,
        "incomeTaxExpense": 25000000,
        "netIncome": 65000000,
        "netIncomeRatio": 0.128458498,
        "eps": 0.39,
        "epsdiluted": 0.38,
        "weightedAverageShsOut": 168400000,
        "weightedAverageShsOutDil": 171800000,
        "link": "https://www.sec.gov/Archives/edgar/data/816761/000119312511130494/0001193125-11-130494-index.htm",
        "finalLink": "https://www.sec.gov/Archives/edgar/data/816761/000119312511130494/d10q.htm"
    },
    {
        "date": "2010-12-31",
        "symbol": "TDC",
        "reportedCurrency": "USD",
        "cik": "0000816761",
        "fillingDate": "2011-03-01",
        "acceptedDate": "2011-03-01 15:34:09",
        "calendarYear": "2010",
        "period": "Q4",
        "revenue": 548000000,
        "costOfRevenue": 243000000,
        "grossProfit": 305000000,
        "grossProfitRatio": 0.5565693431,
        "researchAndDevelopmentExpenses": 39000000,
        "generalAndAdministrativeExpenses": 149000000,
        "sellingAndMarketingExpenses": 0,
        "sellingGeneralAndAdministrativeExpenses": 149000000,
        "otherExpenses": 0,
        "operatingExpenses": 188000000,
        "costAndExpenses": 431000000,
        "interestIncome": 0,
        "interestExpense": 0,
        "depreciationAndAmortization": 17000000,
        "ebitda": 134000000,
        "ebitdaratio": 0.2445255474,
        "operatingIncome": 117000000,
        "operatingIncomeRatio": 0.2135036496,
        "totalOtherIncomeExpensesNet": -1000000,
        "incomeBeforeTax": 116000000,
        "incomeBeforeTaxRatio": 0.2116788321,
        "incomeTaxExpense": 31000000,
        "netIncome": 85000000,
        "netIncomeRatio": 0.1551094891,
        "eps": 0.5,
        "epsdiluted": 0.49,
        "weightedAverageShsOut": 168400000,
        "weightedAverageShsOutDil": 171800000,
        "link": "https://www.sec.gov/Archives/edgar/data/816761/000119312511051934/0001193125-11-051934-index.htm",
        "finalLink": "https://www.sec.gov/Archives/edgar/data/816761/000119312511051934/d10k.htm"
    },
    {
        "date": "2010-09-30",
        "symbol": "TDC",
        "reportedCurrency": "USD",
        "cik": "0000816761",
        "fillingDate": "2010-11-04",
        "acceptedDate": "2010-11-04 16:44:45",
        "calendarYear": "2010",
        "period": "Q3",
        "revenue": 489000000,
        "costOfRevenue": 210000000,
        "grossProfit": 279000000,
        "grossProfitRatio": 0.5705521472,
        "researchAndDevelopmentExpenses": 40000000,
        "generalAndAdministrativeExpenses": 133000000,
        "sellingAndMarketingExpenses": 0,
        "sellingGeneralAndAdministrativeExpenses": 133000000,
        "otherExpenses": 0,
        "operatingExpenses": 173000000,
        "costAndExpenses": 383000000,
        "interestIncome": 0,
        "interestExpense": 0,
        "depreciationAndAmortization": 15000000,
        "ebitda": 106000000,
        "ebitdaratio": 0.2167689162,
        "operatingIncome": 106000000,
        "operatingIncomeRatio": 0.2167689162,
        "totalOtherIncomeExpensesNet": 0,
        "incomeBeforeTax": 106000000,
        "incomeBeforeTaxRatio": 0.2167689162,
        "incomeTaxExpense": 31000000,
        "netIncome": 75000000,
        "netIncomeRatio": 0.1533742331,
        "eps": 0.45,
        "epsdiluted": 0.44,
        "weightedAverageShsOut": 167200000,
        "weightedAverageShsOutDil": 170100000,
        "link": "https://www.sec.gov/Archives/edgar/data/816761/000119312510248212/0001193125-10-248212-index.htm",
        "finalLink": "https://www.sec.gov/Archives/edgar/data/816761/000119312510248212/d10q.htm"
    },
    {
        "date": "2010-06-30",
        "symbol": "TDC",
        "reportedCurrency": "USD",
        "cik": "0000816761",
        "fillingDate": "2010-08-05",
        "acceptedDate": "2010-08-05 16:47:41",
        "calendarYear": "2010",
        "period": "Q2",
        "revenue": 470000000,
        "costOfRevenue": 202000000,
        "grossProfit": 268000000,
        "grossProfitRatio": 0.570212766,
        "researchAndDevelopmentExpenses": 36000000,
        "generalAndAdministrativeExpenses": 126000000,
        "sellingAndMarketingExpenses": 0,
        "sellingGeneralAndAdministrativeExpenses": 126000000,
        "otherExpenses": 0,
        "operatingExpenses": 162000000,
        "costAndExpenses": 364000000,
        "interestIncome": 0,
        "interestExpense": 0,
        "depreciationAndAmortization": 14000000,
        "ebitda": 106000000,
        "ebitdaratio": 0.2255319149,
        "operatingIncome": 106000000,
        "operatingIncomeRatio": 0.2255319149,
        "totalOtherIncomeExpensesNet": 0,
        "incomeBeforeTax": 106000000,
        "incomeBeforeTaxRatio": 0.2255319149,
        "incomeTaxExpense": 32000000,
        "netIncome": 74000000,
        "netIncomeRatio": 0.1574468085,
        "eps": 0.44,
        "epsdiluted": 0.44,
        "weightedAverageShsOut": 167000000,
        "weightedAverageShsOutDil": 169800000,
        "link": "https://www.sec.gov/Archives/edgar/data/816761/000119312510179479/0001193125-10-179479-index.htm",
        "finalLink": "https://www.sec.gov/Archives/edgar/data/816761/000119312510179479/d10q.htm"
    },
    {
        "date": "2010-03-31",
        "symbol": "TDC",
        "reportedCurrency": "USD",
        "cik": "0000816761",
        "fillingDate": "2010-05-06",
        "acceptedDate": "2010-05-06 15:24:15",
        "calendarYear": "2010",
        "period": "Q1",
        "revenue": 429000000,
        "costOfRevenue": 193000000,
        "grossProfit": 236000000,
        "grossProfitRatio": 0.5501165501,
        "researchAndDevelopmentExpenses": 32000000,
        "generalAndAdministrativeExpenses": 118000000,
        "sellingAndMarketingExpenses": 0,
        "sellingGeneralAndAdministrativeExpenses": 118000000,
        "otherExpenses": 0,
        "operatingExpenses": 150000000,
        "costAndExpenses": 343000000,
        "interestIncome": 0,
        "interestExpense": 0,
        "depreciationAndAmortization": 14000000,
        "ebitda": 86000000,
        "ebitdaratio": 0.2004662005,
        "operatingIncome": 86000000,
        "operatingIncomeRatio": 0.2004662005,
        "totalOtherIncomeExpensesNet": 0,
        "incomeBeforeTax": 86000000,
        "incomeBeforeTaxRatio": 0.2004662005,
        "incomeTaxExpense": 19000000,
        "netIncome": 67000000,
        "netIncomeRatio": 0.1561771562,
        "eps": 0.4,
        "epsdiluted": 0.39,
        "weightedAverageShsOut": 167800000,
        "weightedAverageShsOutDil": 170500000,
        "link": "https://www.sec.gov/Archives/edgar/data/816761/000119312510110725/0001193125-10-110725-index.htm",
        "finalLink": "https://www.sec.gov/Archives/edgar/data/816761/000119312510110725/d10q.htm"
    },
    {
        "date": "2009-12-31",
        "symbol": "TDC",
        "reportedCurrency": "USD",
        "cik": "0000816761",
        "fillingDate": "2010-02-26",
        "acceptedDate": "2010-02-26 16:53:29",
        "calendarYear": "2009",
        "period": "Q4",
        "revenue": 496000000,
        "costOfRevenue": 218000000,
        "grossProfit": 278000000,
        "grossProfitRatio": 0.560483871,
        "researchAndDevelopmentExpenses": 34000000,
        "generalAndAdministrativeExpenses": 138000000,
        "sellingAndMarketingExpenses": 0,
        "sellingGeneralAndAdministrativeExpenses": 138000000,
        "otherExpenses": 0,
        "operatingExpenses": 172000000,
        "costAndExpenses": 390000000,
        "interestIncome": 0,
        "interestExpense": 0,
        "depreciationAndAmortization": 17000000,
        "ebitda": 60000000,
        "ebitdaratio": 0.1209677419,
        "operatingIncome": 106000000,
        "operatingIncomeRatio": 0.2137096774,
        "totalOtherIncomeExpensesNet": 0,
        "incomeBeforeTax": 106000000,
        "incomeBeforeTaxRatio": 0.2137096774,
        "incomeTaxExpense": 22000000,
        "netIncome": 84000000,
        "netIncomeRatio": 0.1693548387,
        "eps": 0.5,
        "epsdiluted": 0.49,
        "weightedAverageShsOut": 167800000,
        "weightedAverageShsOutDil": 170500000,
        "link": "https://www.sec.gov/Archives/edgar/data/816761/000119312510043063/0001193125-10-043063-index.htm",
        "finalLink": "https://www.sec.gov/Archives/edgar/data/816761/000119312510043063/d10k.htm"
    },
    {
        "date": "2009-09-30",
        "symbol": "TDC",
        "reportedCurrency": "USD",
        "cik": "0000816761",
        "fillingDate": "2009-11-05",
        "acceptedDate": "2009-11-05 14:49:33",
        "calendarYear": "2009",
        "period": "Q3",
        "revenue": 425000000,
        "costOfRevenue": 198000000,
        "grossProfit": 227000000,
        "grossProfitRatio": 0.5341176471,
        "researchAndDevelopmentExpenses": 26000000,
        "generalAndAdministrativeExpenses": 113000000,
        "sellingAndMarketingExpenses": 0,
        "sellingGeneralAndAdministrativeExpenses": 113000000,
        "otherExpenses": 0,
        "operatingExpenses": 139000000,
        "costAndExpenses": 337000000,
        "interestIncome": 0,
        "interestExpense": 0,
        "depreciationAndAmortization": 19000000,
        "ebitda": 88000000,
        "ebitdaratio": 0.2070588235,
        "operatingIncome": 88000000,
        "operatingIncomeRatio": 0.2070588235,
        "totalOtherIncomeExpensesNet": -4000000,
        "incomeBeforeTax": 84000000,
        "incomeBeforeTaxRatio": 0.1976470588,
        "incomeTaxExpense": 21000000,
        "netIncome": 63000000,
        "netIncomeRatio": 0.1482352941,
        "eps": 0.37,
        "epsdiluted": 0.36,
        "weightedAverageShsOut": 171700000,
        "weightedAverageShsOutDil": 174100000,
        "link": "https://www.sec.gov/Archives/edgar/data/816761/000119312509225338/0001193125-09-225338-index.htm",
        "finalLink": "https://www.sec.gov/Archives/edgar/data/816761/000119312509225338/d10q.htm"
    },
    {
        "date": "2009-06-30",
        "symbol": "TDC",
        "reportedCurrency": "USD",
        "cik": "0000816761",
        "fillingDate": "2009-08-07",
        "acceptedDate": "2009-08-07 13:04:28",
        "calendarYear": "2009",
        "period": "Q2",
        "revenue": 421000000,
        "costOfRevenue": 188000000,
        "grossProfit": 233000000,
        "grossProfitRatio": 0.5534441805,
        "researchAndDevelopmentExpenses": 27000000,
        "generalAndAdministrativeExpenses": 122000000,
        "sellingAndMarketingExpenses": 0,
        "sellingGeneralAndAdministrativeExpenses": 122000000,
        "otherExpenses": 0,
        "operatingExpenses": 149000000,
        "costAndExpenses": 337000000,
        "interestIncome": 0,
        "interestExpense": 0,
        "depreciationAndAmortization": 13000000,
        "ebitda": 84000000,
        "ebitdaratio": 0.1995249406,
        "operatingIncome": 84000000,
        "operatingIncomeRatio": 0.1995249406,
        "totalOtherIncomeExpensesNet": 0,
        "incomeBeforeTax": 84000000,
        "incomeBeforeTaxRatio": 0.1995249406,
        "incomeTaxExpense": 22000000,
        "netIncome": 62000000,
        "netIncomeRatio": 0.1472684086,
        "eps": 0.36,
        "epsdiluted": 0.36,
        "weightedAverageShsOut": 172300000,
        "weightedAverageShsOutDil": 173900000,
        "link": "https://www.sec.gov/Archives/edgar/data/816761/000119312509168729/0001193125-09-168729-index.htm",
        "finalLink": "https://www.sec.gov/Archives/edgar/data/816761/000119312509168729/d10q.htm"
    },
    {
        "date": "2009-03-31",
        "symbol": "TDC",
        "reportedCurrency": "USD",
        "cik": "0000816761",
        "fillingDate": "2009-05-08",
        "acceptedDate": "2009-05-08 16:36:43",
        "calendarYear": "2009",
        "period": "Q1",
        "revenue": 367000000,
        "costOfRevenue": 167000000,
        "grossProfit": 200000000,
        "grossProfitRatio": 0.5449591281,
        "researchAndDevelopmentExpenses": 30000000,
        "generalAndAdministrativeExpenses": 110000000,
        "sellingAndMarketingExpenses": 0,
        "sellingGeneralAndAdministrativeExpenses": 110000000,
        "otherExpenses": 0,
        "operatingExpenses": 140000000,
        "costAndExpenses": 307000000,
        "interestIncome": 0,
        "interestExpense": 0,
        "depreciationAndAmortization": 14000000,
        "ebitda": 60000000,
        "ebitdaratio": 0.1634877384,
        "operatingIncome": 60000000,
        "operatingIncomeRatio": 0.1634877384,
        "totalOtherIncomeExpensesNet": 0,
        "incomeBeforeTax": 60000000,
        "incomeBeforeTaxRatio": 0.1634877384,
        "incomeTaxExpense": 15000000,
        "netIncome": 45000000,
        "netIncomeRatio": 0.1226158038,
        "eps": 0.26,
        "epsdiluted": 0.26,
        "weightedAverageShsOut": 173300000,
        "weightedAverageShsOutDil": 174300000,
        "link": "https://www.sec.gov/Archives/edgar/data/816761/000119312509105464/0001193125-09-105464-index.htm",
        "finalLink": "https://www.sec.gov/Archives/edgar/data/816761/000119312509105464/d10q.htm"
    },
    {
        "date": "2008-12-31",
        "symbol": "TDC",
        "reportedCurrency": "USD",
        "cik": "0000816761",
        "fillingDate": "2009-03-02",
        "acceptedDate": "2009-03-02 16:29:31",
        "calendarYear": "2008",
        "period": "Q4",
        "revenue": 493000000,
        "costOfRevenue": 224000000,
        "grossProfit": 269000000,
        "grossProfitRatio": 0.5456389452,
        "researchAndDevelopmentExpenses": 30000000,
        "generalAndAdministrativeExpenses": 137000000,
        "sellingAndMarketingExpenses": 0,
        "sellingGeneralAndAdministrativeExpenses": 137000000,
        "otherExpenses": 0,
        "operatingExpenses": 167000000,
        "costAndExpenses": 391000000,
        "interestIncome": 0,
        "interestExpense": 0,
        "depreciationAndAmortization": 13000000,
        "ebitda": 115000000,
        "ebitdaratio": 0.2332657201,
        "operatingIncome": 102000000,
        "operatingIncomeRatio": 0.2068965517,
        "totalOtherIncomeExpensesNet": 1000000,
        "incomeBeforeTax": 103000000,
        "incomeBeforeTaxRatio": 0.2089249493,
        "incomeTaxExpense": 24000000,
        "netIncome": 79000000,
        "netIncomeRatio": 0.1602434077,
        "eps": 0.46,
        "epsdiluted": 0.45,
        "weightedAverageShsOut": 173300000,
        "weightedAverageShsOutDil": 174300000,
        "link": "https://www.sec.gov/Archives/edgar/data/816761/000119312509042599/0001193125-09-042599-index.htm",
        "finalLink": "https://www.sec.gov/Archives/edgar/data/816761/000119312509042599/d10k.htm"
    },
    {
        "date": "2008-09-30",
        "symbol": "TDC",
        "reportedCurrency": "USD",
        "cik": "0000816761",
        "fillingDate": "2008-11-12",
        "acceptedDate": "2008-11-12 15:52:36",
        "calendarYear": "2008",
        "period": "Q3",
        "revenue": 439000000,
        "costOfRevenue": 202000000,
        "grossProfit": 237000000,
        "grossProfitRatio": 0.5398633257,
        "researchAndDevelopmentExpenses": 28000000,
        "generalAndAdministrativeExpenses": 123000000,
        "sellingAndMarketingExpenses": 0,
        "sellingGeneralAndAdministrativeExpenses": 123000000,
        "otherExpenses": 0,
        "operatingExpenses": 151000000,
        "costAndExpenses": 353000000,
        "interestIncome": 0,
        "interestExpense": 0,
        "depreciationAndAmortization": 14000000,
        "ebitda": 86000000,
        "ebitdaratio": 0.1958997722,
        "operatingIncome": 86000000,
        "operatingIncomeRatio": 0.1958997722,
        "totalOtherIncomeExpensesNet": -1000000,
        "incomeBeforeTax": 85000000,
        "incomeBeforeTaxRatio": 0.1936218679,
        "incomeTaxExpense": 25000000,
        "netIncome": 60000000,
        "netIncomeRatio": 0.1366742597,
        "eps": 0.34,
        "epsdiluted": 0.33,
        "weightedAverageShsOut": 177500000,
        "weightedAverageShsOutDil": 179400000,
        "link": "https://www.sec.gov/Archives/edgar/data/816761/000119312508233720/0001193125-08-233720-index.htm",
        "finalLink": "https://www.sec.gov/Archives/edgar/data/816761/000119312508233720/d10q.htm"
    },
    {
        "date": "2008-06-30",
        "symbol": "TDC",
        "reportedCurrency": "USD",
        "cik": "0000816761",
        "fillingDate": "2008-08-14",
        "acceptedDate": "2008-08-14 15:46:11",
        "calendarYear": "2008",
        "period": "Q2",
        "revenue": 455000000,
        "costOfRevenue": 206000000,
        "grossProfit": 249000000,
        "grossProfitRatio": 0.5472527473,
        "researchAndDevelopmentExpenses": 25000000,
        "generalAndAdministrativeExpenses": 132000000,
        "sellingAndMarketingExpenses": 0,
        "sellingGeneralAndAdministrativeExpenses": 132000000,
        "otherExpenses": 0,
        "operatingExpenses": 157000000,
        "costAndExpenses": 363000000,
        "interestIncome": 2000000,
        "interestExpense": 0,
        "depreciationAndAmortization": 16000000,
        "ebitda": 92000000,
        "ebitdaratio": 0.2021978022,
        "operatingIncome": 92000000,
        "operatingIncomeRatio": 0.2021978022,
        "totalOtherIncomeExpensesNet": 2000000,
        "incomeBeforeTax": 94000000,
        "incomeBeforeTaxRatio": 0.2065934066,
        "incomeTaxExpense": 25000000,
        "netIncome": 69000000,
        "netIncomeRatio": 0.1516483516,
        "eps": 0.38,
        "epsdiluted": 0.38,
        "weightedAverageShsOut": 179300000,
        "weightedAverageShsOutDil": 181200000,
        "link": "https://www.sec.gov/Archives/edgar/data/816761/000119312508178266/0001193125-08-178266-index.htm",
        "finalLink": "https://www.sec.gov/Archives/edgar/data/816761/000119312508178266/d10q.htm"
    },
    {
        "date": "2008-03-31",
        "symbol": "TDC",
        "reportedCurrency": "USD",
        "cik": "0000816761",
        "fillingDate": "2008-05-15",
        "acceptedDate": "2008-05-15 08:13:37",
        "calendarYear": "2008",
        "period": "Q1",
        "revenue": 375000000,
        "costOfRevenue": 181000000,
        "grossProfit": 194000000,
        "grossProfitRatio": 0.5173333333,
        "researchAndDevelopmentExpenses": 25000000,
        "generalAndAdministrativeExpenses": 116000000,
        "sellingAndMarketingExpenses": 0,
        "sellingGeneralAndAdministrativeExpenses": 116000000,
        "otherExpenses": 0,
        "operatingExpenses": 141000000,
        "costAndExpenses": 322000000,
        "interestIncome": 3000000,
        "interestExpense": 0,
        "depreciationAndAmortization": 17000000,
        "ebitda": 53000000,
        "ebitdaratio": 0.1413333333,
        "operatingIncome": 53000000,
        "operatingIncomeRatio": 0.1413333333,
        "totalOtherIncomeExpensesNet": 3000000,
        "incomeBeforeTax": 56000000,
        "incomeBeforeTaxRatio": 0.1493333333,
        "incomeTaxExpense": 14000000,
        "netIncome": 42000000,
        "netIncomeRatio": 0.112,
        "eps": 0.23,
        "epsdiluted": 0.23,
        "weightedAverageShsOut": 180400000,
        "weightedAverageShsOutDil": 182300000,
        "link": "https://www.sec.gov/Archives/edgar/data/816761/000119312508115499/0001193125-08-115499-index.htm",
        "finalLink": "https://www.sec.gov/Archives/edgar/data/816761/000119312508115499/d10q.htm"
    },
    {
        "date": "2007-12-31",
        "symbol": "TDC",
        "reportedCurrency": "USD",
        "cik": "0000816761",
        "fillingDate": "2008-03-03",
        "acceptedDate": "2008-03-03 17:26:31",
        "calendarYear": "2007",
        "period": "Q4",
        "revenue": 479000000,
        "costOfRevenue": 208000000,
        "grossProfit": 271000000,
        "grossProfitRatio": 0.5657620042,
        "researchAndDevelopmentExpenses": 34000000,
        "generalAndAdministrativeExpenses": 131000000,
        "sellingAndMarketingExpenses": 0,
        "sellingGeneralAndAdministrativeExpenses": 131000000,
        "otherExpenses": 0,
        "operatingExpenses": 165000000,
        "costAndExpenses": 373000000,
        "interestIncome": 0,
        "interestExpense": 0,
        "depreciationAndAmortization": 17000000,
        "ebitda": 123000000,
        "ebitdaratio": 0.2567849687,
        "operatingIncome": 106000000,
        "operatingIncomeRatio": 0.2212943633,
        "totalOtherIncomeExpensesNet": 2000000,
        "incomeBeforeTax": 108000000,
        "incomeBeforeTaxRatio": 0.2254697286,
        "incomeTaxExpense": 23000000,
        "netIncome": 85000000,
        "netIncomeRatio": 0.1774530271,
        "eps": 0.47,
        "epsdiluted": 0.47,
        "weightedAverageShsOut": 180400000,
        "weightedAverageShsOutDil": 182300000,
        "link": "https://www.sec.gov/Archives/edgar/data/816761/000119312508045270/0001193125-08-045270-index.htm",
        "finalLink": "https://www.sec.gov/Archives/edgar/data/816761/000119312508045270/d10k.htm"
    },
    {
        "date": "2007-09-30",
        "symbol": "TDC",
        "reportedCurrency": "USD",
        "cik": "0000816761",
        "fillingDate": "2007-11-13",
        "acceptedDate": "2007-11-13 10:32:51",
        "calendarYear": "2007",
        "period": "Q3",
        "revenue": 439000000,
        "costOfRevenue": 210000000,
        "grossProfit": 229000000,
        "grossProfitRatio": 0.5216400911,
        "researchAndDevelopmentExpenses": 35000000,
        "generalAndAdministrativeExpenses": 128000000,
        "sellingAndMarketingExpenses": 0,
        "sellingGeneralAndAdministrativeExpenses": 128000000,
        "otherExpenses": 0,
        "operatingExpenses": 163000000,
        "costAndExpenses": 373000000,
        "interestIncome": 0,
        "interestExpense": 0,
        "depreciationAndAmortization": 18000000,
        "ebitda": 66000000,
        "ebitdaratio": 0.1503416856,
        "operatingIncome": 66000000,
        "operatingIncomeRatio": 0.1503416856,
        "totalOtherIncomeExpensesNet": 0,
        "incomeBeforeTax": 66000000,
        "incomeBeforeTaxRatio": 0.1503416856,
        "incomeTaxExpense": 37000000,
        "netIncome": 29000000,
        "netIncomeRatio": 0.0660592255,
        "eps": 0.16,
        "epsdiluted": 0.16,
        "weightedAverageShsOut": 180700000,
        "weightedAverageShsOutDil": 180700000,
        "link": "https://www.sec.gov/Archives/edgar/data/816761/000119312507244369/0001193125-07-244369-index.htm",
        "finalLink": "https://www.sec.gov/Archives/edgar/data/816761/000119312507244369/d10q.htm"
    },
    {
        "date": "2007-06-30",
        "symbol": "TDC",
        "reportedCurrency": "USD",
        "cik": "0000816761",
        "fillingDate": "2007-06-30",
        "acceptedDate": "2007-06-29 20:00:00",
        "calendarYear": "2007",
        "period": "Q2",
        "revenue": 430000000,
        "costOfRevenue": 200000000,
        "grossProfit": 230000000,
        "grossProfitRatio": 0.5348837209,
        "researchAndDevelopmentExpenses": 30000000,
        "generalAndAdministrativeExpenses": 112000000,
        "sellingAndMarketingExpenses": 0,
        "sellingGeneralAndAdministrativeExpenses": 112000000,
        "otherExpenses": 0,
        "operatingExpenses": 142000000,
        "costAndExpenses": 342000000,
        "interestIncome": 0,
        "interestExpense": 0,
        "depreciationAndAmortization": 17000000,
        "ebitda": 105000000,
        "ebitdaratio": 0.2441860465,
        "operatingIncome": 88000000,
        "operatingIncomeRatio": 0.2046511628,
        "totalOtherIncomeExpensesNet": 0,
        "incomeBeforeTax": 88000000,
        "incomeBeforeTaxRatio": 0.2046511628,
        "incomeTaxExpense": 39000000,
        "netIncome": 49000000,
        "netIncomeRatio": 0.1139534884,
        "eps": 0.27,
        "epsdiluted": 0.27,
        "weightedAverageShsOut": 180700000,
        "weightedAverageShsOutDil": 180700000,
        "link": "",
        "finalLink": ""
    },
    {
        "date": "2007-03-31",
        "symbol": "TDC",
        "reportedCurrency": "USD",
        "cik": "0000816761",
        "fillingDate": "2007-03-31",
        "acceptedDate": "2007-03-30 20:00:00",
        "calendarYear": "2007",
        "period": "Q1",
        "revenue": 367000000,
        "costOfRevenue": 171000000,
        "grossProfit": 196000000,
        "grossProfitRatio": 0.5340599455,
        "researchAndDevelopmentExpenses": 27000000,
        "generalAndAdministrativeExpenses": 0,
        "sellingAndMarketingExpenses": 0,
        "sellingGeneralAndAdministrativeExpenses": 99000000,
        "otherExpenses": 0,
        "operatingExpenses": 126000000,
        "costAndExpenses": 297000000,
        "interestIncome": 0,
        "interestExpense": 0,
        "depreciationAndAmortization": 16000000,
        "ebitda": 86000000,
        "ebitdaratio": 0.2343324251,
        "operatingIncome": 70000000,
        "operatingIncomeRatio": 0.1907356948,
        "totalOtherIncomeExpensesNet": 0,
        "incomeBeforeTax": 70000000,
        "incomeBeforeTaxRatio": 0.1907356948,
        "incomeTaxExpense": 27000000,
        "netIncome": 43000000,
        "netIncomeRatio": 0.1171662125,
        "eps": 0.24,
        "epsdiluted": 0.24,
        "weightedAverageShsOut": 180700000,
        "weightedAverageShsOutDil": 180700000,
        "link": "",
        "finalLink": ""
    },
    {
        "date": "2006-12-31",
        "symbol": "TDC",
        "reportedCurrency": "USD",
        "cik": "0000816761",
        "fillingDate": "2006-12-31",
        "acceptedDate": "2006-12-30 19:00:00",
        "calendarYear": "2006",
        "period": "Q4",
        "revenue": 453000000,
        "costOfRevenue": 212000000,
        "grossProfit": 241000000,
        "grossProfitRatio": 0.53200883,
        "researchAndDevelopmentExpenses": 30000000,
        "generalAndAdministrativeExpenses": 0,
        "sellingAndMarketingExpenses": 0,
        "sellingGeneralAndAdministrativeExpenses": 115000000,
        "otherExpenses": 0,
        "operatingExpenses": 145000000,
        "costAndExpenses": 357000000,
        "interestIncome": 0,
        "interestExpense": 0,
        "depreciationAndAmortization": 14000000,
        "ebitda": 110000000,
        "ebitdaratio": 0.2428256071,
        "operatingIncome": 96000000,
        "operatingIncomeRatio": 0.2119205298,
        "totalOtherIncomeExpensesNet": 0,
        "incomeBeforeTax": 96000000,
        "incomeBeforeTaxRatio": 0.2119205298,
        "incomeTaxExpense": 34000000,
        "netIncome": 62000000,
        "netIncomeRatio": 0.1368653422,
        "eps": 0.34,
        "epsdiluted": 0.34,
        "weightedAverageShsOut": 180700000,
        "weightedAverageShsOutDil": 180700000,
        "link": "",
        "finalLink": ""
    },
    {
        "date": "2006-09-30",
        "symbol": "TDC",
        "reportedCurrency": "USD",
        "cik": "0000816761",
        "fillingDate": "2006-09-30",
        "acceptedDate": "2006-09-29 20:00:00",
        "calendarYear": "2006",
        "period": "Q3",
        "revenue": 375000000,
        "costOfRevenue": 176000000,
        "grossProfit": 199000000,
        "grossProfitRatio": 0.5306666667,
        "researchAndDevelopmentExpenses": 27000000,
        "generalAndAdministrativeExpenses": 0,
        "sellingAndMarketingExpenses": 0,
        "sellingGeneralAndAdministrativeExpenses": 104000000,
        "otherExpenses": 0,
        "operatingExpenses": 131000000,
        "costAndExpenses": 307000000,
        "interestIncome": 0,
        "interestExpense": 0,
        "depreciationAndAmortization": 0,
        "ebitda": 68000000,
        "ebitdaratio": 0.1813333333,
        "operatingIncome": 68000000,
        "operatingIncomeRatio": 0.1813333333,
        "totalOtherIncomeExpensesNet": 0,
        "incomeBeforeTax": 68000000,
        "incomeBeforeTaxRatio": 0.1813333333,
        "incomeTaxExpense": 25000000,
        "netIncome": 43000000,
        "netIncomeRatio": 0.1146666667,
        "eps": 0.24,
        "epsdiluted": 0.24,
        "weightedAverageShsOut": 180700000,
        "weightedAverageShsOutDil": 180700000,
        "link": "",
        "finalLink": ""
    }
]