[
    {
        "date": "2025-06-30",
        "symbol": "TE",
        "reportedCurrency": "USD",
        "cik": "0001844224",
        "fillingDate": "2025-08-19",
        "acceptedDate": "2025-08-19 16:15:09",
        "calendarYear": "2025",
        "period": "Q2",
        "revenue": 66465000,
        "costOfRevenue": 33704000,
        "grossProfit": 32761000,
        "grossProfitRatio": 0.4929060408,
        "researchAndDevelopmentExpenses": 0,
        "generalAndAdministrativeExpenses": 0,
        "sellingAndMarketingExpenses": 0,
        "sellingGeneralAndAdministrativeExpenses": 61972000,
        "otherExpenses": 0,
        "operatingExpenses": 61972000,
        "costAndExpenses": 95676000,
        "interestIncome": 0,
        "interestExpense": 8045000,
        "depreciationAndAmortization": 28920000,
        "ebitda": -861999,
        "ebitdaratio": -0.0129692169,
        "operatingIncome": -29211000,
        "operatingIncomeRatio": -0.4394944708,
        "totalOtherIncomeExpensesNet": -8616000,
        "incomeBeforeTax": -37827000,
        "incomeBeforeTaxRatio": -0.569126608,
        "incomeTaxExpense": -5027000,
        "netIncome": -32800000,
        "netIncomeRatio": -0.4934928158,
        "eps": -0.21,
        "epsdiluted": -0.21,
        "weightedAverageShsOut": 155938000,
        "weightedAverageShsOutDil": 155938000,
        "link": "https://www.sec.gov/Archives/edgar/data/1992243/000199224325000033/0001992243-25-000033-index.htm",
        "finalLink": "https://www.sec.gov/Archives/edgar/data/1992243/000199224325000033/t1-20250630.htm"
    },
    {
        "date": "2025-03-31",
        "symbol": "TE",
        "reportedCurrency": "USD",
        "cik": "0001844224",
        "fillingDate": "2025-05-15",
        "acceptedDate": "2025-05-15 16:56:51",
        "calendarYear": "2025",
        "period": "Q1",
        "revenue": 64647000,
        "costOfRevenue": 35671000,
        "grossProfit": 28976000,
        "grossProfitRatio": 0.4482187882,
        "researchAndDevelopmentExpenses": 0,
        "generalAndAdministrativeExpenses": 0,
        "sellingAndMarketingExpenses": 0,
        "sellingGeneralAndAdministrativeExpenses": 52587000,
        "otherExpenses": 0,
        "operatingExpenses": 52587000,
        "costAndExpenses": 88258000,
        "interestIncome": 0,
        "interestExpense": 9853000,
        "depreciationAndAmortization": 14678000,
        "ebitda": -8933000,
        "ebitdaratio": -0.1381811994,
        "operatingIncome": -23611000,
        "operatingIncomeRatio": -0.3652296317,
        "totalOtherIncomeExpensesNet": 16963000,
        "incomeBeforeTax": -6648000,
        "incomeBeforeTaxRatio": -0.1028353984,
        "incomeTaxExpense": -2513000,
        "netIncome": -16239000,
        "netIncomeRatio": -0.251194951,
        "eps": -0.11,
        "epsdiluted": -0.11,
        "weightedAverageShsOut": 155933000,
        "weightedAverageShsOutDil": 155933000,
        "link": "https://www.sec.gov/Archives/edgar/data/1992243/000199224325000021/0001992243-25-000021-index.htm",
        "finalLink": "https://www.sec.gov/Archives/edgar/data/1992243/000199224325000021/t1-20250331.htm"
    },
    {
        "date": "2024-12-31",
        "symbol": "TE",
        "reportedCurrency": "USD",
        "cik": "0001844224",
        "fillingDate": "2025-03-31",
        "acceptedDate": "2025-03-31 16:59:28",
        "calendarYear": "2024",
        "period": "Q4",
        "revenue": 2942000,
        "costOfRevenue": 1714000,
        "grossProfit": -2905000,
        "grossProfitRatio": -0.9874235214,
        "researchAndDevelopmentExpenses": 30854000,
        "generalAndAdministrativeExpenses": 14105000,
        "sellingAndMarketingExpenses": 0,
        "sellingGeneralAndAdministrativeExpenses": 14105000,
        "otherExpenses": -29944000,
        "operatingExpenses": 15015000,
        "costAndExpenses": 16729000,
        "interestIncome": -234000,
        "interestExpense": 0,
        "depreciationAndAmortization": 3427000,
        "ebitda": 21404000,
        "ebitdaratio": 7.2753229096,
        "operatingIncome": -30155000,
        "operatingIncomeRatio": -10.2498300476,
        "totalOtherIncomeExpensesNet": -16402000,
        "incomeBeforeTax": -46557000,
        "incomeBeforeTaxRatio": -15.8249490143,
        "incomeTaxExpense": -15771000,
        "netIncome": -367147000,
        "netIncomeRatio": -124.7950373895,
        "eps": -2.59,
        "epsdiluted": -2.59,
        "weightedAverageShsOut": 141848000,
        "weightedAverageShsOutDil": 141848000,
        "link": "https://www.sec.gov/Archives/edgar/data/1992243/000199224325000010/0001992243-25-000010-index.htm",
        "finalLink": "https://www.sec.gov/Archives/edgar/data/1992243/000199224325000010/frey-20241231.htm"
    },
    {
        "date": "2024-09-30",
        "symbol": "TE",
        "reportedCurrency": "USD",
        "cik": "0001844224",
        "fillingDate": "2024-11-12",
        "acceptedDate": "2024-11-12 16:36:07",
        "calendarYear": "2024",
        "period": "Q3",
        "revenue": 0,
        "costOfRevenue": 3000000,
        "grossProfit": -3000000,
        "grossProfitRatio": 0,
        "researchAndDevelopmentExpenses": 8616000,
        "generalAndAdministrativeExpenses": 18515000,
        "sellingAndMarketingExpenses": 0,
        "sellingGeneralAndAdministrativeExpenses": 18515000,
        "otherExpenses": 4657000,
        "operatingExpenses": 31788000,
        "costAndExpenses": 31788000,
        "interestIncome": 1074000,
        "interestExpense": 0,
        "depreciationAndAmortization": 2450000,
        "ebitda": -24681000,
        "ebitdaratio": 0,
        "operatingIncome": -31788000,
        "operatingIncomeRatio": 0,
        "totalOtherIncomeExpensesNet": 4232000,
        "incomeBeforeTax": -27556000,
        "incomeBeforeTaxRatio": 0,
        "incomeTaxExpense": 0,
        "netIncome": -27475000,
        "netIncomeRatio": 0,
        "eps": -0.2,
        "epsdiluted": -0.2,
        "weightedAverageShsOut": 140490000,
        "weightedAverageShsOutDil": 140490000,
        "link": "https://www.sec.gov/Archives/edgar/data/1992243/000199224324000157/0001992243-24-000157-index.htm",
        "finalLink": "https://www.sec.gov/Archives/edgar/data/1992243/000199224324000157/frey-20240930.htm"
    },
    {
        "date": "2024-06-30",
        "symbol": "TE",
        "reportedCurrency": "USD",
        "cik": "0001844224",
        "fillingDate": "2024-08-09",
        "acceptedDate": "2024-08-09 20:25:25",
        "calendarYear": "2024",
        "period": "Q2",
        "revenue": 0,
        "costOfRevenue": 200000,
        "grossProfit": -200000,
        "grossProfitRatio": 0,
        "researchAndDevelopmentExpenses": 10493000,
        "generalAndAdministrativeExpenses": 20107000,
        "sellingAndMarketingExpenses": 0,
        "sellingGeneralAndAdministrativeExpenses": 20107000,
        "otherExpenses": -16916000,
        "operatingExpenses": 13684000,
        "costAndExpenses": 13684000,
        "interestIncome": 1148000,
        "interestExpense": 0,
        "depreciationAndAmortization": 2367000,
        "ebitda": -28233000,
        "ebitdaratio": 0,
        "operatingIncome": -13684000,
        "operatingIncomeRatio": 0,
        "totalOtherIncomeExpensesNet": 3348000,
        "incomeBeforeTax": -10336000,
        "incomeBeforeTaxRatio": 0,
        "incomeTaxExpense": 11000,
        "netIncome": -26987000,
        "netIncomeRatio": 0,
        "eps": -0.19,
        "epsdiluted": -0.19,
        "weightedAverageShsOut": 140107000,
        "weightedAverageShsOutDil": 140107000,
        "link": "https://www.sec.gov/Archives/edgar/data/1992243/000199224324000127/0001992243-24-000127-index.htm",
        "finalLink": "https://www.sec.gov/Archives/edgar/data/1992243/000199224324000127/frey-20240630.htm"
    },
    {
        "date": "2024-03-31",
        "symbol": "TE",
        "reportedCurrency": "USD",
        "cik": "0001844224",
        "fillingDate": "2024-05-08",
        "acceptedDate": "2024-05-08 20:42:51",
        "calendarYear": "2024",
        "period": "Q1",
        "revenue": 0,
        "costOfRevenue": 2488000,
        "grossProfit": -2488000,
        "grossProfitRatio": 0,
        "researchAndDevelopmentExpenses": 11745000,
        "generalAndAdministrativeExpenses": 22901000,
        "sellingAndMarketingExpenses": -2211000,
        "sellingGeneralAndAdministrativeExpenses": 20690000,
        "otherExpenses": -17431000,
        "operatingExpenses": 15004000,
        "costAndExpenses": 15004000,
        "interestIncome": 1405000,
        "interestExpense": 0,
        "depreciationAndAmortization": 2211000,
        "ebitda": -12793000,
        "ebitdaratio": 0,
        "operatingIncome": -15004000,
        "operatingIncomeRatio": 0,
        "totalOtherIncomeExpensesNet": 3699000,
        "incomeBeforeTax": -11305000,
        "incomeBeforeTaxRatio": 0,
        "incomeTaxExpense": 0,
        "netIncome": -28543000,
        "netIncomeRatio": 0,
        "eps": -0.2,
        "epsdiluted": -0.2,
        "weightedAverageShsOut": 139705000,
        "weightedAverageShsOutDil": 139705000,
        "link": "https://www.sec.gov/Archives/edgar/data/1992243/000199224324000100/0001992243-24-000100-index.htm",
        "finalLink": "https://www.sec.gov/Archives/edgar/data/1992243/000199224324000100/frey-20240331.htm"
    },
    {
        "date": "2023-12-31",
        "symbol": "TE",
        "reportedCurrency": "USD",
        "cik": "0001844224",
        "fillingDate": "2024-02-29",
        "acceptedDate": "2024-02-29 21:06:07",
        "calendarYear": "2023",
        "period": "Q4",
        "revenue": 0,
        "costOfRevenue": 1768000,
        "grossProfit": -1768000,
        "grossProfitRatio": 0,
        "researchAndDevelopmentExpenses": 10162000,
        "generalAndAdministrativeExpenses": 22728000,
        "sellingAndMarketingExpenses": 0,
        "sellingGeneralAndAdministrativeExpenses": 22728000,
        "otherExpenses": -1768000,
        "operatingExpenses": 31122000,
        "costAndExpenses": -38381000,
        "interestIncome": 3907000,
        "interestExpense": 0,
        "depreciationAndAmortization": 1422000,
        "ebitda": 39595000,
        "ebitdaratio": 0,
        "operatingIncome": 38381000,
        "operatingIncomeRatio": 0,
        "totalOtherIncomeExpensesNet": -8617000,
        "incomeBeforeTax": 29764000,
        "incomeBeforeTaxRatio": 0,
        "incomeTaxExpense": 102000,
        "netIncome": -24152000,
        "netIncomeRatio": 0,
        "eps": -0.17,
        "epsdiluted": -0.17,
        "weightedAverageShsOut": 139705000,
        "weightedAverageShsOutDil": 139705000,
        "link": "https://www.sec.gov/Archives/edgar/data/1992243/000199224324000066/0001992243-24-000066-index.htm",
        "finalLink": "https://www.sec.gov/Archives/edgar/data/1992243/000199224324000066/frey-20231231.htm"
    },
    {
        "date": "2023-09-30",
        "symbol": "TE",
        "reportedCurrency": "USD",
        "cik": "0001844224",
        "fillingDate": "2023-11-09",
        "acceptedDate": "2023-11-09 16:14:20",
        "calendarYear": "2023",
        "period": "Q3",
        "revenue": 0,
        "costOfRevenue": 2195000,
        "grossProfit": -2195000,
        "grossProfitRatio": 0,
        "researchAndDevelopmentExpenses": 7086000,
        "generalAndAdministrativeExpenses": 27772000,
        "sellingAndMarketingExpenses": 0,
        "sellingGeneralAndAdministrativeExpenses": 27772000,
        "otherExpenses": 0,
        "operatingExpenses": 34858000,
        "costAndExpenses": 34858000,
        "interestIncome": 1284000,
        "interestExpense": 0,
        "depreciationAndAmortization": 1190000,
        "ebitda": -33668000,
        "ebitdaratio": 0,
        "operatingIncome": -35011000,
        "operatingIncomeRatio": 0,
        "totalOtherIncomeExpensesNet": 25007000,
        "incomeBeforeTax": -10004000,
        "incomeBeforeTaxRatio": 0,
        "incomeTaxExpense": 0,
        "netIncome": -9785000,
        "netIncomeRatio": 0,
        "eps": -0.07,
        "epsdiluted": -0.07,
        "weightedAverageShsOut": 139705000,
        "weightedAverageShsOutDil": 139705000,
        "link": "https://www.sec.gov/Archives/edgar/data/1844224/000184422423000067/0001844224-23-000067-index.htm",
        "finalLink": "https://www.sec.gov/Archives/edgar/data/1844224/000184422423000067/frey-20230930.htm"
    },
    {
        "date": "2023-06-30",
        "symbol": "TE",
        "reportedCurrency": "USD",
        "cik": "0001844224",
        "fillingDate": "2023-08-10",
        "acceptedDate": "2023-08-10 16:12:51",
        "calendarYear": "2023",
        "period": "Q2",
        "revenue": 0,
        "costOfRevenue": 524000,
        "grossProfit": -524000,
        "grossProfitRatio": 0,
        "researchAndDevelopmentExpenses": 6365000,
        "generalAndAdministrativeExpenses": 27631000,
        "sellingAndMarketingExpenses": 0,
        "sellingGeneralAndAdministrativeExpenses": 27631000,
        "otherExpenses": 1851000,
        "operatingExpenses": 33996000,
        "costAndExpenses": 33996000,
        "interestIncome": 1755000,
        "interestExpense": 0,
        "depreciationAndAmortization": 524000,
        "ebitda": -33472000,
        "ebitdaratio": 0,
        "operatingIncome": -34026000,
        "operatingIncomeRatio": 0,
        "totalOtherIncomeExpensesNet": 8761000,
        "incomeBeforeTax": -25265000,
        "incomeBeforeTaxRatio": 0,
        "incomeTaxExpense": 138000,
        "netIncome": -25282000,
        "netIncomeRatio": 0,
        "eps": -0.18,
        "epsdiluted": -0.18,
        "weightedAverageShsOut": 139705000,
        "weightedAverageShsOutDil": 139705000,
        "link": "https://www.sec.gov/Archives/edgar/data/1844224/000184422423000048/0001844224-23-000048-index.htm",
        "finalLink": "https://www.sec.gov/Archives/edgar/data/1844224/000184422423000048/frey-20230630.htm"
    },
    {
        "date": "2023-03-31",
        "symbol": "TE",
        "reportedCurrency": "USD",
        "cik": "0001844224",
        "fillingDate": "2023-05-15",
        "acceptedDate": "2023-05-15 16:05:58",
        "calendarYear": "2023",
        "period": "Q1",
        "revenue": 0,
        "costOfRevenue": 208000,
        "grossProfit": -208000,
        "grossProfitRatio": 0,
        "researchAndDevelopmentExpenses": 4844000,
        "generalAndAdministrativeExpenses": 30002000,
        "sellingAndMarketingExpenses": 0,
        "sellingGeneralAndAdministrativeExpenses": 30002000,
        "otherExpenses": 0,
        "operatingExpenses": 34846000,
        "costAndExpenses": 34846000,
        "interestIncome": 3003000,
        "interestExpense": 0,
        "depreciationAndAmortization": 208000,
        "ebitda": -34638000,
        "ebitdaratio": 0,
        "operatingIncome": -34871000,
        "operatingIncomeRatio": 0,
        "totalOtherIncomeExpensesNet": 22171000,
        "incomeBeforeTax": -12700000,
        "incomeBeforeTaxRatio": 0,
        "incomeTaxExpense": 203000,
        "netIncome": -12903000,
        "netIncomeRatio": 0,
        "eps": -0.0924,
        "epsdiluted": -0.0924,
        "weightedAverageShsOut": 139705000,
        "weightedAverageShsOutDil": 139705000,
        "link": "https://www.sec.gov/Archives/edgar/data/1844224/000184422423000020/0001844224-23-000020-index.htm",
        "finalLink": "https://www.sec.gov/Archives/edgar/data/1844224/000184422423000020/frey-20230331.htm"
    },
    {
        "date": "2022-12-31",
        "symbol": "TE",
        "reportedCurrency": "USD",
        "cik": "0001844224",
        "fillingDate": "2023-02-27",
        "acceptedDate": "2023-02-27 16:32:11",
        "calendarYear": "2022",
        "period": "Q4",
        "revenue": 0,
        "costOfRevenue": 180000,
        "grossProfit": -180000,
        "grossProfitRatio": 0,
        "researchAndDevelopmentExpenses": 4380000,
        "generalAndAdministrativeExpenses": 29469000,
        "sellingAndMarketingExpenses": 0,
        "sellingGeneralAndAdministrativeExpenses": 29469000,
        "otherExpenses": 0,
        "operatingExpenses": 33849000,
        "costAndExpenses": 33849000,
        "interestIncome": 1648000,
        "interestExpense": 1691000,
        "depreciationAndAmortization": 180000,
        "ebitda": -33669000,
        "ebitdaratio": 0,
        "operatingIncome": -34275000,
        "operatingIncomeRatio": 0,
        "totalOtherIncomeExpensesNet": 59242000,
        "incomeBeforeTax": 24967000,
        "incomeBeforeTaxRatio": 0,
        "incomeTaxExpense": -59144000,
        "netIncome": 84111000,
        "netIncomeRatio": 0,
        "eps": 0.68,
        "epsdiluted": 0.66,
        "weightedAverageShsOut": 123455000,
        "weightedAverageShsOutDil": 127889000,
        "link": "https://www.sec.gov/Archives/edgar/data/1844224/000184422423000010/0001844224-23-000010-index.htm",
        "finalLink": "https://www.sec.gov/Archives/edgar/data/1844224/000184422423000010/frey-20221231.htm"
    },
    {
        "date": "2022-09-30",
        "symbol": "TE",
        "reportedCurrency": "USD",
        "cik": "0001844224",
        "fillingDate": "2022-11-14",
        "acceptedDate": "2022-11-14 16:14:07",
        "calendarYear": "2022",
        "period": "Q3",
        "revenue": 0,
        "costOfRevenue": 112000,
        "grossProfit": -112000,
        "grossProfitRatio": 0,
        "researchAndDevelopmentExpenses": 3253000,
        "generalAndAdministrativeExpenses": 25124000,
        "sellingAndMarketingExpenses": 0,
        "sellingGeneralAndAdministrativeExpenses": 25124000,
        "otherExpenses": 0,
        "operatingExpenses": 28377000,
        "costAndExpenses": 28377000,
        "interestIncome": 71000,
        "interestExpense": 11000,
        "depreciationAndAmortization": 112000,
        "ebitda": -28265000,
        "ebitdaratio": 0,
        "operatingIncome": -29045000,
        "operatingIncomeRatio": 0,
        "totalOtherIncomeExpensesNet": -64805000,
        "incomeBeforeTax": -93850000,
        "incomeBeforeTaxRatio": 0,
        "incomeTaxExpense": 64805000,
        "netIncome": -158655000,
        "netIncomeRatio": 0,
        "eps": -1.36,
        "epsdiluted": -1.36,
        "weightedAverageShsOut": 116704000,
        "weightedAverageShsOutDil": 116704000,
        "link": "https://www.sec.gov/Archives/edgar/data/1844224/000184422422000016/0001844224-22-000016-index.htm",
        "finalLink": "https://www.sec.gov/Archives/edgar/data/1844224/000184422422000016/frey-20220930.htm"
    },
    {
        "date": "2022-06-30",
        "symbol": "TE",
        "reportedCurrency": "USD",
        "cik": "0001844224",
        "fillingDate": "2022-08-08",
        "acceptedDate": "2022-08-08 16:22:37",
        "calendarYear": "2022",
        "period": "Q2",
        "revenue": 0,
        "costOfRevenue": 94000,
        "grossProfit": -94000,
        "grossProfitRatio": 0,
        "researchAndDevelopmentExpenses": 3082000,
        "generalAndAdministrativeExpenses": 28150000,
        "sellingAndMarketingExpenses": 0,
        "sellingGeneralAndAdministrativeExpenses": 28150000,
        "otherExpenses": 0,
        "operatingExpenses": 31232000,
        "costAndExpenses": 31232000,
        "interestIncome": 26000,
        "interestExpense": 12000,
        "depreciationAndAmortization": 94000,
        "ebitda": -31138000,
        "ebitdaratio": 0,
        "operatingIncome": -31528000,
        "operatingIncomeRatio": 0,
        "totalOtherIncomeExpensesNet": 36199000,
        "incomeBeforeTax": 4671000,
        "incomeBeforeTaxRatio": 0,
        "incomeTaxExpense": -36199000,
        "netIncome": 40870000,
        "netIncomeRatio": 0,
        "eps": 0.35,
        "epsdiluted": 0.34,
        "weightedAverageShsOut": 116830000,
        "weightedAverageShsOutDil": 119250000,
        "link": "https://www.sec.gov/Archives/edgar/data/1844224/000121390022045436/0001213900-22-045436-index.htm",
        "finalLink": "https://www.sec.gov/Archives/edgar/data/1844224/000121390022045436/f10q0622_freyrbattery.htm"
    },
    {
        "date": "2022-03-31",
        "symbol": "TE",
        "reportedCurrency": "USD",
        "cik": "0001844224",
        "fillingDate": "2022-05-11",
        "acceptedDate": "2022-05-11 16:15:57",
        "calendarYear": "2022",
        "period": "Q1",
        "revenue": 0,
        "costOfRevenue": 92000,
        "grossProfit": -92000,
        "grossProfitRatio": 0,
        "researchAndDevelopmentExpenses": 2859000,
        "generalAndAdministrativeExpenses": 24614000,
        "sellingAndMarketingExpenses": 0,
        "sellingGeneralAndAdministrativeExpenses": 24614000,
        "otherExpenses": 0,
        "operatingExpenses": 27473000,
        "costAndExpenses": 27473000,
        "interestIncome": 35000,
        "interestExpense": 20000,
        "depreciationAndAmortization": 92000,
        "ebitda": -27381000,
        "ebitdaratio": 0,
        "operatingIncome": -27640000,
        "operatingIncomeRatio": 0,
        "totalOtherIncomeExpensesNet": -7267000,
        "incomeBeforeTax": -34907000,
        "incomeBeforeTaxRatio": 0,
        "incomeTaxExpense": 7267000,
        "netIncome": -42174000,
        "netIncomeRatio": 0,
        "eps": -0.36,
        "epsdiluted": -0.36,
        "weightedAverageShsOut": 116853504,
        "weightedAverageShsOutDil": 116853504,
        "link": "https://www.sec.gov/Archives/edgar/data/1844224/000121390022025591/0001213900-22-025591-index.htm",
        "finalLink": "https://www.sec.gov/Archives/edgar/data/1844224/000121390022025591/f10q0322_freyrbattery.htm"
    },
    {
        "date": "2021-12-31",
        "symbol": "TE",
        "reportedCurrency": "USD",
        "cik": "0001844224",
        "fillingDate": "2022-03-09",
        "acceptedDate": "2022-03-09 16:37:43",
        "calendarYear": "2021",
        "period": "Q4",
        "revenue": 0,
        "costOfRevenue": 66000,
        "grossProfit": -66000,
        "grossProfitRatio": 0,
        "researchAndDevelopmentExpenses": 2607000,
        "generalAndAdministrativeExpenses": 15444000,
        "sellingAndMarketingExpenses": 0,
        "sellingGeneralAndAdministrativeExpenses": 15444000,
        "otherExpenses": 74000,
        "operatingExpenses": 18117000,
        "costAndExpenses": 18117000,
        "interestIncome": 258000,
        "interestExpense": 2000,
        "depreciationAndAmortization": 66000,
        "ebitda": -27969000,
        "ebitdaratio": 0,
        "operatingIncome": -18179000,
        "operatingIncomeRatio": 0,
        "totalOtherIncomeExpensesNet": -9857000,
        "incomeBeforeTax": -28037000,
        "incomeBeforeTaxRatio": 0,
        "incomeTaxExpense": 10188000,
        "netIncome": -28037000,
        "netIncomeRatio": 0,
        "eps": -0.24,
        "epsdiluted": -0.24,
        "weightedAverageShsOut": 116597430,
        "weightedAverageShsOutDil": 116597430,
        "link": "https://www.sec.gov/Archives/edgar/data/1844224/000121390022011331/0001213900-22-011331-index.htm",
        "finalLink": "https://www.sec.gov/Archives/edgar/data/1844224/000121390022011331/f10k2021_freyrbattery.htm"
    },
    {
        "date": "2021-09-30",
        "symbol": "TE",
        "reportedCurrency": "USD",
        "cik": "0001844224",
        "fillingDate": "2021-11-15",
        "acceptedDate": "2021-11-15 16:11:06",
        "calendarYear": "2021",
        "period": "Q3",
        "revenue": 0,
        "costOfRevenue": 30000,
        "grossProfit": -30000,
        "grossProfitRatio": 0,
        "researchAndDevelopmentExpenses": 5257000,
        "generalAndAdministrativeExpenses": 30027000,
        "sellingAndMarketingExpenses": 0,
        "sellingGeneralAndAdministrativeExpenses": 30027000,
        "otherExpenses": 3000,
        "operatingExpenses": 35314000,
        "costAndExpenses": 35314000,
        "interestIncome": 51000,
        "interestExpense": 1000,
        "depreciationAndAmortization": 30000,
        "ebitda": -45388000,
        "ebitdaratio": 0,
        "operatingIncome": -35314000,
        "operatingIncomeRatio": 0,
        "totalOtherIncomeExpensesNet": -10105000,
        "incomeBeforeTax": -45419000,
        "incomeBeforeTaxRatio": 0,
        "incomeTaxExpense": 0,
        "netIncome": -45419000,
        "netIncomeRatio": 0,
        "eps": -0.42,
        "epsdiluted": -0.42,
        "weightedAverageShsOut": 108713000,
        "weightedAverageShsOutDil": 108713000,
        "link": "https://www.sec.gov/Archives/edgar/data/1844224/000121390021059356/0001213900-21-059356-index.htm",
        "finalLink": "https://www.sec.gov/Archives/edgar/data/1844224/000121390021059356/f10q0921_freyrbattery.htm"
    },
    {
        "date": "2021-06-30",
        "symbol": "TE",
        "reportedCurrency": "USD",
        "cik": "0001844224",
        "fillingDate": "2021-08-12",
        "acceptedDate": "2021-08-12 17:16:04",
        "calendarYear": "2021",
        "period": "Q2",
        "revenue": 0,
        "costOfRevenue": 3155000,
        "grossProfit": -3155000,
        "grossProfitRatio": 0,
        "researchAndDevelopmentExpenses": 3045000,
        "generalAndAdministrativeExpenses": 7176000,
        "sellingAndMarketingExpenses": 0,
        "sellingGeneralAndAdministrativeExpenses": 7176000,
        "otherExpenses": 2391000,
        "operatingExpenses": 10221000,
        "costAndExpenses": 10221000,
        "interestIncome": 2000,
        "interestExpense": 0,
        "depreciationAndAmortization": 14000,
        "ebitda": -8022000,
        "ebitdaratio": 0,
        "operatingIncome": -10221000,
        "operatingIncomeRatio": 0,
        "totalOtherIncomeExpensesNet": 2185000,
        "incomeBeforeTax": -8036000,
        "incomeBeforeTaxRatio": 0,
        "incomeTaxExpense": 0,
        "netIncome": -8036000,
        "netIncomeRatio": 0,
        "eps": -0.069,
        "epsdiluted": -0.069,
        "weightedAverageShsOut": 116440191,
        "weightedAverageShsOutDil": 116440191,
        "link": "https://www.sec.gov/Archives/edgar/data/1844224/000110465921104260/0001104659-21-104260-index.htm",
        "finalLink": "https://www.sec.gov/Archives/edgar/data/1844224/000110465921104260/frey-20210630x10q.htm"
    },
    {
        "date": "2021-03-31",
        "symbol": "TE",
        "reportedCurrency": "USD",
        "cik": "0001844224",
        "fillingDate": "2021-03-31",
        "acceptedDate": "2021-03-31 00:00:00",
        "calendarYear": "2021",
        "period": "Q1",
        "revenue": 0,
        "costOfRevenue": 0,
        "grossProfit": 0,
        "grossProfitRatio": 0,
        "researchAndDevelopmentExpenses": 2907000,
        "generalAndAdministrativeExpenses": 9012000,
        "sellingAndMarketingExpenses": 0,
        "sellingGeneralAndAdministrativeExpenses": 9012000,
        "otherExpenses": 6000,
        "operatingExpenses": 11919000,
        "costAndExpenses": 11919000,
        "interestIncome": 6000,
        "interestExpense": 0,
        "depreciationAndAmortization": 10000,
        "ebitda": -11909000,
        "ebitdaratio": 0,
        "operatingIncome": -11919000,
        "operatingIncomeRatio": 0,
        "totalOtherIncomeExpensesNet": 32000,
        "incomeBeforeTax": -11887000,
        "incomeBeforeTaxRatio": 0,
        "incomeTaxExpense": -32000,
        "netIncome": -11887000,
        "netIncomeRatio": 0,
        "eps": -0.1,
        "epsdiluted": -0.1,
        "weightedAverageShsOut": 116440191,
        "weightedAverageShsOutDil": 116440191,
        "link": "",
        "finalLink": ""
    },
    {
        "date": "2020-12-31",
        "symbol": "TE",
        "reportedCurrency": "USD",
        "cik": "0001844224",
        "fillingDate": "2020-12-31",
        "acceptedDate": "2020-12-31 00:00:00",
        "calendarYear": "2020",
        "period": "Q4",
        "revenue": 0,
        "costOfRevenue": 0,
        "grossProfit": 0,
        "grossProfitRatio": 0,
        "researchAndDevelopmentExpenses": 1494000,
        "generalAndAdministrativeExpenses": 3590000,
        "sellingAndMarketingExpenses": 0,
        "sellingGeneralAndAdministrativeExpenses": 3590000,
        "otherExpenses": 0,
        "operatingExpenses": 5089000,
        "costAndExpenses": 5089000,
        "interestIncome": 20000,
        "interestExpense": 0,
        "depreciationAndAmortization": 5000,
        "ebitda": -5084000,
        "ebitdaratio": 0,
        "operatingIncome": -5089000,
        "operatingIncomeRatio": 0,
        "totalOtherIncomeExpensesNet": -132000,
        "incomeBeforeTax": -5221000,
        "incomeBeforeTaxRatio": 0,
        "incomeTaxExpense": 0,
        "netIncome": -5221000,
        "netIncomeRatio": 0,
        "eps": -0.0448,
        "epsdiluted": -0.0448,
        "weightedAverageShsOut": 116440191,
        "weightedAverageShsOutDil": 116440191,
        "link": null,
        "finalLink": null
    },
    {
        "date": "2020-09-30",
        "symbol": "TE",
        "reportedCurrency": "USD",
        "cik": "0001844224",
        "fillingDate": "2020-09-30",
        "acceptedDate": "2020-09-30 00:00:00",
        "calendarYear": "2020",
        "period": "Q3",
        "revenue": 0,
        "costOfRevenue": 0,
        "grossProfit": 0,
        "grossProfitRatio": 0,
        "researchAndDevelopmentExpenses": 283000,
        "generalAndAdministrativeExpenses": 1666000,
        "sellingAndMarketingExpenses": 0,
        "sellingGeneralAndAdministrativeExpenses": 1666000,
        "otherExpenses": 6000,
        "operatingExpenses": 1953000,
        "costAndExpenses": 1953000,
        "interestIncome": 0,
        "interestExpense": 11000,
        "depreciationAndAmortization": 4000,
        "ebitda": -1949000,
        "ebitdaratio": 0,
        "operatingIncome": -1953000,
        "operatingIncomeRatio": 0,
        "totalOtherIncomeExpensesNet": -516000,
        "incomeBeforeTax": -2469000,
        "incomeBeforeTaxRatio": 0,
        "incomeTaxExpense": 0,
        "netIncome": -2469000,
        "netIncomeRatio": 0,
        "eps": -0.0212,
        "epsdiluted": -0.0212,
        "weightedAverageShsOut": 116440191,
        "weightedAverageShsOutDil": 116440191,
        "link": "",
        "finalLink": ""
    },
    {
        "date": "2020-06-30",
        "symbol": "TE",
        "reportedCurrency": "USD",
        "cik": "0001844224",
        "fillingDate": "2021-08-12",
        "acceptedDate": "2021-08-12 07:32:23",
        "calendarYear": "2020",
        "period": "Q2",
        "revenue": 541000,
        "costOfRevenue": 0,
        "grossProfit": 541000,
        "grossProfitRatio": 1,
        "researchAndDevelopmentExpenses": 43000,
        "generalAndAdministrativeExpenses": 413000,
        "sellingAndMarketingExpenses": 0,
        "sellingGeneralAndAdministrativeExpenses": 413000,
        "otherExpenses": 544000,
        "operatingExpenses": 1000000,
        "costAndExpenses": 1000000,
        "interestIncome": 0,
        "interestExpense": 34000,
        "depreciationAndAmortization": 3000,
        "ebitda": -997000,
        "ebitdaratio": -1.842883549,
        "operatingIncome": -1000000,
        "operatingIncomeRatio": -1.8484288355,
        "totalOtherIncomeExpensesNet": -20000,
        "incomeBeforeTax": -1020000,
        "incomeBeforeTaxRatio": -1.8853974122,
        "incomeTaxExpense": -3000,
        "netIncome": -1020000,
        "netIncomeRatio": -1.8853974122,
        "eps": -0.0084,
        "epsdiluted": -0.0084,
        "weightedAverageShsOut": 120945000,
        "weightedAverageShsOutDil": 120945000,
        "link": "https://www.sec.gov/Archives/edgar/data/1844224/000110465921103753/0001104659-21-103753-index.htm",
        "finalLink": "https://www.sec.gov/Archives/edgar/data/1844224/000110465921103753/tm2123413d2_ex99-1.htm"
    },
    {
        "date": "2020-03-31",
        "symbol": "TE",
        "reportedCurrency": "USD",
        "cik": "0001844224",
        "fillingDate": "2020-03-31",
        "acceptedDate": "2020-03-30 20:00:00",
        "calendarYear": "2020",
        "period": "Q1",
        "revenue": 0,
        "costOfRevenue": 0,
        "grossProfit": 0,
        "grossProfitRatio": 0,
        "researchAndDevelopmentExpenses": 45000,
        "generalAndAdministrativeExpenses": 593000,
        "sellingAndMarketingExpenses": 0,
        "sellingGeneralAndAdministrativeExpenses": 593000,
        "otherExpenses": 0,
        "operatingExpenses": 887000,
        "costAndExpenses": 887000,
        "interestIncome": 8000,
        "interestExpense": 0,
        "depreciationAndAmortization": 3000,
        "ebitda": -877000,
        "ebitdaratio": 0,
        "operatingIncome": -880000,
        "operatingIncomeRatio": 0,
        "totalOtherIncomeExpensesNet": -15000,
        "incomeBeforeTax": -895000,
        "incomeBeforeTaxRatio": 0,
        "incomeTaxExpense": 0,
        "netIncome": -895000,
        "netIncomeRatio": 0,
        "eps": -0.01,
        "epsdiluted": -0.0075,
        "weightedAverageShsOut": 89500000,
        "weightedAverageShsOutDil": 118700000,
        "link": null,
        "finalLink": null
    },
    {
        "date": "2019-12-31",
        "symbol": "TE",
        "reportedCurrency": "USD",
        "cik": "0001844224",
        "fillingDate": "2019-12-31",
        "acceptedDate": "2019-12-30 19:00:00",
        "calendarYear": "2019",
        "period": "Q4",
        "revenue": 0,
        "costOfRevenue": 0,
        "grossProfit": 0,
        "grossProfitRatio": 0,
        "researchAndDevelopmentExpenses": 0,
        "generalAndAdministrativeExpenses": 0,
        "sellingAndMarketingExpenses": 0,
        "sellingGeneralAndAdministrativeExpenses": 114583,
        "otherExpenses": 0,
        "operatingExpenses": 114583,
        "costAndExpenses": 114583,
        "interestIncome": 290672,
        "interestExpense": 0,
        "depreciationAndAmortization": 330781,
        "ebitda": 216198,
        "ebitdaratio": 0,
        "operatingIncome": -114583,
        "operatingIncomeRatio": 0,
        "totalOtherIncomeExpensesNet": 330781,
        "incomeBeforeTax": 216198,
        "incomeBeforeTaxRatio": 0,
        "incomeTaxExpense": 0,
        "netIncome": 216198,
        "netIncomeRatio": 0,
        "eps": 0.006,
        "epsdiluted": 0.006,
        "weightedAverageShsOut": 35776405,
        "weightedAverageShsOutDil": 35776405,
        "link": null,
        "finalLink": null
    },
    {
        "date": "2019-09-30",
        "symbol": "TE",
        "reportedCurrency": "USD",
        "cik": "0001844224",
        "fillingDate": "2019-09-30",
        "acceptedDate": "2019-09-29 20:00:00",
        "calendarYear": "2019",
        "period": "Q3",
        "revenue": 0,
        "costOfRevenue": 0,
        "grossProfit": 0,
        "grossProfitRatio": 0,
        "researchAndDevelopmentExpenses": 0,
        "generalAndAdministrativeExpenses": 0,
        "sellingAndMarketingExpenses": 0,
        "sellingGeneralAndAdministrativeExpenses": 165.00000000190002,
        "otherExpenses": 0,
        "operatingExpenses": 165.00000000190002,
        "costAndExpenses": 165.00000000190002,
        "interestIncome": 0,
        "interestExpense": 0,
        "depreciationAndAmortization": 0,
        "ebitda": -165.00000000190002,
        "ebitdaratio": 0,
        "operatingIncome": -165.00000000190002,
        "operatingIncomeRatio": 0,
        "totalOtherIncomeExpensesNet": 0,
        "incomeBeforeTax": -165.00000000190002,
        "incomeBeforeTaxRatio": 0,
        "incomeTaxExpense": 0,
        "netIncome": -165.00000000190002,
        "netIncomeRatio": 0,
        "eps": -5.28e-06,
        "epsdiluted": -5.28e-06,
        "weightedAverageShsOut": 31250000,
        "weightedAverageShsOutDil": 31250000,
        "link": null,
        "finalLink": null
    },
    {
        "date": "2019-06-30",
        "symbol": "TE",
        "reportedCurrency": "USD",
        "cik": "0001844224",
        "fillingDate": "2019-06-30",
        "acceptedDate": "2019-06-29 20:00:00",
        "calendarYear": "2019",
        "period": "Q2",
        "revenue": 0,
        "costOfRevenue": 0,
        "grossProfit": 0,
        "grossProfitRatio": 0,
        "researchAndDevelopmentExpenses": 0,
        "generalAndAdministrativeExpenses": 0,
        "sellingAndMarketingExpenses": 0,
        "sellingGeneralAndAdministrativeExpenses": 6325.000000077,
        "otherExpenses": 0,
        "operatingExpenses": 6325.000000077,
        "costAndExpenses": 6325.000000077,
        "interestIncome": 0,
        "interestExpense": 0,
        "depreciationAndAmortization": 0,
        "ebitda": -6325.000000077,
        "ebitdaratio": 0,
        "operatingIncome": -6325.000000077,
        "operatingIncomeRatio": 0,
        "totalOtherIncomeExpensesNet": 0,
        "incomeBeforeTax": -6325.000000077,
        "incomeBeforeTaxRatio": 0,
        "incomeTaxExpense": 0,
        "netIncome": -6325.000000077,
        "netIncomeRatio": 0,
        "eps": -0.0002024,
        "epsdiluted": -0.0002024,
        "weightedAverageShsOut": 31250000,
        "weightedAverageShsOutDil": 31250000,
        "link": null,
        "finalLink": null
    },
    {
        "date": "2016-09-30",
        "symbol": "TE",
        "reportedCurrency": "USD",
        "cik": "0001844224",
        "fillingDate": "2016-11-08",
        "acceptedDate": "2016-11-07 18:03:44",
        "calendarYear": "2016",
        "period": "Q3",
        "revenue": 726700000,
        "costOfRevenue": 53000000,
        "grossProfit": 673700000,
        "grossProfitRatio": 0.9270675657,
        "researchAndDevelopmentExpenses": 0,
        "generalAndAdministrativeExpenses": 0,
        "sellingAndMarketingExpenses": 0,
        "sellingGeneralAndAdministrativeExpenses": 154000000,
        "otherExpenses": 0,
        "operatingExpenses": 154000000,
        "costAndExpenses": 604800000,
        "interestIncome": 0,
        "interestExpense": 43900000,
        "depreciationAndAmortization": 184000000,
        "ebitda": 314500000,
        "ebitdaratio": 0.4327783129,
        "operatingIncome": 121900000,
        "operatingIncomeRatio": 0.1677445989,
        "totalOtherIncomeExpensesNet": -35300000,
        "incomeBeforeTax": 86600000,
        "incomeBeforeTaxRatio": 0.1191688455,
        "incomeTaxExpense": 17200000,
        "netIncome": 69400000,
        "netIncomeRatio": 0.0955002064,
        "eps": 0.21,
        "epsdiluted": 0.21,
        "weightedAverageShsOut": 337462000,
        "weightedAverageShsOutDil": 337462000,
        "link": "https://www.sec.gov/Archives/edgar/data/96271/000156459016028016/0001564590-16-028016-index.html",
        "finalLink": "https://www.sec.gov/Archives/edgar/data/96271/000156459016028016/te-10q_20160930.htm"
    },
    {
        "date": "2016-06-30",
        "symbol": "TE",
        "reportedCurrency": "USD",
        "cik": "0001844224",
        "fillingDate": "2016-08-09",
        "acceptedDate": "2016-08-08 18:02:13",
        "calendarYear": "2016",
        "period": "Q2",
        "revenue": 652300000,
        "costOfRevenue": 51000000,
        "grossProfit": 601300000,
        "grossProfitRatio": 0.9218151157,
        "researchAndDevelopmentExpenses": 0,
        "generalAndAdministrativeExpenses": 0,
        "sellingAndMarketingExpenses": 0,
        "sellingGeneralAndAdministrativeExpenses": 155900000,
        "otherExpenses": 0,
        "operatingExpenses": 155900000,
        "costAndExpenses": 585600000,
        "interestIncome": 0,
        "interestExpense": 43800000,
        "depreciationAndAmortization": 180400000,
        "ebitda": 253800000,
        "ebitdaratio": 0.3890847769,
        "operatingIncome": 66700000,
        "operatingIncomeRatio": 0.1022535643,
        "totalOtherIncomeExpensesNet": -36900000,
        "incomeBeforeTax": 29800000,
        "incomeBeforeTaxRatio": 0.045684501,
        "incomeTaxExpense": 24300000,
        "netIncome": 5300000,
        "netIncomeRatio": 0.0081250958,
        "eps": 0.0226,
        "epsdiluted": 0.0225,
        "weightedAverageShsOut": 234100000,
        "weightedAverageShsOutDil": 235400000,
        "link": "https://www.sec.gov/Archives/edgar/data/350563/000156459016023379/0001564590-16-023379-index.htm",
        "finalLink": "https://www.sec.gov/Archives/edgar/data/350563/000156459016023379/te-10q_20160630.htm"
    },
    {
        "date": "2016-03-31",
        "symbol": "TE",
        "reportedCurrency": "USD",
        "cik": "0001844224",
        "fillingDate": "2016-05-05",
        "acceptedDate": "2016-05-05 11:30:40",
        "calendarYear": "2016",
        "period": "Q1",
        "revenue": 659500000,
        "costOfRevenue": 96000000,
        "grossProfit": 563500000,
        "grossProfitRatio": 0.8544351782,
        "researchAndDevelopmentExpenses": 0,
        "generalAndAdministrativeExpenses": 0,
        "sellingAndMarketingExpenses": 0,
        "sellingGeneralAndAdministrativeExpenses": 142300000,
        "otherExpenses": 0,
        "operatingExpenses": 142300000,
        "costAndExpenses": 511400000,
        "interestIncome": 0,
        "interestExpense": 45900000,
        "depreciationAndAmortization": 179600000,
        "ebitda": 335000000,
        "ebitdaratio": 0.5079605762,
        "operatingIncome": 148100000,
        "operatingIncomeRatio": 0.2245640637,
        "totalOtherIncomeExpensesNet": -38700000,
        "incomeBeforeTax": 109400000,
        "incomeBeforeTaxRatio": 0.1658832449,
        "incomeTaxExpense": 35700000,
        "netIncome": 73800000,
        "netIncomeRatio": 0.1119029568,
        "eps": 0.32,
        "epsdiluted": 0.31,
        "weightedAverageShsOut": 234000000,
        "weightedAverageShsOutDil": 235200000,
        "link": "https://www.sec.gov/Archives/edgar/data/350563/000156459016017867/0001564590-16-017867-index.html",
        "finalLink": "https://www.sec.gov/Archives/edgar/data/96271/000156459016017867/te-10q_20160331.htm"
    },
    {
        "date": "2015-12-31",
        "symbol": "TE",
        "reportedCurrency": "USD",
        "cik": "0001844224",
        "fillingDate": "2016-02-26",
        "acceptedDate": "2016-02-26 13:48:12",
        "calendarYear": "2015",
        "period": "Q4",
        "revenue": 676100000,
        "costOfRevenue": 3100000,
        "grossProfit": 673000000,
        "grossProfitRatio": 0.9954148795,
        "researchAndDevelopmentExpenses": 0,
        "generalAndAdministrativeExpenses": 69400000,
        "sellingAndMarketingExpenses": 99200000,
        "sellingGeneralAndAdministrativeExpenses": 168600000,
        "otherExpenses": 0,
        "operatingExpenses": 168600000,
        "costAndExpenses": 550100000,
        "interestIncome": 0,
        "interestExpense": 46000000,
        "depreciationAndAmortization": 177400000,
        "ebitda": 307100000,
        "ebitdaratio": 0.4542227481,
        "operatingIncome": 126000000,
        "operatingIncomeRatio": 0.1863629641,
        "totalOtherIncomeExpensesNet": -41800000,
        "incomeBeforeTax": 84200000,
        "incomeBeforeTaxRatio": 0.1245377903,
        "incomeTaxExpense": 33200000,
        "netIncome": 50500000,
        "netIncomeRatio": 0.0746930927,
        "eps": 0.22,
        "epsdiluted": 0.22,
        "weightedAverageShsOut": 233100000,
        "weightedAverageShsOutDil": 234500000,
        "link": "https://www.sec.gov/Archives/edgar/data/350563/000156459016013516/0001564590-16-013516-index.html",
        "finalLink": "https://www.sec.gov/Archives/edgar/data/96271/000156459016013516/te-10k_20151231.htm"
    },
    {
        "date": "2015-09-30",
        "symbol": "TE",
        "reportedCurrency": "USD",
        "cik": "0001844224",
        "fillingDate": "2015-11-05",
        "acceptedDate": "2015-11-05 08:31:42",
        "calendarYear": "2015",
        "period": "Q3",
        "revenue": 693800000,
        "costOfRevenue": 42000000,
        "grossProfit": 651800000,
        "grossProfitRatio": 0.9394638224,
        "researchAndDevelopmentExpenses": 0,
        "generalAndAdministrativeExpenses": 0,
        "sellingAndMarketingExpenses": 0,
        "sellingGeneralAndAdministrativeExpenses": 165500000,
        "otherExpenses": 0,
        "operatingExpenses": 165500000,
        "costAndExpenses": 547200000,
        "interestIncome": 0,
        "interestExpense": 46100000,
        "depreciationAndAmortization": 176000000,
        "ebitda": 317000000,
        "ebitdaratio": 0.4569040069,
        "operatingIncome": 146600000,
        "operatingIncomeRatio": 0.2113000865,
        "totalOtherIncomeExpensesNet": -40000000,
        "incomeBeforeTax": 106600000,
        "incomeBeforeTaxRatio": 0.153646584,
        "incomeTaxExpense": 41700000,
        "netIncome": 53200000,
        "netIncomeRatio": 0.0766791583,
        "eps": 0.23,
        "epsdiluted": 0.23,
        "weightedAverageShsOut": 233000000,
        "weightedAverageShsOutDil": 234400000,
        "link": "https://www.sec.gov/Archives/edgar/data/350563/000156459015009513/0001564590-15-009513-index.html",
        "finalLink": "https://www.sec.gov/Archives/edgar/data/96271/000156459015009513/te-10q_20150930.htm"
    },
    {
        "date": "2015-06-30",
        "symbol": "TE",
        "reportedCurrency": "USD",
        "cik": "0001844224",
        "fillingDate": "2015-08-05",
        "acceptedDate": "2015-08-05 17:01:33",
        "calendarYear": "2015",
        "period": "Q2",
        "revenue": 680600000,
        "costOfRevenue": 49000000,
        "grossProfit": 631600000,
        "grossProfitRatio": 0.9280047017,
        "researchAndDevelopmentExpenses": 0,
        "generalAndAdministrativeExpenses": 0,
        "sellingAndMarketingExpenses": 0,
        "sellingGeneralAndAdministrativeExpenses": 156500000,
        "otherExpenses": 0,
        "operatingExpenses": 156500000,
        "costAndExpenses": 537300000,
        "interestIncome": 0,
        "interestExpense": 46400000,
        "depreciationAndAmortization": 174400000,
        "ebitda": 273100000,
        "ebitdaratio": 0.4012635909,
        "operatingIncome": 143300000,
        "operatingIncomeRatio": 0.2105495151,
        "totalOtherIncomeExpensesNet": -41300000,
        "incomeBeforeTax": 102000000,
        "incomeBeforeTaxRatio": 0.1498677637,
        "incomeTaxExpense": 40500000,
        "netIncome": 11800000,
        "netIncomeRatio": 0.0173376433,
        "eps": 0.0507,
        "epsdiluted": 0.0505,
        "weightedAverageShsOut": 232900000,
        "weightedAverageShsOutDil": 233500000,
        "link": "https://www.sec.gov/Archives/edgar/data/350563/000156459015006264/0001564590-15-006264-index.html",
        "finalLink": "https://www.sec.gov/Archives/edgar/data/96271/000156459015006264/te-10q_20150630.htm"
    },
    {
        "date": "2015-03-31",
        "symbol": "TE",
        "reportedCurrency": "USD",
        "cik": "0001844224",
        "fillingDate": "2015-05-01",
        "acceptedDate": "2015-05-01 07:31:09",
        "calendarYear": "2015",
        "period": "Q1",
        "revenue": 693000000,
        "costOfRevenue": 103000000,
        "grossProfit": 590000000,
        "grossProfitRatio": 0.8513708514,
        "researchAndDevelopmentExpenses": 0,
        "generalAndAdministrativeExpenses": 0,
        "sellingAndMarketingExpenses": 0,
        "sellingGeneralAndAdministrativeExpenses": 145300000,
        "otherExpenses": 0,
        "operatingExpenses": 145300000,
        "costAndExpenses": 546800000,
        "interestIncome": 0,
        "interestExpense": 47900000,
        "depreciationAndAmortization": 171400000,
        "ebitda": 317200000,
        "ebitdaratio": 0.4577200577,
        "operatingIncome": 146200000,
        "operatingIncomeRatio": 0.210966811,
        "totalOtherIncomeExpensesNet": -42500000,
        "incomeBeforeTax": 103700000,
        "incomeBeforeTaxRatio": 0.1496392496,
        "incomeTaxExpense": 39900000,
        "netIncome": 58000000,
        "netIncomeRatio": 0.0836940837,
        "eps": 0.25,
        "epsdiluted": 0.25,
        "weightedAverageShsOut": 232800000,
        "weightedAverageShsOutDil": 233500000,
        "link": "https://www.sec.gov/Archives/edgar/data/350563/000156459015003149/0001564590-15-003149-index.html",
        "finalLink": "https://www.sec.gov/Archives/edgar/data/96271/000156459015003149/te-10q_20150331.htm"
    },
    {
        "date": "2014-12-31",
        "symbol": "TE",
        "reportedCurrency": "USD",
        "cik": "0001844224",
        "fillingDate": "2015-02-27",
        "acceptedDate": "2015-02-27 09:32:08",
        "calendarYear": "2014",
        "period": "Q4",
        "revenue": 695500000,
        "costOfRevenue": 4300000,
        "grossProfit": 691200000,
        "grossProfitRatio": 0.9938173976,
        "researchAndDevelopmentExpenses": 0,
        "generalAndAdministrativeExpenses": 22500000,
        "sellingAndMarketingExpenses": 146900000,
        "sellingGeneralAndAdministrativeExpenses": 169400000,
        "otherExpenses": 0,
        "operatingExpenses": 169400000,
        "costAndExpenses": 583400000,
        "interestIncome": 0,
        "interestExpense": 47900000,
        "depreciationAndAmortization": 171500000,
        "ebitda": 271100000,
        "ebitdaratio": 0.3897915169,
        "operatingIncome": 112100000,
        "operatingIncomeRatio": 0.1611790079,
        "totalOtherIncomeExpensesNet": -43800000,
        "incomeBeforeTax": 68300000,
        "incomeBeforeTaxRatio": 0.0982027318,
        "incomeTaxExpense": 40900000,
        "netIncome": 10800000,
        "netIncomeRatio": 0.0155283968,
        "eps": 0.0484,
        "epsdiluted": 0.0483,
        "weightedAverageShsOut": 223100000,
        "weightedAverageShsOutDil": 223700000,
        "link": "https://www.sec.gov/Archives/edgar/data/350563/000156459015001057/0001564590-15-001057-index.htm",
        "finalLink": "https://www.sec.gov/Archives/edgar/data/350563/000156459015001057/te-10k_20141231.htm"
    },
    {
        "date": "2014-09-30",
        "symbol": "TE",
        "reportedCurrency": "USD",
        "cik": "0001844224",
        "fillingDate": "2014-10-31",
        "acceptedDate": "2014-10-31 10:17:42",
        "calendarYear": "2014",
        "period": "Q3",
        "revenue": 460500000,
        "costOfRevenue": 34000000,
        "grossProfit": 426500000,
        "grossProfitRatio": 0.9261672096,
        "researchAndDevelopmentExpenses": 0,
        "generalAndAdministrativeExpenses": 0,
        "sellingAndMarketingExpenses": 0,
        "sellingGeneralAndAdministrativeExpenses": 152600000,
        "otherExpenses": 0,
        "operatingExpenses": 152600000,
        "costAndExpenses": 313500000,
        "interestIncome": 0,
        "interestExpense": 39900000,
        "depreciationAndAmortization": 316600000,
        "ebitda": 404500000,
        "ebitdaratio": 0.878393051,
        "operatingIncome": 147000000,
        "operatingIncomeRatio": 0.319218241,
        "totalOtherIncomeExpensesNet": -36500000,
        "incomeBeforeTax": 110500000,
        "incomeBeforeTaxRatio": 0.2399565689,
        "incomeTaxExpense": 36900000,
        "netIncome": 11100000,
        "netIncomeRatio": 0.0241042345,
        "eps": 0.0504,
        "epsdiluted": 0.0503,
        "weightedAverageShsOut": 220300000,
        "weightedAverageShsOutDil": 220800000,
        "link": "https://www.sec.gov/Archives/edgar/data/350563/000156459014004772/0001564590-14-004772-index.html",
        "finalLink": "https://www.sec.gov/Archives/edgar/data/96271/000156459014004772/te-10q_20140930.htm"
    },
    {
        "date": "2014-06-30",
        "symbol": "TE",
        "reportedCurrency": "USD",
        "cik": "0001844224",
        "fillingDate": "2014-08-01",
        "acceptedDate": "2014-08-01 16:16:41",
        "calendarYear": "2014",
        "period": "Q2",
        "revenue": 726300000,
        "costOfRevenue": 29000000,
        "grossProfit": 697300000,
        "grossProfitRatio": 0.9600715958,
        "researchAndDevelopmentExpenses": 0,
        "generalAndAdministrativeExpenses": 0,
        "sellingAndMarketingExpenses": 0,
        "sellingGeneralAndAdministrativeExpenses": 131600000,
        "otherExpenses": 0,
        "operatingExpenses": 131600000,
        "costAndExpenses": 593100000,
        "interestIncome": 0,
        "interestExpense": 42200000,
        "depreciationAndAmortization": -700000,
        "ebitda": 134300000,
        "ebitdaratio": 0.1849098169,
        "operatingIncome": 133200000,
        "operatingIncomeRatio": 0.1833952912,
        "totalOtherIncomeExpensesNet": -40400000,
        "incomeBeforeTax": 92800000,
        "incomeBeforeTaxRatio": 0.1277708936,
        "incomeTaxExpense": 34400000,
        "netIncome": 58400000,
        "netIncomeRatio": 0.0804075451,
        "eps": 0.27,
        "epsdiluted": 0.27,
        "weightedAverageShsOut": 215300000,
        "weightedAverageShsOutDil": 215800000,
        "link": "https://www.sec.gov/Archives/edgar/data/350563/000119312514291583/0001193125-14-291583-index.html",
        "finalLink": "https://www.sec.gov/Archives/edgar/data/96271/000119312514291583/d726288d10q.htm"
    },
    {
        "date": "2014-03-31",
        "symbol": "TE",
        "reportedCurrency": "USD",
        "cik": "0001844224",
        "fillingDate": "2014-05-02",
        "acceptedDate": "2014-05-02 08:01:11",
        "calendarYear": "2014",
        "period": "Q1",
        "revenue": 684100000,
        "costOfRevenue": 47000000,
        "grossProfit": 637100000,
        "grossProfitRatio": 0.9312965941,
        "researchAndDevelopmentExpenses": 0,
        "generalAndAdministrativeExpenses": 0,
        "sellingAndMarketingExpenses": 0,
        "sellingGeneralAndAdministrativeExpenses": 123700000,
        "otherExpenses": 0,
        "operatingExpenses": 123700000,
        "costAndExpenses": 571000000,
        "interestIncome": 0,
        "interestExpense": 41100000,
        "depreciationAndAmortization": 169800000,
        "ebitda": 287700000,
        "ebitdaratio": 0.4205525508,
        "operatingIncome": 113100000,
        "operatingIncomeRatio": 0.1653267066,
        "totalOtherIncomeExpensesNet": -39400000,
        "incomeBeforeTax": 73700000,
        "incomeBeforeTaxRatio": 0.1077327876,
        "incomeTaxExpense": 26700000,
        "netIncome": 50100000,
        "netIncomeRatio": 0.0732349072,
        "eps": 0.23,
        "epsdiluted": 0.23,
        "weightedAverageShsOut": 215200000,
        "weightedAverageShsOutDil": 215700000,
        "link": "https://www.sec.gov/Archives/edgar/data/350563/000119312514178557/0001193125-14-178557-index.html",
        "finalLink": "https://www.sec.gov/Archives/edgar/data/96271/000119312514178557/d695513d10q.htm"
    },
    {
        "date": "2013-12-31",
        "symbol": "TE",
        "reportedCurrency": "USD",
        "cik": "0001844224",
        "fillingDate": "2014-02-28",
        "acceptedDate": "2014-02-28 16:21:40",
        "calendarYear": "2013",
        "period": "Q4",
        "revenue": 688400000,
        "costOfRevenue": 23100000,
        "grossProfit": 665300000,
        "grossProfitRatio": 0.9664439279,
        "researchAndDevelopmentExpenses": 0,
        "generalAndAdministrativeExpenses": 27200000,
        "sellingAndMarketingExpenses": 124000000,
        "sellingGeneralAndAdministrativeExpenses": 151200000,
        "otherExpenses": 0,
        "operatingExpenses": 151200000,
        "costAndExpenses": 588800000,
        "interestIncome": 0,
        "interestExpense": 40300000,
        "depreciationAndAmortization": 78200000,
        "ebitda": 180400000,
        "ebitdaratio": 0.2620569436,
        "operatingIncome": 99600000,
        "operatingIncomeRatio": 0.1446833236,
        "totalOtherIncomeExpensesNet": -37600000,
        "incomeBeforeTax": 62000000,
        "incomeBeforeTaxRatio": 0.0900639163,
        "incomeTaxExpense": 19900000,
        "netIncome": 42000000,
        "netIncomeRatio": 0.0610110401,
        "eps": 0.2,
        "epsdiluted": 0.19,
        "weightedAverageShsOut": 215000000,
        "weightedAverageShsOutDil": 215500000,
        "link": "https://www.sec.gov/Archives/edgar/data/350563/000119312514077397/0001193125-14-077397-index.htm",
        "finalLink": "https://www.sec.gov/Archives/edgar/data/350563/000119312514077397/d631907d10k.htm"
    },
    {
        "date": "2013-09-30",
        "symbol": "TE",
        "reportedCurrency": "USD",
        "cik": "0001844224",
        "fillingDate": "2013-11-01",
        "acceptedDate": "2013-11-01 14:22:15",
        "calendarYear": "2013",
        "period": "Q3",
        "revenue": 765900000,
        "costOfRevenue": 26000000,
        "grossProfit": 739900000,
        "grossProfitRatio": 0.9660530095,
        "researchAndDevelopmentExpenses": 0,
        "generalAndAdministrativeExpenses": 0,
        "sellingAndMarketingExpenses": 0,
        "sellingGeneralAndAdministrativeExpenses": 130600000,
        "otherExpenses": 0,
        "operatingExpenses": 130600000,
        "costAndExpenses": 625400000,
        "interestIncome": 0,
        "interestExpense": 41500000,
        "depreciationAndAmortization": 85400000,
        "ebitda": 227300000,
        "ebitdaratio": 0.2967750359,
        "operatingIncome": 140500000,
        "operatingIncomeRatio": 0.1834443139,
        "totalOtherIncomeExpensesNet": -40000000,
        "incomeBeforeTax": 100500000,
        "incomeBeforeTaxRatio": 0.1312181747,
        "incomeTaxExpense": 37600000,
        "netIncome": 62800000,
        "netIncomeRatio": 0.0819950385,
        "eps": 0.29,
        "epsdiluted": 0.29,
        "weightedAverageShsOut": 214900000,
        "weightedAverageShsOutDil": 215400000,
        "link": "https://www.sec.gov/Archives/edgar/data/350563/000119312513422692/0001193125-13-422692-index.html",
        "finalLink": "https://www.sec.gov/Archives/edgar/data/96271/000119312513422692/d594449d10q.htm"
    },
    {
        "date": "2013-06-30",
        "symbol": "TE",
        "reportedCurrency": "USD",
        "cik": "0001844224",
        "fillingDate": "2013-08-02",
        "acceptedDate": "2013-08-02 11:18:13",
        "calendarYear": "2013",
        "period": "Q2",
        "revenue": 735900000,
        "costOfRevenue": 41000000,
        "grossProfit": 694900000,
        "grossProfitRatio": 0.9442859084,
        "researchAndDevelopmentExpenses": 0,
        "generalAndAdministrativeExpenses": 0,
        "sellingAndMarketingExpenses": 0,
        "sellingGeneralAndAdministrativeExpenses": 133000000,
        "otherExpenses": 0,
        "operatingExpenses": 133000000,
        "costAndExpenses": 616400000,
        "interestIncome": 0,
        "interestExpense": 42700000,
        "depreciationAndAmortization": 83900000,
        "ebitda": 206200000,
        "ebitdaratio": 0.2802011143,
        "operatingIncome": 119500000,
        "operatingIncomeRatio": 0.1623861938,
        "totalOtherIncomeExpensesNet": -39700000,
        "incomeBeforeTax": 79800000,
        "incomeBeforeTaxRatio": 0.1084386466,
        "incomeTaxExpense": 28200000,
        "netIncome": 51400000,
        "netIncomeRatio": 0.0698464465,
        "eps": 0.24,
        "epsdiluted": 0.24,
        "weightedAverageShsOut": 214800000,
        "weightedAverageShsOutDil": 215300000,
        "link": "https://www.sec.gov/Archives/edgar/data/350563/000119312513316537/0001193125-13-316537-index.html",
        "finalLink": "https://www.sec.gov/Archives/edgar/data/96271/000119312513316537/d542593d10q.htm"
    },
    {
        "date": "2013-03-31",
        "symbol": "TE",
        "reportedCurrency": "USD",
        "cik": "0001844224",
        "fillingDate": "2013-05-03",
        "acceptedDate": "2013-05-03 10:39:20",
        "calendarYear": "2013",
        "period": "Q1",
        "revenue": 661100000,
        "costOfRevenue": 49000000,
        "grossProfit": 612100000,
        "grossProfitRatio": 0.9258811072,
        "researchAndDevelopmentExpenses": 0,
        "generalAndAdministrativeExpenses": 0,
        "sellingAndMarketingExpenses": 0,
        "sellingGeneralAndAdministrativeExpenses": 122100000,
        "otherExpenses": 0,
        "operatingExpenses": 122100000,
        "costAndExpenses": 557000000,
        "interestIncome": 0,
        "interestExpense": 42400000,
        "depreciationAndAmortization": 82000000,
        "ebitda": 189100000,
        "ebitdaratio": 0.2860384208,
        "operatingIncome": 104100000,
        "operatingIncomeRatio": 0.1574648313,
        "totalOtherIncomeExpensesNet": -39700000,
        "incomeBeforeTax": 64400000,
        "incomeBeforeTaxRatio": 0.0974134019,
        "incomeTaxExpense": 23200000,
        "netIncome": 41500000,
        "netIncomeRatio": 0.0627741643,
        "eps": 0.19,
        "epsdiluted": 0.19,
        "weightedAverageShsOut": 214600000,
        "weightedAverageShsOutDil": 215600000,
        "link": "https://www.sec.gov/Archives/edgar/data/350563/000119312513198105/0001193125-13-198105-index.html",
        "finalLink": "https://www.sec.gov/Archives/edgar/data/96271/000119312513198105/d511565d10q.htm"
    },
    {
        "date": "2012-12-31",
        "symbol": "TE",
        "reportedCurrency": "USD",
        "cik": "0001844224",
        "fillingDate": "2013-02-26",
        "acceptedDate": "2013-02-26 11:50:04",
        "calendarYear": "2012",
        "period": "Q4",
        "revenue": 688400000,
        "costOfRevenue": 37000000,
        "grossProfit": 651400000,
        "grossProfitRatio": 0.946252179,
        "researchAndDevelopmentExpenses": 0,
        "generalAndAdministrativeExpenses": 13500000,
        "sellingAndMarketingExpenses": 110300000,
        "sellingGeneralAndAdministrativeExpenses": 123800000,
        "otherExpenses": 0,
        "operatingExpenses": 123800000,
        "costAndExpenses": 578900000,
        "interestIncome": 0,
        "interestExpense": 42700000,
        "depreciationAndAmortization": 83700000,
        "ebitda": 196100000,
        "ebitdaratio": 0.2848634515,
        "operatingIncome": 109500000,
        "operatingIncomeRatio": 0.1590644974,
        "totalOtherIncomeExpensesNet": -63900000,
        "incomeBeforeTax": 45600000,
        "incomeBeforeTaxRatio": 0.0662405578,
        "incomeTaxExpense": 24600000,
        "netIncome": 45100000,
        "netIncomeRatio": 0.0655142359,
        "eps": 0.21,
        "epsdiluted": 0.21,
        "weightedAverageShsOut": 214300000,
        "weightedAverageShsOutDil": 215000000,
        "link": "https://www.sec.gov/Archives/edgar/data/350563/000119312513075891/0001193125-13-075891-index.html",
        "finalLink": "https://www.sec.gov/Archives/edgar/data/96271/000119312513075891/d442708d10k.htm"
    },
    {
        "date": "2012-09-30",
        "symbol": "TE",
        "reportedCurrency": "USD",
        "cik": "0001844224",
        "fillingDate": "2012-11-02",
        "acceptedDate": "2012-11-02 12:05:27",
        "calendarYear": "2012",
        "period": "Q3",
        "revenue": 789800000,
        "costOfRevenue": 40000000,
        "grossProfit": 749800000,
        "grossProfitRatio": 0.9493542669,
        "researchAndDevelopmentExpenses": 0,
        "generalAndAdministrativeExpenses": 0,
        "sellingAndMarketingExpenses": 0,
        "sellingGeneralAndAdministrativeExpenses": 46600000,
        "otherExpenses": 0,
        "operatingExpenses": 46600000,
        "costAndExpenses": 629600000,
        "interestIncome": 0,
        "interestExpense": 40400000,
        "depreciationAndAmortization": 79700000,
        "ebitda": 209800000,
        "ebitdaratio": 0.2656368701,
        "operatingIncome": 160200000,
        "operatingIncomeRatio": 0.2028361611,
        "totalOtherIncomeExpensesNet": -78200000,
        "incomeBeforeTax": 82000000,
        "incomeBeforeTaxRatio": 0.1038237528,
        "incomeTaxExpense": 45700000,
        "netIncome": 44000000,
        "netIncomeRatio": 0.0557103064,
        "eps": 0.21,
        "epsdiluted": 0.2,
        "weightedAverageShsOut": 214200000,
        "weightedAverageShsOutDil": 215300000,
        "link": "https://www.sec.gov/Archives/edgar/data/350563/000119312512448457/0001193125-12-448457-index.html",
        "finalLink": "https://www.sec.gov/Archives/edgar/data/96271/000119312512448457/d401803d10q.htm"
    },
    {
        "date": "2012-06-30",
        "symbol": "TE",
        "reportedCurrency": "USD",
        "cik": "0001844224",
        "fillingDate": "2012-08-03",
        "acceptedDate": "2012-08-03 09:46:53",
        "calendarYear": "2012",
        "period": "Q2",
        "revenue": 788400000,
        "costOfRevenue": 37000000,
        "grossProfit": 751400000,
        "grossProfitRatio": 0.9530695079,
        "researchAndDevelopmentExpenses": 0,
        "generalAndAdministrativeExpenses": 0,
        "sellingAndMarketingExpenses": 0,
        "sellingGeneralAndAdministrativeExpenses": 150900000,
        "otherExpenses": 0,
        "operatingExpenses": 150900000,
        "costAndExpenses": 626800000,
        "interestIncome": 0,
        "interestExpense": 50000000,
        "depreciationAndAmortization": 84200000,
        "ebitda": 248200000,
        "ebitdaratio": 0.3148148148,
        "operatingIncome": 161600000,
        "operatingIncomeRatio": 0.2049720954,
        "totalOtherIncomeExpensesNet": -95400000,
        "incomeBeforeTax": 66200000,
        "incomeBeforeTaxRatio": 0.0839675292,
        "incomeTaxExpense": 40900000,
        "netIncome": 73100000,
        "netIncomeRatio": 0.0927194318,
        "eps": 0.34,
        "epsdiluted": 0.34,
        "weightedAverageShsOut": 214100000,
        "weightedAverageShsOutDil": 215300000,
        "link": "https://www.sec.gov/Archives/edgar/data/350563/000119312512333651/0001193125-12-333651-index.html",
        "finalLink": "https://www.sec.gov/Archives/edgar/data/96271/000119312512333651/d362289d10q.htm"
    },
    {
        "date": "2012-03-31",
        "symbol": "TE",
        "reportedCurrency": "USD",
        "cik": "0001844224",
        "fillingDate": "2012-05-04",
        "acceptedDate": "2012-05-04 15:06:17",
        "calendarYear": "2012",
        "period": "Q1",
        "revenue": 730000000,
        "costOfRevenue": 41000000,
        "grossProfit": 689000000,
        "grossProfitRatio": 0.9438356164,
        "researchAndDevelopmentExpenses": 0,
        "generalAndAdministrativeExpenses": 0,
        "sellingAndMarketingExpenses": 0,
        "sellingGeneralAndAdministrativeExpenses": 149100000,
        "otherExpenses": 0,
        "operatingExpenses": 149100000,
        "costAndExpenses": 604800000,
        "interestIncome": 0,
        "interestExpense": 50400000,
        "depreciationAndAmortization": 83000000,
        "ebitda": 210500000,
        "ebitdaratio": 0.2883561644,
        "operatingIncome": 125200000,
        "operatingIncomeRatio": 0.1715068493,
        "totalOtherIncomeExpensesNet": -73000000,
        "incomeBeforeTax": 52200000,
        "incomeBeforeTaxRatio": 0.0715068493,
        "incomeTaxExpense": 26600000,
        "netIncome": 50500000,
        "netIncomeRatio": 0.0691780822,
        "eps": 0.24,
        "epsdiluted": 0.23,
        "weightedAverageShsOut": 213900000,
        "weightedAverageShsOutDil": 215300000,
        "link": "https://www.sec.gov/Archives/edgar/data/350563/000119312512211640/0001193125-12-211640-index.htm",
        "finalLink": "https://www.sec.gov/Archives/edgar/data/350563/000119312512211640/d329073d10q.htm"
    },
    {
        "date": "2011-12-31",
        "symbol": "TE",
        "reportedCurrency": "USD",
        "cik": "0001844224",
        "fillingDate": "2012-02-24",
        "acceptedDate": "2012-02-24 16:36:36",
        "calendarYear": "2011",
        "period": "Q4",
        "revenue": 750200000,
        "costOfRevenue": 2500000,
        "grossProfit": 747700000,
        "grossProfitRatio": 0.9966675553,
        "researchAndDevelopmentExpenses": 0,
        "generalAndAdministrativeExpenses": 17500000,
        "sellingAndMarketingExpenses": 124700000,
        "sellingGeneralAndAdministrativeExpenses": 142200000,
        "otherExpenses": 0,
        "operatingExpenses": 142200000,
        "costAndExpenses": 619900000,
        "interestIncome": 0,
        "interestExpense": 50600000,
        "depreciationAndAmortization": 81200000,
        "ebitda": 215200000,
        "ebitdaratio": 0.2868568382,
        "operatingIncome": 130300000,
        "operatingIncomeRatio": 0.1736870168,
        "totalOtherIncomeExpensesNet": -77700000,
        "incomeBeforeTax": 52600000,
        "incomeBeforeTaxRatio": 0.0701146361,
        "incomeTaxExpense": 30200000,
        "netIncome": 53200000,
        "netIncomeRatio": 0.0709144228,
        "eps": 0.25,
        "epsdiluted": 0.25,
        "weightedAverageShsOut": 213600000,
        "weightedAverageShsOutDil": 215100000,
        "link": "https://www.sec.gov/Archives/edgar/data/350563/000119312512078254/0001193125-12-078254-index.html",
        "finalLink": "https://www.sec.gov/Archives/edgar/data/96271/000119312512078254/d234626d10k.htm"
    },
    {
        "date": "2011-09-30",
        "symbol": "TE",
        "reportedCurrency": "USD",
        "cik": "0001844224",
        "fillingDate": "2011-11-04",
        "acceptedDate": "2011-11-04 13:06:15",
        "calendarYear": "2011",
        "period": "Q3",
        "revenue": 911400000,
        "costOfRevenue": 41000000,
        "grossProfit": 870400000,
        "grossProfitRatio": 0.9550142638,
        "researchAndDevelopmentExpenses": 0,
        "generalAndAdministrativeExpenses": 0,
        "sellingAndMarketingExpenses": 0,
        "sellingGeneralAndAdministrativeExpenses": 150400000,
        "otherExpenses": 0,
        "operatingExpenses": 150400000,
        "costAndExpenses": 722000000,
        "interestIncome": 0,
        "interestExpense": 50700000,
        "depreciationAndAmortization": 82400000,
        "ebitda": 274500000,
        "ebitdaratio": 0.3011849901,
        "operatingIncome": 189400000,
        "operatingIncomeRatio": 0.2078121571,
        "totalOtherIncomeExpensesNet": -100500000,
        "incomeBeforeTax": 88900000,
        "incomeBeforeTaxRatio": 0.0975422427,
        "incomeTaxExpense": 51200000,
        "netIncome": 90200000,
        "netIncomeRatio": 0.0989686197,
        "eps": 0.42,
        "epsdiluted": 0.42,
        "weightedAverageShsOut": 213500000,
        "weightedAverageShsOutDil": 215100000,
        "link": "https://www.sec.gov/Archives/edgar/data/350563/000119312511296975/0001193125-11-296975-index.html",
        "finalLink": "https://www.sec.gov/Archives/edgar/data/96271/000119312511296975/d226098d10q.htm"
    },
    {
        "date": "2011-06-30",
        "symbol": "TE",
        "reportedCurrency": "USD",
        "cik": "0001844224",
        "fillingDate": "2011-08-05",
        "acceptedDate": "2011-08-05 13:58:19",
        "calendarYear": "2011",
        "period": "Q2",
        "revenue": 1094500000,
        "costOfRevenue": 54000000,
        "grossProfit": 1040500000,
        "grossProfitRatio": 0.9506624029,
        "researchAndDevelopmentExpenses": 0,
        "generalAndAdministrativeExpenses": 0,
        "sellingAndMarketingExpenses": 0,
        "sellingGeneralAndAdministrativeExpenses": 172400000,
        "otherExpenses": 0,
        "operatingExpenses": 172400000,
        "costAndExpenses": 873600000,
        "interestIncome": 0,
        "interestExpense": 68400000,
        "depreciationAndAmortization": 94300000,
        "ebitda": 289700000,
        "ebitdaratio": 0.2646870717,
        "operatingIncome": 220900000,
        "operatingIncomeRatio": 0.2018273184,
        "totalOtherIncomeExpensesNet": -144300000,
        "incomeBeforeTax": 76600000,
        "incomeBeforeTaxRatio": 0.0699862951,
        "incomeTaxExpense": 44100000,
        "netIncome": 82900000,
        "netIncomeRatio": 0.0757423481,
        "eps": 0.39,
        "epsdiluted": 0.39,
        "weightedAverageShsOut": 213300000,
        "weightedAverageShsOutDil": 215100000,
        "link": "https://www.sec.gov/Archives/edgar/data/350563/000119312511211981/0001193125-11-211981-index.html",
        "finalLink": "https://www.sec.gov/Archives/edgar/data/96271/000119312511211981/d10q.htm"
    },
    {
        "date": "2011-03-31",
        "symbol": "TE",
        "reportedCurrency": "USD",
        "cik": "0001844224",
        "fillingDate": "2011-05-05",
        "acceptedDate": "2011-05-05 14:26:58",
        "calendarYear": "2011",
        "period": "Q1",
        "revenue": 587300000,
        "costOfRevenue": 82000000,
        "grossProfit": 505300000,
        "grossProfitRatio": 0.860378001,
        "researchAndDevelopmentExpenses": 0,
        "generalAndAdministrativeExpenses": 0,
        "sellingAndMarketingExpenses": 0,
        "sellingGeneralAndAdministrativeExpenses": 131200000,
        "otherExpenses": 0,
        "operatingExpenses": 131200000,
        "costAndExpenses": 506200000,
        "interestIncome": 0,
        "interestExpense": 35400000,
        "depreciationAndAmortization": 66700000,
        "ebitda": 176800000,
        "ebitdaratio": 0.3010386515,
        "operatingIncome": 81100000,
        "operatingIncomeRatio": 0.1380895624,
        "totalOtherIncomeExpensesNet": -26700000,
        "incomeBeforeTax": 54400000,
        "incomeBeforeTaxRatio": 0.0926272774,
        "incomeTaxExpense": 28400000,
        "netIncome": 46300000,
        "netIncomeRatio": 0.0788353482,
        "eps": 0.22,
        "epsdiluted": 0.22,
        "weightedAverageShsOut": 213000000,
        "weightedAverageShsOutDil": 215000000,
        "link": "https://www.sec.gov/Archives/edgar/data/350563/000119312511128181/0001193125-11-128181-index.html",
        "finalLink": "https://www.sec.gov/Archives/edgar/data/96271/000119312511128181/d10q.htm"
    },
    {
        "date": "2010-12-31",
        "symbol": "TE",
        "reportedCurrency": "USD",
        "cik": "0001844224",
        "fillingDate": "2011-02-28",
        "acceptedDate": "2011-02-28 14:34:19",
        "calendarYear": "2010",
        "period": "Q4",
        "revenue": 593800000,
        "costOfRevenue": 48000000,
        "grossProfit": 545800000,
        "grossProfitRatio": 0.9191647019,
        "researchAndDevelopmentExpenses": 0,
        "generalAndAdministrativeExpenses": 0,
        "sellingAndMarketingExpenses": 0,
        "sellingGeneralAndAdministrativeExpenses": 140100000,
        "otherExpenses": 0,
        "operatingExpenses": 140100000,
        "costAndExpenses": 510100000,
        "interestIncome": 0,
        "interestExpense": 35400000,
        "depreciationAndAmortization": 66600000,
        "ebitda": 185500000,
        "ebitdaratio": 0.3123947457,
        "operatingIncome": 83700000,
        "operatingIncomeRatio": 0.140956551,
        "totalOtherIncomeExpensesNet": 141000000,
        "incomeBeforeTax": 224700000,
        "incomeBeforeTaxRatio": 0.3784102391,
        "incomeTaxExpense": 34100000,
        "netIncome": 49400000,
        "netIncomeRatio": 0.0831929943,
        "eps": 0.23,
        "epsdiluted": 0.23,
        "weightedAverageShsOut": 212600000,
        "weightedAverageShsOutDil": 214800000,
        "link": "https://www.sec.gov/Archives/edgar/data/350563/000119312511049482/0001193125-11-049482-index.htm",
        "finalLink": "https://www.sec.gov/Archives/edgar/data/350563/000119312511049482/d10k.htm"
    },
    {
        "date": "2010-09-30",
        "symbol": "TE",
        "reportedCurrency": "USD",
        "cik": "0001844224",
        "fillingDate": "2010-11-05",
        "acceptedDate": "2010-11-05 07:06:56",
        "calendarYear": "2010",
        "period": "Q3",
        "revenue": 707600000,
        "costOfRevenue": 61000000,
        "grossProfit": 646600000,
        "grossProfitRatio": 0.9137931034,
        "researchAndDevelopmentExpenses": 0,
        "generalAndAdministrativeExpenses": 0,
        "sellingAndMarketingExpenses": 0,
        "sellingGeneralAndAdministrativeExpenses": 142200000,
        "otherExpenses": 0,
        "operatingExpenses": 142200000,
        "costAndExpenses": 607600000,
        "interestIncome": 0,
        "interestExpense": 35300000,
        "depreciationAndAmortization": 65900000,
        "ebitda": 232300000,
        "ebitdaratio": 0.3282928208,
        "operatingIncome": 100000000,
        "operatingIncomeRatio": 0.1413227812,
        "totalOtherIncomeExpensesNet": -47100000,
        "incomeBeforeTax": 52900000,
        "incomeBeforeTaxRatio": 0.0747597513,
        "incomeTaxExpense": 65500000,
        "netIncome": 65600000,
        "netIncomeRatio": 0.0927077445,
        "eps": 0.31,
        "epsdiluted": 0.31,
        "weightedAverageShsOut": 212500000,
        "weightedAverageShsOutDil": 214600000,
        "link": "https://www.sec.gov/Archives/edgar/data/350563/000119312510248971/0001193125-10-248971-index.html",
        "finalLink": "https://www.sec.gov/Archives/edgar/data/96271/000119312510248971/d10q.htm"
    },
    {
        "date": "2010-06-30",
        "symbol": "TE",
        "reportedCurrency": "USD",
        "cik": "0001844224",
        "fillingDate": "2010-08-06",
        "acceptedDate": "2010-08-06 09:54:49",
        "calendarYear": "2010",
        "period": "Q2",
        "revenue": 899000000,
        "costOfRevenue": 59000000,
        "grossProfit": 840000000,
        "grossProfitRatio": 0.9343715239,
        "researchAndDevelopmentExpenses": 0,
        "generalAndAdministrativeExpenses": -407100000,
        "sellingAndMarketingExpenses": 0,
        "sellingGeneralAndAdministrativeExpenses": -125300000,
        "otherExpenses": 0,
        "operatingExpenses": -125300000,
        "costAndExpenses": 59000000,
        "interestIncome": 0,
        "interestExpense": 700000,
        "depreciationAndAmortization": 90800000,
        "ebitda": 206100000,
        "ebitdaratio": 0.2292547275,
        "operatingIncome": 170000000,
        "operatingIncomeRatio": 0.1890989989,
        "totalOtherIncomeExpensesNet": -58000000,
        "incomeBeforeTax": 112000000,
        "incomeBeforeTaxRatio": 0.1245828699,
        "incomeTaxExpense": 16600000,
        "netIncome": 98000000,
        "netIncomeRatio": 0.1090100111,
        "eps": 0.46,
        "epsdiluted": 0.46,
        "weightedAverageShsOut": 212400000,
        "weightedAverageShsOutDil": 214500000,
        "link": "https://www.sec.gov/Archives/edgar/data/350563/000119312510180561/0001193125-10-180561-index.html",
        "finalLink": "https://www.sec.gov/Archives/edgar/data/96271/000119312510180561/d10q.htm"
    },
    {
        "date": "2010-03-31",
        "symbol": "TE",
        "reportedCurrency": "USD",
        "cik": "0001844224",
        "fillingDate": "2010-05-06",
        "acceptedDate": "2010-05-06 14:53:36",
        "calendarYear": "2010",
        "period": "Q1",
        "revenue": 912000000,
        "costOfRevenue": 116000000,
        "grossProfit": 796000000,
        "grossProfitRatio": 0.8728070175,
        "researchAndDevelopmentExpenses": 0,
        "generalAndAdministrativeExpenses": 0,
        "sellingAndMarketingExpenses": 0,
        "sellingGeneralAndAdministrativeExpenses": 628000000,
        "otherExpenses": 0,
        "operatingExpenses": 628000000,
        "costAndExpenses": 116000000,
        "interestIncome": 0,
        "interestExpense": -59000000,
        "depreciationAndAmortization": 77000000,
        "ebitda": 108000000,
        "ebitdaratio": 0.1184210526,
        "operatingIncome": 168000000,
        "operatingIncomeRatio": 0.1842105263,
        "totalOtherIncomeExpensesNet": -78000000,
        "incomeBeforeTax": 90000000,
        "incomeBeforeTaxRatio": 0.0986842105,
        "incomeTaxExpense": 34000000,
        "netIncome": 56000000,
        "netIncomeRatio": 0.0614035088,
        "eps": 0.21,
        "epsdiluted": 0.21,
        "weightedAverageShsOut": 263901000,
        "weightedAverageShsOutDil": 263901000,
        "link": "https://www.sec.gov/Archives/edgar/data/350563/000119312510110650/0001193125-10-110650-index.html",
        "finalLink": "https://www.sec.gov/Archives/edgar/data/96271/000119312510110650/d10q.htm"
    },
    {
        "date": "2009-12-31",
        "symbol": "TE",
        "reportedCurrency": "USD",
        "cik": "0001844224",
        "fillingDate": "2010-02-26",
        "acceptedDate": "2010-02-26 13:12:11",
        "calendarYear": "2009",
        "period": "Q4",
        "revenue": 765000000,
        "costOfRevenue": 56000000,
        "grossProfit": 709000000,
        "grossProfitRatio": 0.9267973856,
        "researchAndDevelopmentExpenses": 0,
        "generalAndAdministrativeExpenses": 0,
        "sellingAndMarketingExpenses": 0,
        "sellingGeneralAndAdministrativeExpenses": 589000000,
        "otherExpenses": 0,
        "operatingExpenses": 589000000,
        "costAndExpenses": 56000000,
        "interestIncome": 0,
        "interestExpense": -58000000,
        "depreciationAndAmortization": 31000000,
        "ebitda": 51000000,
        "ebitdaratio": 0.0666666667,
        "operatingIncome": 120000000,
        "operatingIncomeRatio": 0.1568627451,
        "totalOtherIncomeExpensesNet": -41000000,
        "incomeBeforeTax": 79000000,
        "incomeBeforeTaxRatio": 0.1032679739,
        "incomeTaxExpense": 25000000,
        "netIncome": 53000000,
        "netIncomeRatio": 0.0692810458,
        "eps": 0.2,
        "epsdiluted": 0.2,
        "weightedAverageShsOut": 266250000,
        "weightedAverageShsOutDil": 266250000,
        "link": "https://www.sec.gov/Archives/edgar/data/350563/000119312510042335/0001193125-10-042335-index.html",
        "finalLink": "https://www.sec.gov/Archives/edgar/data/96271/000119312510042335/d10k.htm"
    },
    {
        "date": "2009-09-30",
        "symbol": "TE",
        "reportedCurrency": "USD",
        "cik": "0001844224",
        "fillingDate": "2009-10-30",
        "acceptedDate": "2009-10-30 13:34:40",
        "calendarYear": "2009",
        "period": "Q3",
        "revenue": 896000000,
        "costOfRevenue": 47000000,
        "grossProfit": 849000000,
        "grossProfitRatio": 0.9475446429,
        "researchAndDevelopmentExpenses": 0,
        "generalAndAdministrativeExpenses": 0,
        "sellingAndMarketingExpenses": 0,
        "sellingGeneralAndAdministrativeExpenses": 714000000,
        "otherExpenses": 0,
        "operatingExpenses": 714000000,
        "costAndExpenses": 47000000,
        "interestIncome": 0,
        "interestExpense": -58000000,
        "depreciationAndAmortization": 72000000,
        "ebitda": 107000000,
        "ebitdaratio": 0.1194196429,
        "operatingIncome": 135000000,
        "operatingIncomeRatio": 0.1506696429,
        "totalOtherIncomeExpensesNet": -42000000,
        "incomeBeforeTax": 93000000,
        "incomeBeforeTaxRatio": 0.1037946429,
        "incomeTaxExpense": 28000000,
        "netIncome": 65000000,
        "netIncomeRatio": 0.0725446429,
        "eps": 0.3,
        "epsdiluted": 0.3,
        "weightedAverageShsOut": 213541000,
        "weightedAverageShsOutDil": 213541000,
        "link": "https://www.sec.gov/Archives/edgar/data/350563/000119312509218601/0001193125-09-218601-index.html",
        "finalLink": "https://www.sec.gov/Archives/edgar/data/96271/000119312509218601/d10q.htm"
    },
    {
        "date": "2009-06-30",
        "symbol": "TE",
        "reportedCurrency": "USD",
        "cik": "0001844224",
        "fillingDate": "2009-07-31",
        "acceptedDate": "2009-07-31 10:27:55",
        "calendarYear": "2009",
        "period": "Q2",
        "revenue": 825000000,
        "costOfRevenue": 51000000,
        "grossProfit": 774000000,
        "grossProfitRatio": 0.9381818182,
        "researchAndDevelopmentExpenses": 0,
        "generalAndAdministrativeExpenses": 0,
        "sellingAndMarketingExpenses": 0,
        "sellingGeneralAndAdministrativeExpenses": 651000000,
        "otherExpenses": 0,
        "operatingExpenses": 651000000,
        "costAndExpenses": 51000000,
        "interestIncome": 0,
        "interestExpense": -58000000,
        "depreciationAndAmortization": 72000000,
        "ebitda": 103000000,
        "ebitdaratio": 0.1248484848,
        "operatingIncome": 123000000,
        "operatingIncomeRatio": 0.1490909091,
        "totalOtherIncomeExpensesNet": -35000000,
        "incomeBeforeTax": 88000000,
        "incomeBeforeTaxRatio": 0.1066666667,
        "incomeTaxExpense": 28000000,
        "netIncome": 61000000,
        "netIncomeRatio": 0.0739393939,
        "eps": 0.29,
        "epsdiluted": 0.29,
        "weightedAverageShsOut": 213541000,
        "weightedAverageShsOutDil": 213541000,
        "link": "https://www.sec.gov/Archives/edgar/data/350563/000119312509160380/0001193125-09-160380-index.html",
        "finalLink": "https://www.sec.gov/Archives/edgar/data/96271/000119312509160380/d10q.htm"
    },
    {
        "date": "2009-03-31",
        "symbol": "TE",
        "reportedCurrency": "USD",
        "cik": "0001844224",
        "fillingDate": "2009-05-01",
        "acceptedDate": "2009-05-01 12:24:16",
        "calendarYear": "2009",
        "period": "Q1",
        "revenue": 824000000,
        "costOfRevenue": 88000000,
        "grossProfit": 736000000,
        "grossProfitRatio": 0.8932038835,
        "researchAndDevelopmentExpenses": 0,
        "generalAndAdministrativeExpenses": 0,
        "sellingAndMarketingExpenses": 0,
        "sellingGeneralAndAdministrativeExpenses": 654000000,
        "otherExpenses": 0,
        "operatingExpenses": 654000000,
        "costAndExpenses": 88000000,
        "interestIncome": 0,
        "interestExpense": -57000000,
        "depreciationAndAmortization": 69000000,
        "ebitda": 63000000,
        "ebitdaratio": 0.0764563107,
        "operatingIncome": 82000000,
        "operatingIncomeRatio": 0.0995145631,
        "totalOtherIncomeExpensesNet": -30000000,
        "incomeBeforeTax": 52000000,
        "incomeBeforeTaxRatio": 0.0631067961,
        "incomeTaxExpense": 17000000,
        "netIncome": 34000000,
        "netIncomeRatio": 0.0412621359,
        "eps": 0.21,
        "epsdiluted": 0.21,
        "weightedAverageShsOut": 160832000,
        "weightedAverageShsOutDil": 160832000,
        "link": "https://www.sec.gov/Archives/edgar/data/350563/000119312509095783/0001193125-09-095783-index.html",
        "finalLink": "https://www.sec.gov/Archives/edgar/data/96271/000119312509095783/d10q.htm"
    },
    {
        "date": "2008-12-31",
        "symbol": "TE",
        "reportedCurrency": "USD",
        "cik": "0001844224",
        "fillingDate": "2009-02-26",
        "acceptedDate": "2009-02-26 17:15:44",
        "calendarYear": "2008",
        "period": "Q4",
        "revenue": 2449000000,
        "costOfRevenue": 342000000,
        "grossProfit": 2107000000,
        "grossProfitRatio": 0.8603511637,
        "researchAndDevelopmentExpenses": 0,
        "generalAndAdministrativeExpenses": 0,
        "sellingAndMarketingExpenses": 0,
        "sellingGeneralAndAdministrativeExpenses": 1838000000,
        "otherExpenses": 0,
        "operatingExpenses": 1838000000,
        "costAndExpenses": 342000000,
        "interestIncome": 0,
        "interestExpense": -174000000,
        "depreciationAndAmortization": 31000000,
        "ebitda": 27000000,
        "ebitdaratio": 0.0110249081,
        "operatingIncome": 269000000,
        "operatingIncomeRatio": 0.1098407513,
        "totalOtherIncomeExpensesNet": -99000000,
        "incomeBeforeTax": 170000000,
        "incomeBeforeTaxRatio": 0.0694160882,
        "incomeTaxExpense": 66000000,
        "netIncome": 104000000,
        "netIncomeRatio": 0.0424663128,
        "eps": 0.51,
        "epsdiluted": 0.51,
        "weightedAverageShsOut": 203773584,
        "weightedAverageShsOutDil": 203773584,
        "link": "https://www.sec.gov/Archives/edgar/data/350563/000119312509039229/0001193125-09-039229-index.html",
        "finalLink": "https://www.sec.gov/Archives/edgar/data/96271/000119312509039229/d10k.htm"
    },
    {
        "date": "2008-09-30",
        "symbol": "TE",
        "reportedCurrency": "USD",
        "cik": "0001844224",
        "fillingDate": "2008-10-31",
        "acceptedDate": "2008-10-31 13:45:45",
        "calendarYear": "2008",
        "period": "Q3",
        "revenue": 926000000,
        "costOfRevenue": 134000000,
        "grossProfit": 792000000,
        "grossProfitRatio": 0.8552915767,
        "researchAndDevelopmentExpenses": 0,
        "generalAndAdministrativeExpenses": 0,
        "sellingAndMarketingExpenses": 0,
        "sellingGeneralAndAdministrativeExpenses": 676000000,
        "otherExpenses": 0,
        "operatingExpenses": 676000000,
        "costAndExpenses": 134000000,
        "interestIncome": 0,
        "interestExpense": -57000000,
        "depreciationAndAmortization": 196000000,
        "ebitda": 225000000,
        "ebitdaratio": 0.2429805616,
        "operatingIncome": 116000000,
        "operatingIncomeRatio": 0.1252699784,
        "totalOtherIncomeExpensesNet": -30000000,
        "incomeBeforeTax": 86000000,
        "incomeBeforeTaxRatio": 0.0928725702,
        "incomeTaxExpense": 28000000,
        "netIncome": 58000000,
        "netIncomeRatio": 0.0626349892,
        "eps": 0.21,
        "epsdiluted": 0.21,
        "weightedAverageShsOut": 274621000,
        "weightedAverageShsOutDil": 274621000,
        "link": "https://www.sec.gov/Archives/edgar/data/350563/000119312508221322/0001193125-08-221322-index.html",
        "finalLink": "https://www.sec.gov/Archives/edgar/data/96271/000119312508221322/d10q.htm"
    },
    {
        "date": "2008-06-30",
        "symbol": "TE",
        "reportedCurrency": "USD",
        "cik": "0001844224",
        "fillingDate": "2008-07-31",
        "acceptedDate": "2008-07-31 14:13:11",
        "calendarYear": "2008",
        "period": "Q2",
        "revenue": 887000000,
        "costOfRevenue": 133000000,
        "grossProfit": 754000000,
        "grossProfitRatio": 0.8500563698,
        "researchAndDevelopmentExpenses": 0,
        "generalAndAdministrativeExpenses": 0,
        "sellingAndMarketingExpenses": 0,
        "sellingGeneralAndAdministrativeExpenses": 651000000,
        "otherExpenses": 0,
        "operatingExpenses": 651000000,
        "costAndExpenses": 133000000,
        "interestIncome": 0,
        "interestExpense": -56000000,
        "depreciationAndAmortization": 64000000,
        "ebitda": 82000000,
        "ebitdaratio": 0.0924464487,
        "operatingIncome": 103000000,
        "operatingIncomeRatio": 0.1161217587,
        "totalOtherIncomeExpensesNet": -29000000,
        "incomeBeforeTax": 74000000,
        "incomeBeforeTaxRatio": 0.083427283,
        "incomeTaxExpense": 22000000,
        "netIncome": 52000000,
        "netIncomeRatio": 0.0586245772,
        "eps": 0.13,
        "epsdiluted": 0.13,
        "weightedAverageShsOut": 390290000,
        "weightedAverageShsOutDil": 390290000,
        "link": "https://www.sec.gov/Archives/edgar/data/350563/000119312508162408/0001193125-08-162408-index.html",
        "finalLink": "https://www.sec.gov/Archives/edgar/data/96271/000119312508162408/d10q.htm"
    },
    {
        "date": "2008-03-31",
        "symbol": "TE",
        "reportedCurrency": "USD",
        "cik": "0001844224",
        "fillingDate": "2008-05-02",
        "acceptedDate": "2008-05-02 14:49:07",
        "calendarYear": "2008",
        "period": "Q1",
        "revenue": 791000000,
        "costOfRevenue": 119000000,
        "grossProfit": 672000000,
        "grossProfitRatio": 0.8495575221,
        "researchAndDevelopmentExpenses": 0,
        "generalAndAdministrativeExpenses": 0,
        "sellingAndMarketingExpenses": 0,
        "sellingGeneralAndAdministrativeExpenses": 595000000,
        "otherExpenses": 0,
        "operatingExpenses": 595000000,
        "costAndExpenses": 119000000,
        "interestIncome": 0,
        "interestExpense": -58000000,
        "depreciationAndAmortization": 65000000,
        "ebitda": 50000000,
        "ebitdaratio": 0.0632111252,
        "operatingIncome": 77000000,
        "operatingIncomeRatio": 0.0973451327,
        "totalOtherIncomeExpensesNet": -34000000,
        "incomeBeforeTax": 43000000,
        "incomeBeforeTaxRatio": 0.0543615676,
        "incomeTaxExpense": 13000000,
        "netIncome": 30000000,
        "netIncomeRatio": 0.0379266751,
        "eps": 0.065,
        "epsdiluted": 0.065,
        "weightedAverageShsOut": 461596613,
        "weightedAverageShsOutDil": 461596613,
        "link": "https://www.sec.gov/Archives/edgar/data/350563/000119312508100580/0001193125-08-100580-index.html",
        "finalLink": "https://www.sec.gov/Archives/edgar/data/96271/000119312508100580/d10q.htm"
    },
    {
        "date": "2007-12-31",
        "symbol": "TE",
        "reportedCurrency": "USD",
        "cik": "0001844224",
        "fillingDate": "2008-02-28",
        "acceptedDate": "2008-02-28 16:30:43",
        "calendarYear": "2007",
        "period": "Q4",
        "revenue": 859000000,
        "costOfRevenue": 90000000,
        "grossProfit": 769000000,
        "grossProfitRatio": 0.8952270081,
        "researchAndDevelopmentExpenses": 0,
        "generalAndAdministrativeExpenses": 0,
        "sellingAndMarketingExpenses": 0,
        "sellingGeneralAndAdministrativeExpenses": 440000000,
        "otherExpenses": 0,
        "operatingExpenses": 440000000,
        "costAndExpenses": 90000000,
        "interestIncome": 0,
        "interestExpense": -61000000,
        "depreciationAndAmortization": 20000000,
        "ebitda": 243000000,
        "ebitdaratio": 0.282887078,
        "operatingIncome": 329000000,
        "operatingIncomeRatio": 0.3830034924,
        "totalOtherIncomeExpensesNet": -64000000,
        "incomeBeforeTax": 265000000,
        "incomeBeforeTaxRatio": 0.3084982538,
        "incomeTaxExpense": 110000000,
        "netIncome": 174000000,
        "netIncomeRatio": 0.2025611176,
        "eps": 0.33,
        "epsdiluted": 0.33,
        "weightedAverageShsOut": 532903225,
        "weightedAverageShsOutDil": 532903225,
        "link": "https://www.sec.gov/Archives/edgar/data/350563/000119312508041825/0001193125-08-041825-index.htm",
        "finalLink": "https://www.sec.gov/Archives/edgar/data/350563/000119312508041825/d10k.htm"
    },
    {
        "date": "2007-09-30",
        "symbol": "TE",
        "reportedCurrency": "USD",
        "cik": "0001844224",
        "fillingDate": "2007-11-02",
        "acceptedDate": "2007-11-02 16:45:32",
        "calendarYear": "2007",
        "period": "Q3",
        "revenue": 990000000,
        "costOfRevenue": 99000000,
        "grossProfit": 891000000,
        "grossProfitRatio": 0.9,
        "researchAndDevelopmentExpenses": 0,
        "generalAndAdministrativeExpenses": 0,
        "sellingAndMarketingExpenses": 0,
        "sellingGeneralAndAdministrativeExpenses": 750000000,
        "otherExpenses": 0,
        "operatingExpenses": 750000000,
        "costAndExpenses": 99000000,
        "interestIncome": 0,
        "interestExpense": -65000000,
        "depreciationAndAmortization": 60000000,
        "ebitda": 135000000,
        "ebitdaratio": 0.1363636364,
        "operatingIncome": 141000000,
        "operatingIncomeRatio": 0.1424242424,
        "totalOtherIncomeExpensesNet": -21000000,
        "incomeBeforeTax": 120000000,
        "incomeBeforeTaxRatio": 0.1212121212,
        "incomeTaxExpense": 47000000,
        "netIncome": 93000000,
        "netIncomeRatio": 0.0939393939,
        "eps": 0.0813,
        "epsdiluted": 0.0813,
        "weightedAverageShsOut": 1144088000,
        "weightedAverageShsOutDil": 1144088000,
        "link": "https://www.sec.gov/Archives/edgar/data/350563/000119312507233869/0001193125-07-233869-index.html",
        "finalLink": "https://www.sec.gov/Archives/edgar/data/96271/000119312507233869/d10q.htm"
    },
    {
        "date": "2007-06-30",
        "symbol": "TE",
        "reportedCurrency": "USD",
        "cik": "0001844224",
        "fillingDate": "2007-08-03",
        "acceptedDate": "2007-08-03 10:16:09",
        "calendarYear": "2007",
        "period": "Q2",
        "revenue": 866000000,
        "costOfRevenue": 93000000,
        "grossProfit": 773000000,
        "grossProfitRatio": 0.8926096998,
        "researchAndDevelopmentExpenses": 0,
        "generalAndAdministrativeExpenses": 0,
        "sellingAndMarketingExpenses": 0,
        "sellingGeneralAndAdministrativeExpenses": 685000000,
        "otherExpenses": 0,
        "operatingExpenses": 685000000,
        "costAndExpenses": 93000000,
        "interestIncome": 0,
        "interestExpense": -66000000,
        "depreciationAndAmortization": 67000000,
        "ebitda": 101000000,
        "ebitdaratio": 0.1166281755,
        "operatingIncome": 88000000,
        "operatingIncomeRatio": 0.1016166282,
        "totalOtherIncomeExpensesNet": -24000000,
        "incomeBeforeTax": 64000000,
        "incomeBeforeTaxRatio": 0.0739030023,
        "incomeTaxExpense": 26000000,
        "netIncome": 74000000,
        "netIncomeRatio": 0.0854503464,
        "eps": 0.11,
        "epsdiluted": 0.11,
        "weightedAverageShsOut": 699233000,
        "weightedAverageShsOutDil": 699233000,
        "link": "https://www.sec.gov/Archives/edgar/data/350563/000119312507170236/0001193125-07-170236-index.html",
        "finalLink": "https://www.sec.gov/Archives/edgar/data/96271/000119312507170236/d10q.htm"
    },
    {
        "date": "2007-03-31",
        "symbol": "TE",
        "reportedCurrency": "USD",
        "cik": "0001844224",
        "fillingDate": "2007-05-04",
        "acceptedDate": "2007-05-04 13:49:26",
        "calendarYear": "2007",
        "period": "Q1",
        "revenue": 821000000,
        "costOfRevenue": 107000000,
        "grossProfit": 714000000,
        "grossProfitRatio": 0.8696711328,
        "researchAndDevelopmentExpenses": 0,
        "generalAndAdministrativeExpenses": 0,
        "sellingAndMarketingExpenses": 0,
        "sellingGeneralAndAdministrativeExpenses": 636000000,
        "otherExpenses": 0,
        "operatingExpenses": 636000000,
        "costAndExpenses": 107000000,
        "interestIncome": 0,
        "interestExpense": -67000000,
        "depreciationAndAmortization": 71000000,
        "ebitda": 107000000,
        "ebitdaratio": 0.1303288672,
        "operatingIncome": 78000000,
        "operatingIncomeRatio": 0.0950060901,
        "totalOtherIncomeExpensesNet": 3000000,
        "incomeBeforeTax": 81000000,
        "incomeBeforeTaxRatio": 0.0986601705,
        "incomeTaxExpense": 31000000,
        "netIncome": 72000000,
        "netIncomeRatio": 0.0876979294,
        "eps": 0.21,
        "epsdiluted": 0.21,
        "weightedAverageShsOut": 345158000,
        "weightedAverageShsOutDil": 345158000,
        "link": "https://www.sec.gov/Archives/edgar/data/350563/000119312507102576/0001193125-07-102576-index.html",
        "finalLink": "https://www.sec.gov/Archives/edgar/data/96271/000119312507102576/d10q.htm"
    },
    {
        "date": "2006-12-31",
        "symbol": "TE",
        "reportedCurrency": "USD",
        "cik": "0001844224",
        "fillingDate": "2007-02-28",
        "acceptedDate": "2007-02-28 17:07:49",
        "calendarYear": "2006",
        "period": "Q4",
        "revenue": 827000000,
        "costOfRevenue": 70000000,
        "grossProfit": 757000000,
        "grossProfitRatio": 0.915356711,
        "researchAndDevelopmentExpenses": 0,
        "generalAndAdministrativeExpenses": 0,
        "sellingAndMarketingExpenses": 0,
        "sellingGeneralAndAdministrativeExpenses": 678000000,
        "otherExpenses": 0,
        "operatingExpenses": 678000000,
        "costAndExpenses": 70000000,
        "interestIncome": 0,
        "interestExpense": -70000000,
        "depreciationAndAmortization": 11000000,
        "ebitda": 16000000,
        "ebitdaratio": 0.0193470375,
        "operatingIncome": 79000000,
        "operatingIncomeRatio": 0.0955259976,
        "totalOtherIncomeExpensesNet": -27000000,
        "incomeBeforeTax": 52000000,
        "incomeBeforeTaxRatio": 0.0628778718,
        "incomeTaxExpense": 26000000,
        "netIncome": 49000000,
        "netIncomeRatio": 0.0592503023,
        "eps": 0.0414,
        "epsdiluted": 0.0414,
        "weightedAverageShsOut": 1183261000,
        "weightedAverageShsOutDil": 1183261000,
        "link": "https://www.sec.gov/Archives/edgar/data/350563/000119312507042781/0001193125-07-042781-index.htm",
        "finalLink": "https://www.sec.gov/Archives/edgar/data/350563/000119312507042781/d10k.htm"
    },
    {
        "date": "2006-09-30",
        "symbol": "TE",
        "reportedCurrency": "USD",
        "cik": "0001844224",
        "fillingDate": "2006-11-06",
        "acceptedDate": "2006-11-06 16:15:42",
        "calendarYear": "2006",
        "period": "Q3",
        "revenue": 922000000,
        "costOfRevenue": 85000000,
        "grossProfit": 837000000,
        "grossProfitRatio": 0.9078091106,
        "researchAndDevelopmentExpenses": 0,
        "generalAndAdministrativeExpenses": 0,
        "sellingAndMarketingExpenses": 0,
        "sellingGeneralAndAdministrativeExpenses": 702000000,
        "otherExpenses": 0,
        "operatingExpenses": 702000000,
        "costAndExpenses": 85000000,
        "interestIncome": 0,
        "interestExpense": -70000000,
        "depreciationAndAmortization": 71000000,
        "ebitda": 123000000,
        "ebitdaratio": 0.1334056399,
        "operatingIncome": 135000000,
        "operatingIncomeRatio": 0.1464208243,
        "totalOtherIncomeExpensesNet": -19000000,
        "incomeBeforeTax": 116000000,
        "incomeBeforeTaxRatio": 0.125813449,
        "incomeTaxExpense": 42000000,
        "netIncome": 80000000,
        "netIncomeRatio": 0.0867678959,
        "eps": 0.0843,
        "epsdiluted": 0.0843,
        "weightedAverageShsOut": 948483000,
        "weightedAverageShsOutDil": 948483000,
        "link": "https://www.sec.gov/Archives/edgar/data/350563/000119312506225152/0001193125-06-225152-index.htm",
        "finalLink": "https://www.sec.gov/Archives/edgar/data/350563/000119312506225152/d10q.htm"
    },
    {
        "date": "2006-06-30",
        "symbol": "TE",
        "reportedCurrency": "USD",
        "cik": "0001844224",
        "fillingDate": "2006-08-04",
        "acceptedDate": "2006-08-04 17:03:59",
        "calendarYear": "2006",
        "period": "Q2",
        "revenue": 863000000,
        "costOfRevenue": 88000000,
        "grossProfit": 775000000,
        "grossProfitRatio": 0.8980301275,
        "researchAndDevelopmentExpenses": 0,
        "generalAndAdministrativeExpenses": 0,
        "sellingAndMarketingExpenses": 0,
        "sellingGeneralAndAdministrativeExpenses": 657000000,
        "otherExpenses": 0,
        "operatingExpenses": 657000000,
        "costAndExpenses": 88000000,
        "interestIncome": 0,
        "interestExpense": -70000000,
        "depreciationAndAmortization": 70000000,
        "ebitda": 90000000,
        "ebitdaratio": 0.1042873696,
        "operatingIncome": 118000000,
        "operatingIncomeRatio": 0.1367323291,
        "totalOtherIncomeExpensesNet": -49000000,
        "incomeBeforeTax": 69000000,
        "incomeBeforeTaxRatio": 0.0799536501,
        "incomeTaxExpense": 28000000,
        "netIncome": 62000000,
        "netIncomeRatio": 0.0718424102,
        "eps": 0.11,
        "epsdiluted": 0.11,
        "weightedAverageShsOut": 563583000,
        "weightedAverageShsOutDil": 563583000,
        "link": "https://www.sec.gov/Archives/edgar/data/350563/000119312506162507/0001193125-06-162507-index.htm",
        "finalLink": "https://www.sec.gov/Archives/edgar/data/350563/000119312506162507/d10q.htm"
    },
    {
        "date": "2006-03-31",
        "symbol": "TE",
        "reportedCurrency": "USD",
        "cik": "0001844224",
        "fillingDate": "2006-05-05",
        "acceptedDate": "2006-05-05 17:25:41",
        "calendarYear": "2006",
        "period": "Q1",
        "revenue": 836000000,
        "costOfRevenue": 122000000,
        "grossProfit": 714000000,
        "grossProfitRatio": 0.8540669856,
        "researchAndDevelopmentExpenses": 0,
        "generalAndAdministrativeExpenses": 0,
        "sellingAndMarketingExpenses": 0,
        "sellingGeneralAndAdministrativeExpenses": 628000000,
        "otherExpenses": 0,
        "operatingExpenses": 628000000,
        "costAndExpenses": 122000000,
        "interestIncome": 0,
        "interestExpense": -69000000,
        "depreciationAndAmortization": 70000000,
        "ebitda": 78000000,
        "ebitdaratio": 0.0933014354,
        "operatingIncome": 86000000,
        "operatingIncomeRatio": 0.1028708134,
        "totalOtherIncomeExpensesNet": -30000000,
        "incomeBeforeTax": 56000000,
        "incomeBeforeTaxRatio": 0.0669856459,
        "incomeTaxExpense": 22000000,
        "netIncome": 55000000,
        "netIncomeRatio": 0.0657894737,
        "eps": 0.21,
        "epsdiluted": 0.21,
        "weightedAverageShsOut": 265060000,
        "weightedAverageShsOutDil": 265060000,
        "link": "https://www.sec.gov/Archives/edgar/data/350563/000119312506102294/0001193125-06-102294-index.htm",
        "finalLink": "https://www.sec.gov/Archives/edgar/data/350563/000119312506102294/d10q.htm"
    },
    {
        "date": "2005-12-31",
        "symbol": "TE",
        "reportedCurrency": "USD",
        "cik": "0001844224",
        "fillingDate": "2006-03-07",
        "acceptedDate": "2006-03-06 18:32:46",
        "calendarYear": "2005",
        "period": "Q4",
        "revenue": 770000000,
        "costOfRevenue": 104000000,
        "grossProfit": 666000000,
        "grossProfitRatio": 0.8649350649,
        "researchAndDevelopmentExpenses": 0,
        "generalAndAdministrativeExpenses": 0,
        "sellingAndMarketingExpenses": 0,
        "sellingGeneralAndAdministrativeExpenses": 583000000,
        "otherExpenses": 0,
        "operatingExpenses": 583000000,
        "costAndExpenses": 104000000,
        "interestIncome": 0,
        "interestExpense": -68000000,
        "depreciationAndAmortization": 56000000,
        "ebitda": 70000000,
        "ebitdaratio": 0.0909090909,
        "operatingIncome": 83000000,
        "operatingIncomeRatio": 0.1077922078,
        "totalOtherIncomeExpensesNet": -19000000,
        "incomeBeforeTax": 64000000,
        "incomeBeforeTaxRatio": 0.0831168831,
        "incomeTaxExpense": 30000000,
        "netIncome": 52000000,
        "netIncomeRatio": 0.0675324675,
        "eps": 0.0392,
        "epsdiluted": 0.0392,
        "weightedAverageShsOut": 1328162000,
        "weightedAverageShsOutDil": 1328162000,
        "link": "https://www.sec.gov/Archives/edgar/data/350563/000119312506046299/0001193125-06-046299-index.htm",
        "finalLink": "https://www.sec.gov/Archives/edgar/data/350563/000119312506046299/d10k.htm"
    },
    {
        "date": "2005-09-30",
        "symbol": "TE",
        "reportedCurrency": "USD",
        "cik": "0001844224",
        "fillingDate": "2005-11-09",
        "acceptedDate": "2005-11-08 19:40:32",
        "calendarYear": "2005",
        "period": "Q3",
        "revenue": 837000000,
        "costOfRevenue": 97000000,
        "grossProfit": 740000000,
        "grossProfitRatio": 0.8841099164,
        "researchAndDevelopmentExpenses": 0,
        "generalAndAdministrativeExpenses": 0,
        "sellingAndMarketingExpenses": 0,
        "sellingGeneralAndAdministrativeExpenses": 639000000,
        "otherExpenses": 0,
        "operatingExpenses": 639000000,
        "costAndExpenses": 97000000,
        "interestIncome": 0,
        "interestExpense": -69000000,
        "depreciationAndAmortization": 56000000,
        "ebitda": 122000000,
        "ebitdaratio": 0.1457586619,
        "operatingIncome": 101000000,
        "operatingIncomeRatio": 0.1206690562,
        "totalOtherIncomeExpensesNet": 11000000,
        "incomeBeforeTax": 112000000,
        "incomeBeforeTaxRatio": 0.1338112306,
        "incomeTaxExpense": 40000000,
        "netIncome": 95000000,
        "netIncomeRatio": 0.1135005974,
        "eps": 0.0882,
        "epsdiluted": 0.13,
        "weightedAverageShsOut": 742091500,
        "weightedAverageShsOutDil": 742091500,
        "link": "https://www.sec.gov/Archives/edgar/data/350563/000119312505220123/0001193125-05-220123-index.htm",
        "finalLink": "https://www.sec.gov/Archives/edgar/data/350563/000119312505220123/d10q.htm"
    },
    {
        "date": "2005-06-30",
        "symbol": "TE",
        "reportedCurrency": "USD",
        "cik": "0001844224",
        "fillingDate": "2005-08-09",
        "acceptedDate": "2005-08-09 14:59:35",
        "calendarYear": "2005",
        "period": "Q2",
        "revenue": 719000000,
        "costOfRevenue": 66000000,
        "grossProfit": 653000000,
        "grossProfitRatio": 0.9082058414,
        "researchAndDevelopmentExpenses": 0,
        "generalAndAdministrativeExpenses": 0,
        "sellingAndMarketingExpenses": 0,
        "sellingGeneralAndAdministrativeExpenses": 560000000,
        "otherExpenses": 0,
        "operatingExpenses": 560000000,
        "costAndExpenses": 66000000,
        "interestIncome": 0,
        "interestExpense": -76000000,
        "depreciationAndAmortization": 55000000,
        "ebitda": 78000000,
        "ebitdaratio": 0.1084840056,
        "operatingIncome": 93000000,
        "operatingIncomeRatio": 0.1293463143,
        "totalOtherIncomeExpensesNet": -100000000,
        "incomeBeforeTax": -7000000,
        "incomeBeforeTaxRatio": -0.0097357441,
        "incomeTaxExpense": 4000000,
        "netIncome": 95000000,
        "netIncomeRatio": 0.1321279555,
        "eps": 0.15,
        "epsdiluted": 0.15,
        "weightedAverageShsOut": 742091500,
        "weightedAverageShsOutDil": 742091500,
        "link": "https://www.sec.gov/Archives/edgar/data/350563/000119312505162431/0001193125-05-162431-index.htm",
        "finalLink": "https://www.sec.gov/Archives/edgar/data/350563/000119312505162431/d10q.htm"
    },
    {
        "date": "2005-03-31",
        "symbol": "TE",
        "reportedCurrency": "USD",
        "cik": "0001844224",
        "fillingDate": "2005-05-09",
        "acceptedDate": "2005-05-09 16:53:27",
        "calendarYear": "2005",
        "period": "Q1",
        "revenue": 684000000,
        "costOfRevenue": 83000000,
        "grossProfit": 601000000,
        "grossProfitRatio": 0.8786549708,
        "researchAndDevelopmentExpenses": 0,
        "generalAndAdministrativeExpenses": 0,
        "sellingAndMarketingExpenses": 0,
        "sellingGeneralAndAdministrativeExpenses": 522000000,
        "otherExpenses": 0,
        "operatingExpenses": 522000000,
        "costAndExpenses": 83000000,
        "interestIncome": 0,
        "interestExpense": -75000000,
        "depreciationAndAmortization": 55000000,
        "ebitda": 39000000,
        "ebitdaratio": 0.0570175439,
        "operatingIncome": 79000000,
        "operatingIncomeRatio": 0.115497076,
        "totalOtherIncomeExpensesNet": -23000000,
        "incomeBeforeTax": 56000000,
        "incomeBeforeTaxRatio": 0.081871345,
        "incomeTaxExpense": 27000000,
        "netIncome": 32000000,
        "netIncomeRatio": 0.0467836257,
        "eps": 0.21,
        "epsdiluted": 0.21,
        "weightedAverageShsOut": 156021000,
        "weightedAverageShsOutDil": 156021000,
        "link": "https://www.sec.gov/Archives/edgar/data/350563/000119312505100952/0001193125-05-100952-index.htm",
        "finalLink": "https://www.sec.gov/Archives/edgar/data/350563/000119312505100952/d10q.htm"
    },
    {
        "date": "2004-12-31",
        "symbol": "TE",
        "reportedCurrency": "USD",
        "cik": "0001844224",
        "fillingDate": "2005-03-15",
        "acceptedDate": "2005-03-15 15:22:39",
        "calendarYear": "2004",
        "period": "Q4",
        "revenue": 572000000,
        "costOfRevenue": 55000000,
        "grossProfit": 517000000,
        "grossProfitRatio": 0.9038461538,
        "researchAndDevelopmentExpenses": 0,
        "generalAndAdministrativeExpenses": 0,
        "sellingAndMarketingExpenses": 0,
        "sellingGeneralAndAdministrativeExpenses": 1184000000,
        "otherExpenses": 0,
        "operatingExpenses": 1184000000,
        "costAndExpenses": 55000000,
        "interestIncome": 0,
        "interestExpense": -76000000,
        "depreciationAndAmortization": 72000000,
        "ebitda": -705000000,
        "ebitdaratio": -1.2325174825,
        "operatingIncome": -667000000,
        "operatingIncomeRatio": -1.1660839161,
        "totalOtherIncomeExpensesNet": -37000000,
        "incomeBeforeTax": -704000000,
        "incomeBeforeTaxRatio": -1.2307692308,
        "incomeTaxExpense": -93000000,
        "netIncome": -608000000,
        "netIncomeRatio": -1.0629370629,
        "eps": -3.9,
        "epsdiluted": -3.9,
        "weightedAverageShsOut": 156021000,
        "weightedAverageShsOutDil": 156021000,
        "link": "https://www.sec.gov/Archives/edgar/data/350563/000119312505050920/0001193125-05-050920-index.htm",
        "finalLink": "https://www.sec.gov/Archives/edgar/data/350563/000119312505050920/d10k.htm"
    },
    {
        "date": "2004-09-30",
        "symbol": "TE",
        "reportedCurrency": "USD",
        "cik": "0001844224",
        "fillingDate": "2004-11-09",
        "acceptedDate": "2004-11-09 12:42:46",
        "calendarYear": "2004",
        "period": "Q3",
        "revenue": 742000000,
        "costOfRevenue": 52000000,
        "grossProfit": 690000000,
        "grossProfitRatio": 0.9299191375,
        "researchAndDevelopmentExpenses": 0,
        "generalAndAdministrativeExpenses": 0,
        "sellingAndMarketingExpenses": 0,
        "sellingGeneralAndAdministrativeExpenses": 612000000,
        "otherExpenses": 0,
        "operatingExpenses": 612000000,
        "costAndExpenses": 52000000,
        "interestIncome": 0,
        "interestExpense": -73000000,
        "depreciationAndAmortization": 72000000,
        "ebitda": 56000000,
        "ebitdaratio": 0.0754716981,
        "operatingIncome": 78000000,
        "operatingIncomeRatio": 0.1051212938,
        "totalOtherIncomeExpensesNet": -21000000,
        "incomeBeforeTax": 57000000,
        "incomeBeforeTaxRatio": 0.076819407,
        "incomeTaxExpense": 16000000,
        "netIncome": 41000000,
        "netIncomeRatio": 0.0552560647,
        "eps": 0.26,
        "epsdiluted": 0.26,
        "weightedAverageShsOut": 156021000,
        "weightedAverageShsOutDil": 156021000,
        "link": "https://www.sec.gov/Archives/edgar/data/350563/000119312504190823/0001193125-04-190823-index.htm",
        "finalLink": "https://www.sec.gov/Archives/edgar/data/350563/000119312504190823/d10q.htm"
    },
    {
        "date": "2004-06-30",
        "symbol": "TE",
        "reportedCurrency": "USD",
        "cik": "0001844224",
        "fillingDate": "2004-08-06",
        "acceptedDate": "2004-08-06 12:31:57",
        "calendarYear": "2004",
        "period": "Q2",
        "revenue": 713000000,
        "costOfRevenue": 61000000,
        "grossProfit": 652000000,
        "grossProfitRatio": 0.9144460028,
        "researchAndDevelopmentExpenses": 0,
        "generalAndAdministrativeExpenses": 0,
        "sellingAndMarketingExpenses": 0,
        "sellingGeneralAndAdministrativeExpenses": 572000000,
        "otherExpenses": 0,
        "operatingExpenses": 572000000,
        "costAndExpenses": 61000000,
        "interestIncome": 0,
        "interestExpense": -84000000,
        "depreciationAndAmortization": 73000000,
        "ebitda": -126000000,
        "ebitdaratio": -0.1767180926,
        "operatingIncome": 80000000,
        "operatingIncomeRatio": 0.1122019635,
        "totalOtherIncomeExpensesNet": -196000000,
        "incomeBeforeTax": -116000000,
        "incomeBeforeTaxRatio": -0.1626928471,
        "incomeTaxExpense": -8000000,
        "netIncome": -107000000,
        "netIncomeRatio": -0.1500701262,
        "eps": -0.69,
        "epsdiluted": -0.69,
        "weightedAverageShsOut": 156021000,
        "weightedAverageShsOutDil": 156021000,
        "link": "https://www.sec.gov/Archives/edgar/data/350563/000119312504133980/0001193125-04-133980-index.htm",
        "finalLink": "https://www.sec.gov/Archives/edgar/data/350563/000119312504133980/d10q.htm"
    },
    {
        "date": "2004-03-31",
        "symbol": "TE",
        "reportedCurrency": "USD",
        "cik": "0001844224",
        "fillingDate": "2004-05-07",
        "acceptedDate": "2004-05-07 17:07:12",
        "calendarYear": "2004",
        "period": "Q1",
        "revenue": 642000000,
        "costOfRevenue": 58000000,
        "grossProfit": 584000000,
        "grossProfitRatio": 0.9096573209,
        "researchAndDevelopmentExpenses": 0,
        "generalAndAdministrativeExpenses": 0,
        "sellingAndMarketingExpenses": 0,
        "sellingGeneralAndAdministrativeExpenses": 532000000,
        "otherExpenses": 0,
        "operatingExpenses": 532000000,
        "costAndExpenses": 58000000,
        "interestIncome": 0,
        "interestExpense": -88000000,
        "depreciationAndAmortization": 72000000,
        "ebitda": -6000000,
        "ebitdaratio": -0.0093457944,
        "operatingIncome": 52000000,
        "operatingIncomeRatio": 0.0809968847,
        "totalOtherIncomeExpensesNet": -38000000,
        "incomeBeforeTax": 14000000,
        "incomeBeforeTaxRatio": 0.0218068536,
        "incomeTaxExpense": 8000000,
        "netIncome": 2000000,
        "netIncomeRatio": 0.0031152648,
        "eps": 0.19,
        "epsdiluted": 0.19,
        "weightedAverageShsOut": 10638000,
        "weightedAverageShsOutDil": 10638000,
        "link": "https://www.sec.gov/Archives/edgar/data/350563/000119312504082255/0001193125-04-082255-index.htm",
        "finalLink": "https://www.sec.gov/Archives/edgar/data/350563/000119312504082255/d10q.htm"
    },
    {
        "date": "2003-12-31",
        "symbol": "TE",
        "reportedCurrency": "USD",
        "cik": "0001844224",
        "fillingDate": "2004-03-15",
        "acceptedDate": "2004-03-15 15:41:03",
        "calendarYear": "2003",
        "period": "Q4",
        "revenue": 4000000,
        "costOfRevenue": 0,
        "grossProfit": 4000000,
        "grossProfitRatio": 1,
        "researchAndDevelopmentExpenses": 0,
        "generalAndAdministrativeExpenses": 7000000,
        "sellingAndMarketingExpenses": 0,
        "sellingGeneralAndAdministrativeExpenses": 7000000,
        "otherExpenses": 0,
        "operatingExpenses": 7000000,
        "costAndExpenses": 7000000,
        "interestIncome": 0,
        "interestExpense": 75000000,
        "depreciationAndAmortization": -32000000,
        "ebitda": -911000000,
        "ebitdaratio": -227.75,
        "operatingIncome": -5000000,
        "operatingIncomeRatio": -1.25,
        "totalOtherIncomeExpensesNet": -949000000,
        "incomeBeforeTax": -954000000,
        "incomeBeforeTaxRatio": -238.5,
        "incomeTaxExpense": 0,
        "netIncome": -954000000,
        "netIncomeRatio": -238.5,
        "eps": -89.68,
        "epsdiluted": -89.68,
        "weightedAverageShsOut": 10638000,
        "weightedAverageShsOutDil": 10638000,
        "link": "https://www.sec.gov/Archives/edgar/data/350563/000119312504042158/0001193125-04-042158-index.htm",
        "finalLink": "https://www.sec.gov/Archives/edgar/data/350563/000119312504042158/d10k.htm"
    },
    {
        "date": "2003-09-30",
        "symbol": "TE",
        "reportedCurrency": "USD",
        "cik": "0001844224",
        "fillingDate": "2003-11-13",
        "acceptedDate": "2003-11-13 17:07:14",
        "calendarYear": "2003",
        "period": "Q3",
        "revenue": 927000000,
        "costOfRevenue": 63000000,
        "grossProfit": 864000000,
        "grossProfitRatio": 0.932038835,
        "researchAndDevelopmentExpenses": 0,
        "generalAndAdministrativeExpenses": 0,
        "sellingAndMarketingExpenses": 0,
        "sellingGeneralAndAdministrativeExpenses": 805000000,
        "otherExpenses": 0,
        "operatingExpenses": 805000000,
        "costAndExpenses": 63000000,
        "interestIncome": 0,
        "interestExpense": -99000000,
        "depreciationAndAmortization": 99000000,
        "ebitda": -66000000,
        "ebitdaratio": -0.071197411,
        "operatingIncome": 59000000,
        "operatingIncomeRatio": 0.0636461704,
        "totalOtherIncomeExpensesNet": -125000000,
        "incomeBeforeTax": -66000000,
        "incomeBeforeTaxRatio": -0.071197411,
        "incomeTaxExpense": 27000000,
        "netIncome": -93000000,
        "netIncomeRatio": -0.1003236246,
        "eps": -8.18,
        "epsdiluted": -8.18,
        "weightedAverageShsOut": 11370000,
        "weightedAverageShsOutDil": 11370000,
        "link": "https://www.sec.gov/Archives/edgar/data/350563/000119312503080313/0001193125-03-080313-index.htm",
        "finalLink": "https://www.sec.gov/Archives/edgar/data/350563/000119312503080313/d10q.htm"
    },
    {
        "date": "2003-06-30",
        "symbol": "TE",
        "reportedCurrency": "USD",
        "cik": "0001844224",
        "fillingDate": "2003-08-14",
        "acceptedDate": "2003-08-13 19:32:31",
        "calendarYear": "2003",
        "period": "Q2",
        "revenue": 737000000,
        "costOfRevenue": 53000000,
        "grossProfit": 684000000,
        "grossProfitRatio": 0.9280868385,
        "researchAndDevelopmentExpenses": 0,
        "generalAndAdministrativeExpenses": 0,
        "sellingAndMarketingExpenses": 0,
        "sellingGeneralAndAdministrativeExpenses": 697000000,
        "otherExpenses": 0,
        "operatingExpenses": 697000000,
        "costAndExpenses": 53000000,
        "interestIncome": 0,
        "interestExpense": -76000000,
        "depreciationAndAmortization": 97000000,
        "ebitda": -266000000,
        "ebitdaratio": -0.3609226594,
        "operatingIncome": -13000000,
        "operatingIncomeRatio": -0.0176390773,
        "totalOtherIncomeExpensesNet": -199000000,
        "incomeBeforeTax": -212000000,
        "incomeBeforeTaxRatio": -0.2876526459,
        "incomeTaxExpense": -275000000,
        "netIncome": -287000000,
        "netIncomeRatio": -0.3894165536,
        "eps": -25.24,
        "epsdiluted": -25.24,
        "weightedAverageShsOut": 11370000,
        "weightedAverageShsOutDil": 11370000,
        "link": "https://www.sec.gov/Archives/edgar/data/96271/000119312503036377/0001193125-03-036377-index.html",
        "finalLink": "https://www.sec.gov/Archives/edgar/data/96271/000119312503036377/d10q.htm"
    },
    {
        "date": "2003-03-31",
        "symbol": "TE",
        "reportedCurrency": "USD",
        "cik": "0001844224",
        "fillingDate": "2003-05-15",
        "acceptedDate": "2003-05-15 16:26:20",
        "calendarYear": "2003",
        "period": "Q1",
        "revenue": 658000000,
        "costOfRevenue": 70000000,
        "grossProfit": 588000000,
        "grossProfitRatio": 0.8936170213,
        "researchAndDevelopmentExpenses": 0,
        "generalAndAdministrativeExpenses": 0,
        "sellingAndMarketingExpenses": 0,
        "sellingGeneralAndAdministrativeExpenses": 596000000,
        "otherExpenses": 0,
        "operatingExpenses": 596000000,
        "costAndExpenses": 70000000,
        "interestIncome": 0,
        "interestExpense": -57000000,
        "depreciationAndAmortization": 79000000,
        "ebitda": 39000000,
        "ebitdaratio": 0.0592705167,
        "operatingIncome": -8000000,
        "operatingIncomeRatio": -0.0121580547,
        "totalOtherIncomeExpensesNet": -50000000,
        "incomeBeforeTax": -58000000,
        "incomeBeforeTaxRatio": -0.0881458967,
        "incomeTaxExpense": 15000000,
        "netIncome": 2000000,
        "netIncomeRatio": 0.0030395137,
        "eps": 0.18,
        "epsdiluted": 0.18,
        "weightedAverageShsOut": 11370000,
        "weightedAverageShsOutDil": 11370000,
        "link": "https://www.sec.gov/Archives/edgar/data/350563/000102140803007932/0001021408-03-007932-index.htm",
        "finalLink": "https://www.sec.gov/Archives/edgar/data/350563/000102140803007932/d10q.htm"
    },
    {
        "date": "2002-12-31",
        "symbol": "TE",
        "reportedCurrency": "USD",
        "cik": "0001844224",
        "fillingDate": "2003-03-07",
        "acceptedDate": "2003-03-07 16:44:53",
        "calendarYear": "2002",
        "period": "Q4",
        "revenue": 1265000000,
        "costOfRevenue": 37000000,
        "grossProfit": 1228000000,
        "grossProfitRatio": 0.9707509881,
        "researchAndDevelopmentExpenses": 0,
        "generalAndAdministrativeExpenses": 0,
        "sellingAndMarketingExpenses": 0,
        "sellingGeneralAndAdministrativeExpenses": 1168000000,
        "otherExpenses": 0,
        "operatingExpenses": 1168000000,
        "costAndExpenses": 37000000,
        "interestIncome": 0,
        "interestExpense": -39000000,
        "depreciationAndAmortization": 69000000,
        "ebitda": 47000000,
        "ebitdaratio": 0.0371541502,
        "operatingIncome": 60000000,
        "operatingIncomeRatio": 0.04743083,
        "totalOtherIncomeExpensesNet": -59000000,
        "incomeBeforeTax": 1000000,
        "incomeBeforeTaxRatio": 0.0007905138,
        "incomeTaxExpense": -33000000,
        "netIncome": 50000000,
        "netIncomeRatio": 0.0395256917,
        "eps": 2.32,
        "epsdiluted": 2.32,
        "weightedAverageShsOut": 21540460,
        "weightedAverageShsOutDil": 21540460,
        "link": "https://www.sec.gov/Archives/edgar/data/350563/000092838503000500/0000928385-03-000500-index.htm",
        "finalLink": "https://www.sec.gov/Archives/edgar/data/350563/000092838503000500/d10k.htm"
    },
    {
        "date": "2002-09-30",
        "symbol": "TE",
        "reportedCurrency": "USD",
        "cik": "0001844224",
        "fillingDate": "2002-11-14",
        "acceptedDate": "2002-11-13 20:22:28",
        "calendarYear": "2002",
        "period": "Q3",
        "revenue": 1410000000,
        "costOfRevenue": 111000000,
        "grossProfit": 1299000000,
        "grossProfitRatio": 0.9212765957,
        "researchAndDevelopmentExpenses": 0,
        "generalAndAdministrativeExpenses": 0,
        "sellingAndMarketingExpenses": 0,
        "sellingGeneralAndAdministrativeExpenses": 970000000,
        "otherExpenses": 0,
        "operatingExpenses": 970000000,
        "costAndExpenses": 111000000,
        "interestIncome": 0,
        "interestExpense": -108000000,
        "depreciationAndAmortization": 76000000,
        "ebitda": 243000000,
        "ebitdaratio": 0.1723404255,
        "operatingIncome": 329000000,
        "operatingIncomeRatio": 0.2333333333,
        "totalOtherIncomeExpensesNet": -71000000,
        "incomeBeforeTax": 258000000,
        "incomeBeforeTaxRatio": 0.1829787234,
        "incomeTaxExpense": -5000000,
        "netIncome": 280000000,
        "netIncomeRatio": 0.1985815603,
        "eps": 14.64,
        "epsdiluted": 14.64,
        "weightedAverageShsOut": 19125680,
        "weightedAverageShsOutDil": 19125680,
        "link": "https://www.sec.gov/Archives/edgar/data/350563/000093176302003457/0000931763-02-003457-index.html",
        "finalLink": "https://www.sec.gov/Archives/edgar/data/350563/000093176302003457/d10q.htm"
    }
]