[
    {
        "date": "2025-06-30",
        "symbol": "TEN",
        "reportedCurrency": "USD",
        "cik": "0001166663",
        "fillingDate": "2025-06-30",
        "acceptedDate": "2025-06-29 20:00:00",
        "calendarYear": "2025",
        "period": "Q2",
        "revenue": 193309000,
        "costOfRevenue": 129631000,
        "grossProfit": 63678000,
        "grossProfitRatio": 0.3294104258,
        "researchAndDevelopmentExpenses": 0,
        "generalAndAdministrativeExpenses": 0,
        "sellingAndMarketingExpenses": 0,
        "sellingGeneralAndAdministrativeExpenses": 13237000,
        "otherExpenses": 0,
        "operatingExpenses": 13237000,
        "costAndExpenses": 142868000,
        "interestIncome": 3231000,
        "interestExpense": 23741000,
        "depreciationAndAmortization": 42089000,
        "ebitda": 94120000,
        "ebitdaratio": 0.486888867,
        "operatingIncome": 50441000,
        "operatingIncomeRatio": 0.2609345659,
        "totalOtherIncomeExpensesNet": -22151000,
        "incomeBeforeTax": 28290000,
        "incomeBeforeTaxRatio": 0.1463460056,
        "incomeTaxExpense": 0,
        "netIncome": 26520000,
        "netIncomeRatio": 0.1371896808,
        "eps": 0.67,
        "epsdiluted": 0.67,
        "weightedAverageShsOut": 29661103,
        "weightedAverageShsOutDil": 29661103,
        "link": null,
        "finalLink": null
    },
    {
        "date": "2025-03-31",
        "symbol": "TEN",
        "reportedCurrency": "USD",
        "cik": "0001024725",
        "fillingDate": "2025-03-31",
        "acceptedDate": "2025-03-31 00:00:00",
        "calendarYear": "2025",
        "period": "Q1",
        "revenue": 197051000,
        "costOfRevenue": 130082000,
        "grossProfit": 66969000,
        "grossProfitRatio": 0.3398561794,
        "researchAndDevelopmentExpenses": 0,
        "generalAndAdministrativeExpenses": 9906000,
        "sellingAndMarketingExpenses": 0,
        "sellingGeneralAndAdministrativeExpenses": 9906000,
        "otherExpenses": -3553000,
        "operatingExpenses": 6353000,
        "costAndExpenses": 136435000,
        "interestIncome": 2307000,
        "interestExpense": 24002000,
        "depreciationAndAmortization": 0,
        "ebitda": 62904000,
        "ebitdaratio": 0.3192270021,
        "operatingIncome": 60616000,
        "operatingIncomeRatio": 0.3076157949,
        "totalOtherIncomeExpensesNet": -21714000,
        "incomeBeforeTax": 38902000,
        "incomeBeforeTaxRatio": 0.1974209722,
        "incomeTaxExpense": 0,
        "netIncome": 37711000,
        "netIncomeRatio": 0.1913768517,
        "eps": 1.04,
        "epsdiluted": 1.04,
        "weightedAverageShsOut": 29661103,
        "weightedAverageShsOutDil": 29661103,
        "link": null,
        "finalLink": null
    },
    {
        "date": "2024-12-31",
        "symbol": "TEN",
        "reportedCurrency": "USD",
        "cik": "0001024725",
        "fillingDate": "2024-12-31",
        "acceptedDate": "2024-12-31 00:00:00",
        "calendarYear": "2024",
        "period": "Q4",
        "revenue": 188260000,
        "costOfRevenue": 129927000,
        "grossProfit": 58333000,
        "grossProfitRatio": 0.3098533942,
        "researchAndDevelopmentExpenses": 0,
        "generalAndAdministrativeExpenses": 15920000,
        "sellingAndMarketingExpenses": 0,
        "sellingGeneralAndAdministrativeExpenses": 15920000,
        "otherExpenses": 0,
        "operatingExpenses": 15920000,
        "costAndExpenses": 145847000,
        "interestIncome": 3972000,
        "interestExpense": 25894000,
        "depreciationAndAmortization": 41547000,
        "ebitda": 87910000,
        "ebitdaratio": 0.4669605864,
        "operatingIncome": 42413000,
        "operatingIncomeRatio": 0.2252894933,
        "totalOtherIncomeExpensesNet": -20793000,
        "incomeBeforeTax": 21620000,
        "incomeBeforeTaxRatio": 0.1148411771,
        "incomeTaxExpense": 0,
        "netIncome": 19272000,
        "netIncomeRatio": 0.1023690641,
        "eps": 0.41,
        "epsdiluted": 0.41,
        "weightedAverageShsOut": 29505603,
        "weightedAverageShsOutDil": 29628104,
        "link": null,
        "finalLink": null
    },
    {
        "date": "2024-09-30",
        "symbol": "TEN",
        "reportedCurrency": "USD",
        "cik": "0001024725",
        "fillingDate": "2024-09-30",
        "acceptedDate": "2024-09-30 00:00:00",
        "calendarYear": "2024",
        "period": "Q3",
        "revenue": 200158000,
        "costOfRevenue": 128985000,
        "grossProfit": 71173000,
        "grossProfitRatio": 0.3555840886,
        "researchAndDevelopmentExpenses": 0,
        "generalAndAdministrativeExpenses": 14222000,
        "sellingAndMarketingExpenses": 0,
        "sellingGeneralAndAdministrativeExpenses": 14222000,
        "otherExpenses": 0,
        "operatingExpenses": 14222000,
        "costAndExpenses": 143207000,
        "interestIncome": 3217000,
        "interestExpense": 32209000,
        "depreciationAndAmortization": 30779250,
        "ebitda": 56951000,
        "ebitdaratio": 0.2845302211,
        "operatingIncome": 56951000,
        "operatingIncomeRatio": 0.2845302211,
        "totalOtherIncomeExpensesNet": -28946000,
        "incomeBeforeTax": 28005000,
        "incomeBeforeTaxRatio": 0.1399144676,
        "incomeTaxExpense": 0,
        "netIncome": 26540000,
        "netIncomeRatio": 0.1325952498,
        "eps": 0.67,
        "epsdiluted": 0.67,
        "weightedAverageShsOut": 29505603,
        "weightedAverageShsOutDil": 29611829,
        "link": null,
        "finalLink": null
    },
    {
        "date": "2024-06-30",
        "symbol": "TEN",
        "reportedCurrency": "USD",
        "cik": "0001024725",
        "fillingDate": "2024-06-30",
        "acceptedDate": "2024-06-29 20:00:00",
        "calendarYear": "2024",
        "period": "Q2",
        "revenue": 214055000,
        "costOfRevenue": 135696000,
        "grossProfit": 78359000,
        "grossProfitRatio": 0.3660694681,
        "researchAndDevelopmentExpenses": 0,
        "generalAndAdministrativeExpenses": 7904000,
        "sellingAndMarketingExpenses": 0,
        "sellingGeneralAndAdministrativeExpenses": 7904000,
        "otherExpenses": -32495000,
        "operatingExpenses": -24591000,
        "costAndExpenses": 111105000,
        "interestIncome": 4687000,
        "interestExpense": 30749000,
        "depreciationAndAmortization": 39494000,
        "ebitda": 147831000,
        "ebitdaratio": 0.6906215692,
        "operatingIncome": 102950000,
        "operatingIncomeRatio": 0.4809511574,
        "totalOtherIncomeExpensesNet": -25362000,
        "incomeBeforeTax": 77588000,
        "incomeBeforeTaxRatio": 0.3624675901,
        "incomeTaxExpense": 0,
        "netIncome": 76386000,
        "netIncomeRatio": 0.3568522109,
        "eps": 2.36,
        "epsdiluted": 2.36,
        "weightedAverageShsOut": 29505603,
        "weightedAverageShsOutDil": 29505603,
        "link": null,
        "finalLink": null
    },
    {
        "date": "2024-03-31",
        "symbol": "TEN",
        "reportedCurrency": "USD",
        "cik": "0001024725",
        "fillingDate": "2024-03-31",
        "acceptedDate": "2024-03-30 20:00:00",
        "calendarYear": "2024",
        "period": "Q1",
        "revenue": 201589000,
        "costOfRevenue": 134185000,
        "grossProfit": 67404000,
        "grossProfitRatio": 0.3343634821,
        "researchAndDevelopmentExpenses": 0,
        "generalAndAdministrativeExpenses": 7326000,
        "sellingAndMarketingExpenses": 0,
        "sellingGeneralAndAdministrativeExpenses": 7326000,
        "otherExpenses": -16167000,
        "operatingExpenses": -8841000,
        "costAndExpenses": 125344000,
        "interestIncome": 3248000,
        "interestExpense": 25145000,
        "depreciationAndAmortization": 37526000,
        "ebitda": 117089000,
        "ebitdaratio": 0.5808303032,
        "operatingIncome": 76245000,
        "operatingIncomeRatio": 0.3782200418,
        "totalOtherIncomeExpensesNet": -21827000,
        "incomeBeforeTax": 54418000,
        "incomeBeforeTaxRatio": 0.2699452847,
        "incomeTaxExpense": 0,
        "netIncome": 54034000,
        "netIncomeRatio": 0.2680404189,
        "eps": 1.6,
        "epsdiluted": 1.6,
        "weightedAverageShsOut": 29505603,
        "weightedAverageShsOutDil": 29505603,
        "link": null,
        "finalLink": null
    },
    {
        "date": "2023-12-31",
        "symbol": "TEN",
        "reportedCurrency": "USD",
        "cik": "0001024725",
        "fillingDate": "2023-12-31",
        "acceptedDate": "2023-12-30 19:00:00",
        "calendarYear": "2023",
        "period": "Q4",
        "revenue": 220241000,
        "costOfRevenue": 129594000,
        "grossProfit": 90647000,
        "grossProfitRatio": 0.41158095,
        "researchAndDevelopmentExpenses": 0,
        "generalAndAdministrativeExpenses": 7501000,
        "sellingAndMarketingExpenses": 0,
        "sellingGeneralAndAdministrativeExpenses": 7501000,
        "otherExpenses": 26367000,
        "operatingExpenses": 33868000,
        "costAndExpenses": 163462000,
        "interestIncome": 4472000,
        "interestExpense": 27928000,
        "depreciationAndAmortization": 37540000,
        "ebitda": 98642000,
        "ebitdaratio": 0.4478820928,
        "operatingIncome": 56779000,
        "operatingIncomeRatio": 0.2578039511,
        "totalOtherIncomeExpensesNet": -23605000,
        "incomeBeforeTax": 33174000,
        "incomeBeforeTaxRatio": 0.1506259053,
        "incomeTaxExpense": 0,
        "netIncome": 31762000,
        "netIncomeRatio": 0.1442147466,
        "eps": 0.85,
        "epsdiluted": 0.85,
        "weightedAverageShsOut": 29505603,
        "weightedAverageShsOutDil": 29505603,
        "link": null,
        "finalLink": null
    },
    {
        "date": "2023-09-30",
        "symbol": "TEN",
        "reportedCurrency": "USD",
        "cik": "0001024725",
        "fillingDate": "2023-09-30",
        "acceptedDate": "2023-09-29 20:00:00",
        "calendarYear": "2023",
        "period": "Q3",
        "revenue": 186659000,
        "costOfRevenue": 127307000,
        "grossProfit": 59352000,
        "grossProfitRatio": 0.3179702023,
        "researchAndDevelopmentExpenses": 0,
        "generalAndAdministrativeExpenses": 6344000,
        "sellingAndMarketingExpenses": 0,
        "sellingGeneralAndAdministrativeExpenses": 6344000,
        "otherExpenses": 0,
        "operatingExpenses": 6344000,
        "costAndExpenses": 133651000,
        "interestIncome": 3221000,
        "interestExpense": 24044000,
        "depreciationAndAmortization": 36298000,
        "ebitda": 83401750,
        "ebitdaratio": 0.4468134406,
        "operatingIncome": 53008000,
        "operatingIncomeRatio": 0.2839830922,
        "totalOtherIncomeExpensesNet": -20669000,
        "incomeBeforeTax": 32339000,
        "incomeBeforeTaxRatio": 0.1732517586,
        "incomeTaxExpense": 0,
        "netIncome": 31229000,
        "netIncomeRatio": 0.1673050857,
        "eps": 0.83,
        "epsdiluted": 0.83,
        "weightedAverageShsOut": 29505603,
        "weightedAverageShsOutDil": 29505603,
        "link": null,
        "finalLink": null
    },
    {
        "date": "2023-06-30",
        "symbol": "TEN",
        "reportedCurrency": "USD",
        "cik": "0001024725",
        "fillingDate": "2023-06-30",
        "acceptedDate": "2023-06-29 20:00:00",
        "calendarYear": "2023",
        "period": "Q2",
        "revenue": 221454000,
        "costOfRevenue": 126556000,
        "grossProfit": 94898000,
        "grossProfitRatio": 0.4285224019,
        "researchAndDevelopmentExpenses": 0,
        "generalAndAdministrativeExpenses": 12336000,
        "sellingAndMarketingExpenses": 0,
        "sellingGeneralAndAdministrativeExpenses": 12336000,
        "otherExpenses": 0,
        "operatingExpenses": 12336000,
        "costAndExpenses": 138892000,
        "interestIncome": 4125000,
        "interestExpense": 26690000,
        "depreciationAndAmortization": 35264000,
        "ebitda": 124066000,
        "ebitdaratio": 0.560233728,
        "operatingIncome": 82562000,
        "operatingIncomeRatio": 0.3728178312,
        "totalOtherIncomeExpensesNet": -20450000,
        "incomeBeforeTax": 62112000,
        "incomeBeforeTaxRatio": 0.2804735972,
        "incomeTaxExpense": 0,
        "netIncome": 60641000,
        "netIncomeRatio": 0.2738311342,
        "eps": 1.65,
        "epsdiluted": 1.65,
        "weightedAverageShsOut": 29505603,
        "weightedAverageShsOutDil": 29505603,
        "link": null,
        "finalLink": null
    },
    {
        "date": "2023-03-31",
        "symbol": "TEN",
        "reportedCurrency": "USD",
        "cik": "0001024725",
        "fillingDate": "2023-03-31",
        "acceptedDate": "2023-03-30 20:00:00",
        "calendarYear": "2023",
        "period": "Q1",
        "revenue": 261212000,
        "costOfRevenue": 136104000,
        "grossProfit": 125108000,
        "grossProfitRatio": 0.4789519624,
        "researchAndDevelopmentExpenses": 0,
        "generalAndAdministrativeExpenses": 7157000,
        "sellingAndMarketingExpenses": 0,
        "sellingGeneralAndAdministrativeExpenses": 7157000,
        "otherExpenses": 61000,
        "operatingExpenses": 7157000,
        "costAndExpenses": 143261000,
        "interestIncome": 2763000,
        "interestExpense": 24515000,
        "depreciationAndAmortization": 35139000,
        "ebitda": 237112000,
        "ebitdaratio": 0.9077377762,
        "operatingIncome": 199149000,
        "operatingIncomeRatio": 0.7624037181,
        "totalOtherIncomeExpensesNet": -21691000,
        "incomeBeforeTax": 177458000,
        "incomeBeforeTaxRatio": 0.6793638883,
        "incomeTaxExpense": 0,
        "netIncome": 176550000,
        "netIncomeRatio": 0.6758877846,
        "eps": 5.69,
        "epsdiluted": 5.69,
        "weightedAverageShsOut": 29505603,
        "weightedAverageShsOutDil": 29505603,
        "link": null,
        "finalLink": null
    },
    {
        "date": "2022-12-31",
        "symbol": "TEN",
        "reportedCurrency": "USD",
        "cik": "0001024725",
        "fillingDate": "2022-12-31",
        "acceptedDate": "2022-12-30 19:00:00",
        "calendarYear": "2022",
        "period": "Q4",
        "revenue": 270255000,
        "costOfRevenue": 140221000,
        "grossProfit": 130034000,
        "grossProfitRatio": 0.4811529851,
        "researchAndDevelopmentExpenses": 0,
        "generalAndAdministrativeExpenses": 0,
        "sellingAndMarketingExpenses": 0,
        "sellingGeneralAndAdministrativeExpenses": 7616000,
        "otherExpenses": 0,
        "operatingExpenses": 7616000,
        "costAndExpenses": 147837000,
        "interestIncome": 1155000,
        "interestExpense": 20893000,
        "depreciationAndAmortization": 37409000,
        "ebitda": 152810750,
        "ebitdaratio": 0.5654317219,
        "operatingIncome": 122418000,
        "operatingIncomeRatio": 0.4529721929,
        "totalOtherIncomeExpensesNet": -19540000,
        "incomeBeforeTax": 102876000,
        "incomeBeforeTaxRatio": 0.3806627074,
        "incomeTaxExpense": 1740000,
        "netIncome": 101136000,
        "netIncomeRatio": 0.3742243437,
        "eps": 3.17,
        "epsdiluted": 3.17,
        "weightedAverageShsOut": 29188716,
        "weightedAverageShsOutDil": 29188716,
        "link": null,
        "finalLink": null
    },
    {
        "date": "2022-09-30",
        "symbol": "TEN",
        "reportedCurrency": "USD",
        "cik": "0001024725",
        "fillingDate": "2022-10-31",
        "acceptedDate": "2022-10-31 16:33:42",
        "calendarYear": "2022",
        "period": "Q3",
        "revenue": 223742000,
        "costOfRevenue": 147943000,
        "grossProfit": 75799000,
        "grossProfitRatio": 0.3387785932,
        "researchAndDevelopmentExpenses": 71000000,
        "generalAndAdministrativeExpenses": 0,
        "sellingAndMarketingExpenses": 0,
        "sellingGeneralAndAdministrativeExpenses": 8060000,
        "otherExpenses": 140000000,
        "operatingExpenses": 8060000,
        "costAndExpenses": 156003000,
        "interestIncome": 429000,
        "interestExpense": 15069000,
        "depreciationAndAmortization": 35894000,
        "ebitda": 99444250,
        "ebitdaratio": 0.4444594667,
        "operatingIncome": 67739000,
        "operatingIncomeRatio": 0.3027549588,
        "totalOtherIncomeExpensesNet": -15392000,
        "incomeBeforeTax": 52347000,
        "incomeBeforeTaxRatio": 0.2339614377,
        "incomeTaxExpense": 0,
        "netIncome": 51354000,
        "netIncomeRatio": 0.2295232902,
        "eps": 1.48,
        "epsdiluted": 1.46,
        "weightedAverageShsOut": 28676821,
        "weightedAverageShsOutDil": 28936397,
        "link": "https://www.sec.gov/Archives/edgar/data/1024725/000102472522000021/0001024725-22-000021-index.htm",
        "finalLink": "https://www.sec.gov/Archives/edgar/data/1024725/000102472522000021/ten-20220930.htm"
    },
    {
        "date": "2022-06-30",
        "symbol": "TEN",
        "reportedCurrency": "USD",
        "cik": "0001024725",
        "fillingDate": "2022-08-04",
        "acceptedDate": "2022-08-04 08:31:50",
        "calendarYear": "2022",
        "period": "Q2",
        "revenue": 216699000,
        "costOfRevenue": 152247000,
        "grossProfit": 64452000,
        "grossProfitRatio": 0.2974263841,
        "researchAndDevelopmentExpenses": 74000000,
        "generalAndAdministrativeExpenses": 0,
        "sellingAndMarketingExpenses": 0,
        "sellingGeneralAndAdministrativeExpenses": 7383000,
        "otherExpenses": 143000000,
        "operatingExpenses": 7383000,
        "costAndExpenses": 159630000,
        "interestIncome": 226000,
        "interestExpense": 10992000,
        "depreciationAndAmortization": 34168000,
        "ebitda": 91237000,
        "ebitdaratio": 0.4210310154,
        "operatingIncome": 57069000,
        "operatingIncomeRatio": 0.2633560838,
        "totalOtherIncomeExpensesNet": -10417000,
        "incomeBeforeTax": 46951000,
        "incomeBeforeTaxRatio": 0.2166645901,
        "incomeTaxExpense": 0,
        "netIncome": 46225000,
        "netIncomeRatio": 0.2133143208,
        "eps": 1.63,
        "epsdiluted": 1.63,
        "weightedAverageShsOut": 28398404,
        "weightedAverageShsOutDil": 28398404,
        "link": "https://www.sec.gov/Archives/edgar/data/1024725/000102472522000016/0001024725-22-000016-index.htm",
        "finalLink": "https://www.sec.gov/Archives/edgar/data/1024725/000102472522000016/ten-20220630.htm"
    },
    {
        "date": "2022-03-31",
        "symbol": "TEN",
        "reportedCurrency": "USD",
        "cik": "0001024725",
        "fillingDate": "2022-05-05",
        "acceptedDate": "2022-05-05 08:08:50",
        "calendarYear": "2022",
        "period": "Q1",
        "revenue": 149704000,
        "costOfRevenue": 133340000,
        "grossProfit": 16364000,
        "grossProfitRatio": 0.1093090365,
        "researchAndDevelopmentExpenses": 75000000,
        "generalAndAdministrativeExpenses": 0,
        "sellingAndMarketingExpenses": 0,
        "sellingGeneralAndAdministrativeExpenses": 6795000,
        "otherExpenses": 146000000,
        "operatingExpenses": 6795000,
        "costAndExpenses": 140135000,
        "interestIncome": 190000,
        "interestExpense": 3299000,
        "depreciationAndAmortization": 33349000,
        "ebitda": 42941000,
        "ebitdaratio": 0.286839363,
        "operatingIncome": 9569000,
        "operatingIncomeRatio": 0.0639194677,
        "totalOtherIncomeExpensesNet": -3276000,
        "incomeBeforeTax": 6293000,
        "incomeBeforeTaxRatio": 0.0420362849,
        "incomeTaxExpense": 0,
        "netIncome": 5520000,
        "netIncomeRatio": 0.0368727623,
        "eps": 0.22,
        "epsdiluted": 0.22,
        "weightedAverageShsOut": 25571750,
        "weightedAverageShsOutDil": 25571750,
        "link": "https://www.sec.gov/Archives/edgar/data/1024725/000102472522000011/0001024725-22-000011-index.htm",
        "finalLink": "https://www.sec.gov/Archives/edgar/data/1024725/000102472522000011/ten-20220331.htm"
    },
    {
        "date": "2021-12-31",
        "symbol": "TEN",
        "reportedCurrency": "USD",
        "cik": "0001024725",
        "fillingDate": "2022-02-24",
        "acceptedDate": "2022-02-24 16:06:05",
        "calendarYear": "2021",
        "period": "Q4",
        "revenue": 139129000,
        "costOfRevenue": 138417000,
        "grossProfit": 712000,
        "grossProfitRatio": 0.0051175528,
        "researchAndDevelopmentExpenses": 69000000,
        "generalAndAdministrativeExpenses": 0,
        "sellingAndMarketingExpenses": 0,
        "sellingGeneralAndAdministrativeExpenses": 7196000,
        "otherExpenses": 146000000,
        "operatingExpenses": 7196000,
        "costAndExpenses": 145613000,
        "interestIncome": 200000,
        "interestExpense": 8650000,
        "depreciationAndAmortization": 36046000,
        "ebitda": -56541000,
        "ebitdaratio": -0.4063926284,
        "operatingIncome": -6484000,
        "operatingIncomeRatio": -0.0466042306,
        "totalOtherIncomeExpensesNet": -46641500,
        "incomeBeforeTax": -101237000,
        "incomeBeforeTaxRatio": -0.7276484414,
        "incomeTaxExpense": 60000000,
        "netIncome": -101907000,
        "netIncomeRatio": -0.732464116,
        "eps": -4.65,
        "epsdiluted": -4.65,
        "weightedAverageShsOut": 21904254,
        "weightedAverageShsOutDil": 21904254,
        "link": "https://www.sec.gov/Archives/edgar/data/1024725/000102472522000005/0001024725-22-000005-index.htm",
        "finalLink": "https://www.sec.gov/Archives/edgar/data/1024725/000102472522000005/ten-20211231.htm"
    },
    {
        "date": "2021-09-30",
        "symbol": "TEN",
        "reportedCurrency": "USD",
        "cik": "0001024725",
        "fillingDate": "2021-11-05",
        "acceptedDate": "2021-11-05 16:25:51",
        "calendarYear": "2021",
        "period": "Q3",
        "revenue": 131562000,
        "costOfRevenue": 140433000,
        "grossProfit": -8871000,
        "grossProfitRatio": -0.0674282848,
        "researchAndDevelopmentExpenses": 71000000,
        "generalAndAdministrativeExpenses": 0,
        "sellingAndMarketingExpenses": 0,
        "sellingGeneralAndAdministrativeExpenses": 7464000,
        "otherExpenses": 147000000,
        "operatingExpenses": 7464000,
        "costAndExpenses": 147897000,
        "interestIncome": 175000,
        "interestExpense": 8189000,
        "depreciationAndAmortization": 36356000,
        "ebitda": 20306000,
        "ebitdaratio": 0.1543454797,
        "operatingIncome": -16335000,
        "operatingIncomeRatio": -0.1241619921,
        "totalOtherIncomeExpensesNet": -7904000,
        "incomeBeforeTax": -24239000,
        "incomeBeforeTaxRatio": -0.1842401301,
        "incomeTaxExpense": 0,
        "netIncome": -25008000,
        "netIncomeRatio": -0.190085283,
        "eps": -1.26,
        "epsdiluted": -1.26,
        "weightedAverageShsOut": 19791139,
        "weightedAverageShsOutDil": 19791139,
        "link": "https://www.sec.gov/Archives/edgar/data/1024725/000102472521000016/0001024725-21-000016-index.htm",
        "finalLink": "https://www.sec.gov/Archives/edgar/data/1024725/000102472521000016/ten-20210930.htm"
    },
    {
        "date": "2021-06-30",
        "symbol": "TEN",
        "reportedCurrency": "USD",
        "cik": "0001024725",
        "fillingDate": "2021-08-05",
        "acceptedDate": "2021-08-05 16:18:31",
        "calendarYear": "2021",
        "period": "Q2",
        "revenue": 4583000000,
        "costOfRevenue": 3973000000,
        "grossProfit": 610000000,
        "grossProfitRatio": 0.1331005891,
        "researchAndDevelopmentExpenses": 73000000,
        "generalAndAdministrativeExpenses": 0,
        "sellingAndMarketingExpenses": 0,
        "sellingGeneralAndAdministrativeExpenses": 269000000,
        "otherExpenses": 145000000,
        "operatingExpenses": 487000000,
        "costAndExpenses": 4460000000,
        "interestIncome": 200000,
        "interestExpense": 7525000,
        "depreciationAndAmortization": 145000000,
        "ebitda": 23030000,
        "ebitdaratio": 0.0050250927,
        "operatingIncome": 123000000,
        "operatingIncomeRatio": 0.0268383155,
        "totalOtherIncomeExpensesNet": -7405000,
        "incomeBeforeTax": 58000000,
        "incomeBeforeTaxRatio": 0.0126554659,
        "incomeTaxExpense": 41000000,
        "netIncome": -10000000,
        "netIncomeRatio": -0.0021819769,
        "eps": -0.2,
        "epsdiluted": -0.2,
        "weightedAverageShsOut": 50495570,
        "weightedAverageShsOutDil": 50355982,
        "link": "https://www.sec.gov/Archives/edgar/data/1024725/000102472521000012/0001024725-21-000012-index.htm",
        "finalLink": "https://www.sec.gov/Archives/edgar/data/1024725/000102472521000012/ten-20210630.htm"
    },
    {
        "date": "2021-03-31",
        "symbol": "TEN",
        "reportedCurrency": "USD",
        "cik": "0001024725",
        "fillingDate": "2021-05-06",
        "acceptedDate": "2021-05-06 16:56:24",
        "calendarYear": "2021",
        "period": "Q1",
        "revenue": 4731000000,
        "costOfRevenue": 4061000000,
        "grossProfit": 670000000,
        "grossProfitRatio": 0.141619108,
        "researchAndDevelopmentExpenses": 72000000,
        "generalAndAdministrativeExpenses": 0,
        "sellingAndMarketingExpenses": 0,
        "sellingGeneralAndAdministrativeExpenses": 410000000,
        "otherExpenses": 0,
        "operatingExpenses": 482000000,
        "costAndExpenses": 4543000000,
        "interestIncome": 127000,
        "interestExpense": 7043000,
        "depreciationAndAmortization": 155000000,
        "ebitda": 37284000,
        "ebitdaratio": 0.0078807863,
        "operatingIncome": 188000000,
        "operatingIncomeRatio": 0.039737899,
        "totalOtherIncomeExpensesNet": -7029000,
        "incomeBeforeTax": 134000000,
        "incomeBeforeTaxRatio": 0.0283238216,
        "incomeTaxExpense": 47000000,
        "netIncome": 65000000,
        "netIncomeRatio": 0.0137391672,
        "eps": 1.29,
        "epsdiluted": 1.29,
        "weightedAverageShsOut": 50495570,
        "weightedAverageShsOutDil": 50355982,
        "link": "https://www.sec.gov/Archives/edgar/data/1024725/000102472521000008/0001024725-21-000008-index.htm",
        "finalLink": "https://www.sec.gov/Archives/edgar/data/1024725/000102472521000008/ten-20210331.htm"
    },
    {
        "date": "2020-12-31",
        "symbol": "TEN",
        "reportedCurrency": "USD",
        "cik": "0001024725",
        "fillingDate": "2021-02-24",
        "acceptedDate": "2021-02-24 16:57:15",
        "calendarYear": "2020",
        "period": "Q4",
        "revenue": 4650000000,
        "costOfRevenue": 3955000000,
        "grossProfit": 695000000,
        "grossProfitRatio": 0.1494623656,
        "researchAndDevelopmentExpenses": 74000000,
        "generalAndAdministrativeExpenses": 444000000,
        "sellingAndMarketingExpenses": -55000000,
        "sellingGeneralAndAdministrativeExpenses": 389000000,
        "otherExpenses": 0,
        "operatingExpenses": 463000000,
        "costAndExpenses": 4418000000,
        "interestIncome": 0,
        "interestExpense": 68000000,
        "depreciationAndAmortization": 158000000,
        "ebitda": 14303000,
        "ebitdaratio": 0.003075914,
        "operatingIncome": 232000000,
        "operatingIncomeRatio": 0.0498924731,
        "totalOtherIncomeExpensesNet": -9434000,
        "incomeBeforeTax": 192000000,
        "incomeBeforeTaxRatio": 0.0412903226,
        "incomeTaxExpense": 6000000,
        "netIncome": 167000000,
        "netIncomeRatio": 0.0359139785,
        "eps": 3.31,
        "epsdiluted": 3.32,
        "weightedAverageShsOut": 50495570,
        "weightedAverageShsOutDil": 50355982,
        "link": "https://www.sec.gov/Archives/edgar/data/1024725/000102472521000004/0001024725-21-000004-index.htm",
        "finalLink": "https://www.sec.gov/Archives/edgar/data/1024725/000102472521000004/ten-20201231.htm"
    },
    {
        "date": "2020-09-30",
        "symbol": "TEN",
        "reportedCurrency": "USD",
        "cik": "0001024725",
        "fillingDate": "2020-11-06",
        "acceptedDate": "2020-11-05 18:05:32",
        "calendarYear": "2020",
        "period": "Q3",
        "revenue": 4256000000,
        "costOfRevenue": 3610000000,
        "grossProfit": 646000000,
        "grossProfitRatio": 0.1517857143,
        "researchAndDevelopmentExpenses": 67000000,
        "generalAndAdministrativeExpenses": 0,
        "sellingAndMarketingExpenses": 0,
        "sellingGeneralAndAdministrativeExpenses": 365000000,
        "otherExpenses": 0,
        "operatingExpenses": 432000000,
        "costAndExpenses": 4042000000,
        "interestIncome": 28000,
        "interestExpense": 13485000,
        "depreciationAndAmortization": 151000000,
        "ebitda": 48172000,
        "ebitdaratio": 0.011318609,
        "operatingIncome": 214000000,
        "operatingIncomeRatio": 0.0502819549,
        "totalOtherIncomeExpensesNet": -13597000,
        "incomeBeforeTax": 168000000,
        "incomeBeforeTaxRatio": 0.0394736842,
        "incomeTaxExpense": 648000000,
        "netIncome": -499000000,
        "netIncomeRatio": -0.1172462406,
        "eps": -9.88,
        "epsdiluted": -9.91,
        "weightedAverageShsOut": 50495570,
        "weightedAverageShsOutDil": 50355982,
        "link": "https://www.sec.gov/Archives/edgar/data/1024725/000102472520000013/0001024725-20-000013-index.htm",
        "finalLink": "https://www.sec.gov/Archives/edgar/data/1024725/000102472520000013/ten-20200930.htm"
    },
    {
        "date": "2020-06-30",
        "symbol": "TEN",
        "reportedCurrency": "USD",
        "cik": "0001024725",
        "fillingDate": "2020-08-06",
        "acceptedDate": "2020-08-06 16:08:02",
        "calendarYear": "2020",
        "period": "Q2",
        "revenue": 2637000000,
        "costOfRevenue": 2498000000,
        "grossProfit": 139000000,
        "grossProfitRatio": 0.0527114145,
        "researchAndDevelopmentExpenses": 55000000,
        "generalAndAdministrativeExpenses": 195000000,
        "sellingAndMarketingExpenses": 159000000,
        "sellingGeneralAndAdministrativeExpenses": 354000000,
        "otherExpenses": 0,
        "operatingExpenses": 409000000,
        "costAndExpenses": 2907000000,
        "interestIncome": 120000,
        "interestExpense": 13881000,
        "depreciationAndAmortization": 159000000,
        "ebitda": 81657000,
        "ebitdaratio": 0.0309658703,
        "operatingIncome": -270000000,
        "operatingIncomeRatio": -0.1023890785,
        "totalOtherIncomeExpensesNet": -13653000,
        "incomeBeforeTax": -441000000,
        "incomeBeforeTaxRatio": -0.1672354949,
        "incomeTaxExpense": -101000000,
        "netIncome": -350000000,
        "netIncomeRatio": -0.1327265832,
        "eps": -6.93,
        "epsdiluted": -6.95,
        "weightedAverageShsOut": 50495570,
        "weightedAverageShsOutDil": 50355982,
        "link": "https://www.sec.gov/Archives/edgar/data/1024725/000102472520000009/0001024725-20-000009-index.htm",
        "finalLink": "https://www.sec.gov/Archives/edgar/data/1024725/000102472520000009/ten-2020630x10q.htm"
    },
    {
        "date": "2020-03-31",
        "symbol": "TEN",
        "reportedCurrency": "USD",
        "cik": "0001024725",
        "fillingDate": "2020-05-11",
        "acceptedDate": "2020-05-11 06:14:28",
        "calendarYear": "2020",
        "period": "Q1",
        "revenue": 3836000000,
        "costOfRevenue": 3339000000,
        "grossProfit": 497000000,
        "grossProfitRatio": 0.1295620438,
        "researchAndDevelopmentExpenses": 77000000,
        "generalAndAdministrativeExpenses": 249000000,
        "sellingAndMarketingExpenses": 171000000,
        "sellingGeneralAndAdministrativeExpenses": 420000000,
        "otherExpenses": 0,
        "operatingExpenses": 497000000,
        "costAndExpenses": 3836000000,
        "interestIncome": 391000,
        "interestExpense": 33593000,
        "depreciationAndAmortization": 171000000,
        "ebitda": 90394000,
        "ebitdaratio": 0.0235646507,
        "operatingIncome": -858000000,
        "operatingIncomeRatio": -0.2236704901,
        "totalOtherIncomeExpensesNet": -32794000,
        "incomeBeforeTax": -920000000,
        "incomeBeforeTaxRatio": -0.2398331595,
        "incomeTaxExpense": -94000000,
        "netIncome": -839000000,
        "netIncomeRatio": -0.218717414,
        "eps": -10.33,
        "epsdiluted": -16.66,
        "weightedAverageShsOut": 81200000,
        "weightedAverageShsOutDil": 50355982,
        "link": "https://www.sec.gov/Archives/edgar/data/1024725/000102472520000007/0001024725-20-000007-index.htm",
        "finalLink": "https://www.sec.gov/Archives/edgar/data/1024725/000102472520000007/ten-2020331x10q.htm"
    },
    {
        "date": "2019-12-31",
        "symbol": "TEN",
        "reportedCurrency": "USD",
        "cik": "0001024725",
        "fillingDate": "2020-03-02",
        "acceptedDate": "2020-03-02 06:38:53",
        "calendarYear": "2019",
        "period": "Q4",
        "revenue": 4143000000,
        "costOfRevenue": 3602000000,
        "grossProfit": 541000000,
        "grossProfitRatio": 0.1305817041,
        "researchAndDevelopmentExpenses": 76000000,
        "generalAndAdministrativeExpenses": 285000000,
        "sellingAndMarketingExpenses": 170000000,
        "sellingGeneralAndAdministrativeExpenses": 455000000,
        "otherExpenses": 0,
        "operatingExpenses": 531000000,
        "costAndExpenses": 4133000000,
        "interestIncome": 1155000,
        "interestExpense": 80000000,
        "depreciationAndAmortization": 170000000,
        "ebitda": 21285000,
        "ebitdaratio": 0.0051375815,
        "operatingIncome": 10000000,
        "operatingIncomeRatio": 0.0024137099,
        "totalOtherIncomeExpensesNet": -14070000,
        "incomeBeforeTax": -224000000,
        "incomeBeforeTaxRatio": -0.0540671011,
        "incomeTaxExpense": 14000000,
        "netIncome": -313000000,
        "netIncomeRatio": -0.075549119,
        "eps": -3.87,
        "epsdiluted": -6.22,
        "weightedAverageShsOut": 80900000,
        "weightedAverageShsOutDil": 50355982,
        "link": "https://www.sec.gov/Archives/edgar/data/1024725/000102472520000004/0001024725-20-000004-index.htm",
        "finalLink": "https://www.sec.gov/Archives/edgar/data/1024725/000102472520000004/ten-20191231x10k.htm"
    },
    {
        "date": "2019-09-30",
        "symbol": "TEN",
        "reportedCurrency": "USD",
        "cik": "0001024725",
        "fillingDate": "2019-11-05",
        "acceptedDate": "2019-11-05 17:05:12",
        "calendarYear": "2019",
        "period": "Q3",
        "revenue": 4319000000,
        "costOfRevenue": 3653000000,
        "grossProfit": 666000000,
        "grossProfitRatio": 0.1542023617,
        "researchAndDevelopmentExpenses": 78000000,
        "generalAndAdministrativeExpenses": 249000000,
        "sellingAndMarketingExpenses": 165000000,
        "sellingGeneralAndAdministrativeExpenses": 414000000,
        "otherExpenses": 0,
        "operatingExpenses": 492000000,
        "costAndExpenses": 4145000000,
        "interestIncome": 690000,
        "interestExpense": 22133000,
        "depreciationAndAmortization": 165000000,
        "ebitda": 12398000,
        "ebitdaratio": 0.0028705719,
        "operatingIncome": 174000000,
        "operatingIncomeRatio": 0.0402871035,
        "totalOtherIncomeExpensesNet": -21446000,
        "incomeBeforeTax": 69000000,
        "incomeBeforeTaxRatio": 0.0159759204,
        "incomeTaxExpense": -9000000,
        "netIncome": 70000000,
        "netIncomeRatio": 0.0162074554,
        "eps": 0.87,
        "epsdiluted": 1.39,
        "weightedAverageShsOut": 80900000,
        "weightedAverageShsOutDil": 50355982,
        "link": "https://www.sec.gov/Archives/edgar/data/1024725/000102472519000013/0001024725-19-000013-index.htm",
        "finalLink": "https://www.sec.gov/Archives/edgar/data/1024725/000102472519000013/ten-2019930x10q.htm"
    },
    {
        "date": "2019-06-30",
        "symbol": "TEN",
        "reportedCurrency": "USD",
        "cik": "0001024725",
        "fillingDate": "2019-08-06",
        "acceptedDate": "2019-08-06 16:43:02",
        "calendarYear": "2019",
        "period": "Q2",
        "revenue": 4504000000,
        "costOfRevenue": 3793000000,
        "grossProfit": 711000000,
        "grossProfitRatio": 0.1578596803,
        "researchAndDevelopmentExpenses": 78000000,
        "generalAndAdministrativeExpenses": 288000000,
        "sellingAndMarketingExpenses": 169000000,
        "sellingGeneralAndAdministrativeExpenses": 457000000,
        "otherExpenses": 0,
        "operatingExpenses": 535000000,
        "costAndExpenses": 4328000000,
        "interestIncome": 1773000,
        "interestExpense": 18967000,
        "depreciationAndAmortization": 169000000,
        "ebitda": 291000000,
        "ebitdaratio": 0.0646092362,
        "operatingIncome": 176000000,
        "operatingIncomeRatio": 0.0390763766,
        "totalOtherIncomeExpensesNet": -19491000,
        "incomeBeforeTax": 59000000,
        "incomeBeforeTaxRatio": 0.0130994671,
        "incomeTaxExpense": 14000000,
        "netIncome": 26000000,
        "netIncomeRatio": 0.0057726465,
        "eps": 0.32,
        "epsdiluted": 0.32,
        "weightedAverageShsOut": 80920825,
        "weightedAverageShsOutDil": 80920825,
        "link": "https://www.sec.gov/Archives/edgar/data/1024725/000102472519000011/0001024725-19-000011-index.htm",
        "finalLink": "https://www.sec.gov/Archives/edgar/data/1024725/000102472519000011/ten-2019630x10q.htm"
    },
    {
        "date": "2019-03-31",
        "symbol": "TEN",
        "reportedCurrency": "USD",
        "cik": "0001024725",
        "fillingDate": "2019-05-09",
        "acceptedDate": "2019-05-09 17:14:23",
        "calendarYear": "2019",
        "period": "Q1",
        "revenue": 4484000000,
        "costOfRevenue": 3864000000,
        "grossProfit": 620000000,
        "grossProfitRatio": 0.1382694023,
        "researchAndDevelopmentExpenses": 92000000,
        "generalAndAdministrativeExpenses": 316000000,
        "sellingAndMarketingExpenses": 169000000,
        "sellingGeneralAndAdministrativeExpenses": 485000000,
        "otherExpenses": 0,
        "operatingExpenses": 577000000,
        "costAndExpenses": 4441000000,
        "interestIncome": 774000,
        "interestExpense": 17593000,
        "depreciationAndAmortization": 169000000,
        "ebitda": 66056000,
        "ebitdaratio": 0.0147314897,
        "operatingIncome": 43000000,
        "operatingIncomeRatio": 0.0095896521,
        "totalOtherIncomeExpensesNet": -16848000,
        "incomeBeforeTax": -105000000,
        "incomeBeforeTaxRatio": -0.0234165923,
        "incomeTaxExpense": -67000000,
        "netIncome": -117000000,
        "netIncomeRatio": -0.0260927743,
        "eps": -1.45,
        "epsdiluted": -1.45,
        "weightedAverageShsOut": 80874637,
        "weightedAverageShsOutDil": 80874637,
        "link": "https://www.sec.gov/Archives/edgar/data/1024725/000102472519000008/0001024725-19-000008-index.htm",
        "finalLink": "https://www.sec.gov/Archives/edgar/data/1024725/000102472519000008/ten-2019331x10q.htm"
    },
    {
        "date": "2018-12-31",
        "symbol": "TEN",
        "reportedCurrency": "USD",
        "cik": "0001024725",
        "fillingDate": "2019-03-18",
        "acceptedDate": "2019-03-15 20:31:50",
        "calendarYear": "2018",
        "period": "Q4",
        "revenue": 4280000000,
        "costOfRevenue": 3700000000,
        "grossProfit": 580000000,
        "grossProfitRatio": 0.1355140187,
        "researchAndDevelopmentExpenses": 82000000,
        "generalAndAdministrativeExpenses": 344000000,
        "sellingAndMarketingExpenses": 162000000,
        "sellingGeneralAndAdministrativeExpenses": 506000000,
        "otherExpenses": 0,
        "operatingExpenses": 588000000,
        "costAndExpenses": 4288000000,
        "interestIncome": 832000,
        "interestExpense": 26226000,
        "depreciationAndAmortization": 162000000,
        "ebitda": 117000000,
        "ebitdaratio": 0.0273364486,
        "operatingIncome": -8000000,
        "operatingIncomeRatio": -0.0018691589,
        "totalOtherIncomeExpensesNet": -23663000,
        "incomeBeforeTax": -99000000,
        "incomeBeforeTaxRatio": -0.0231308411,
        "incomeTaxExpense": -9000000,
        "netIncome": -107000000,
        "netIncomeRatio": -0.025,
        "eps": -1.33,
        "epsdiluted": -1.33,
        "weightedAverageShsOut": 80700000,
        "weightedAverageShsOutDil": 80700000,
        "link": "https://www.sec.gov/Archives/edgar/data/1024725/000102472519000004/0001024725-19-000004-index.htm",
        "finalLink": "https://www.sec.gov/Archives/edgar/data/1024725/000102472519000004/ten-20181231x10k.htm"
    },
    {
        "date": "2018-09-30",
        "symbol": "TEN",
        "reportedCurrency": "USD",
        "cik": "0001024725",
        "fillingDate": "2018-11-07",
        "acceptedDate": "2018-11-07 17:10:36",
        "calendarYear": "2018",
        "period": "Q3",
        "revenue": 2372000000,
        "costOfRevenue": 2014000000,
        "grossProfit": 358000000,
        "grossProfitRatio": 0.1509274874,
        "researchAndDevelopmentExpenses": 39000000,
        "generalAndAdministrativeExpenses": 141000000,
        "sellingAndMarketingExpenses": 65000000,
        "sellingGeneralAndAdministrativeExpenses": 206000000,
        "otherExpenses": 0,
        "operatingExpenses": 245000000,
        "costAndExpenses": 2259000000,
        "interestIncome": 964000,
        "interestExpense": 17855000,
        "depreciationAndAmortization": 65000000,
        "ebitda": 40150000,
        "ebitdaratio": 0.0169266442,
        "operatingIncome": 113000000,
        "operatingIncomeRatio": 0.0476391231,
        "totalOtherIncomeExpensesNet": -16883000,
        "incomeBeforeTax": 83000000,
        "incomeBeforeTaxRatio": 0.0349915683,
        "incomeTaxExpense": 20000000,
        "netIncome": 54000000,
        "netIncomeRatio": 0.0227655987,
        "eps": 1.05,
        "epsdiluted": 1.05,
        "weightedAverageShsOut": 51300000,
        "weightedAverageShsOutDil": 51400000,
        "link": "https://www.sec.gov/Archives/edgar/data/1024725/000102472518000021/0001024725-18-000021-index.htm",
        "finalLink": "https://www.sec.gov/Archives/edgar/data/1024725/000102472518000021/ten-2018930x10q.htm"
    },
    {
        "date": "2018-06-30",
        "symbol": "TEN",
        "reportedCurrency": "USD",
        "cik": "0001024725",
        "fillingDate": "2018-08-07",
        "acceptedDate": "2018-08-07 17:27:47",
        "calendarYear": "2018",
        "period": "Q2",
        "revenue": 2537000000,
        "costOfRevenue": 2159000000,
        "grossProfit": 378000000,
        "grossProfitRatio": 0.1489948758,
        "researchAndDevelopmentExpenses": 42000000,
        "generalAndAdministrativeExpenses": 156000000,
        "sellingAndMarketingExpenses": 59000000,
        "sellingGeneralAndAdministrativeExpenses": 215000000,
        "otherExpenses": 0,
        "operatingExpenses": 257000000,
        "costAndExpenses": 2416000000,
        "interestIncome": 476000,
        "interestExpense": 20000000,
        "depreciationAndAmortization": 59000000,
        "ebitda": 38428000,
        "ebitdaratio": 0.015147024,
        "operatingIncome": 121000000,
        "operatingIncomeRatio": 0.0476941269,
        "totalOtherIncomeExpensesNet": -14392000,
        "incomeBeforeTax": 93000000,
        "incomeBeforeTaxRatio": 0.0366574695,
        "incomeTaxExpense": 27000000,
        "netIncome": 50000000,
        "netIncomeRatio": 0.0197083169,
        "eps": 0.97,
        "epsdiluted": 0.97,
        "weightedAverageShsOut": 51300000,
        "weightedAverageShsOutDil": 51600000,
        "link": "https://www.sec.gov/Archives/edgar/data/1024725/000102472518000017/0001024725-18-000017-index.htm",
        "finalLink": "https://www.sec.gov/Archives/edgar/data/1024725/000102472518000017/ten-2018630x10q.htm"
    },
    {
        "date": "2018-03-31",
        "symbol": "TEN",
        "reportedCurrency": "USD",
        "cik": "0001024725",
        "fillingDate": "2018-05-10",
        "acceptedDate": "2018-05-09 18:30:07",
        "calendarYear": "2018",
        "period": "Q1",
        "revenue": 2574000000,
        "costOfRevenue": 2198000000,
        "grossProfit": 376000000,
        "grossProfitRatio": 0.1460761461,
        "researchAndDevelopmentExpenses": 41000000,
        "generalAndAdministrativeExpenses": 153000000,
        "sellingAndMarketingExpenses": 59000000,
        "sellingGeneralAndAdministrativeExpenses": 212000000,
        "otherExpenses": 0,
        "operatingExpenses": 253000000,
        "costAndExpenses": 2451000000,
        "interestIncome": 321000,
        "interestExpense": 17534000,
        "depreciationAndAmortization": 59000000,
        "ebitda": 40980000,
        "ebitdaratio": 0.0159207459,
        "operatingIncome": 123000000,
        "operatingIncomeRatio": 0.0477855478,
        "totalOtherIncomeExpensesNet": -17959000,
        "incomeBeforeTax": 97000000,
        "incomeBeforeTaxRatio": 0.0376845377,
        "incomeTaxExpense": 25000000,
        "netIncome": 58000000,
        "netIncomeRatio": 0.0225330225,
        "eps": 1.13,
        "epsdiluted": 1.13,
        "weightedAverageShsOut": 51200000,
        "weightedAverageShsOutDil": 51500000,
        "link": "https://www.sec.gov/Archives/edgar/data/1024725/000102472518000012/0001024725-18-000012-index.htm",
        "finalLink": "https://www.sec.gov/Archives/edgar/data/1024725/000102472518000012/ten-2018331x10q.htm"
    },
    {
        "date": "2017-12-31",
        "symbol": "TEN",
        "reportedCurrency": "USD",
        "cik": "0001024725",
        "fillingDate": "2018-02-28",
        "acceptedDate": "2018-02-28 17:14:49",
        "calendarYear": "2017",
        "period": "Q4",
        "revenue": 2391000000,
        "costOfRevenue": 2022000000,
        "grossProfit": 369000000,
        "grossProfitRatio": 0.1543287327,
        "researchAndDevelopmentExpenses": 43000000,
        "generalAndAdministrativeExpenses": 119000000,
        "sellingAndMarketingExpenses": 59000000,
        "sellingGeneralAndAdministrativeExpenses": 178000000,
        "otherExpenses": 0,
        "operatingExpenses": 221000000,
        "costAndExpenses": 2243000000,
        "interestIncome": 268000,
        "interestExpense": 13693000,
        "depreciationAndAmortization": 59000000,
        "ebitda": 175000000,
        "ebitdaratio": 0.0731911334,
        "operatingIncome": 148000000,
        "operatingIncomeRatio": 0.0618987871,
        "totalOtherIncomeExpensesNet": -12828000,
        "incomeBeforeTax": 116000000,
        "incomeBeforeTaxRatio": 0.0485152656,
        "incomeTaxExpense": 29000000,
        "netIncome": 68000000,
        "netIncomeRatio": 0.0284399833,
        "eps": 1.32,
        "epsdiluted": 1.32,
        "weightedAverageShsOut": 51400000,
        "weightedAverageShsOutDil": 51600000,
        "link": "https://www.sec.gov/Archives/edgar/data/1024725/000102472518000006/0001024725-18-000006-index.htm",
        "finalLink": "https://www.sec.gov/Archives/edgar/data/1024725/000102472518000006/ten-20171231x10k.htm"
    },
    {
        "date": "2017-09-30",
        "symbol": "TEN",
        "reportedCurrency": "USD",
        "cik": "0001024725",
        "fillingDate": "2017-11-02",
        "acceptedDate": "2017-11-02 16:01:28",
        "calendarYear": "2017",
        "period": "Q3",
        "revenue": 2274000000,
        "costOfRevenue": 1913000000,
        "grossProfit": 361000000,
        "grossProfitRatio": 0.1587510994,
        "researchAndDevelopmentExpenses": 40000000,
        "generalAndAdministrativeExpenses": 128000000,
        "sellingAndMarketingExpenses": 58000000,
        "sellingGeneralAndAdministrativeExpenses": 186000000,
        "otherExpenses": 0,
        "operatingExpenses": 226000000,
        "costAndExpenses": 2139000000,
        "interestIncome": 382000,
        "interestExpense": 19000000,
        "depreciationAndAmortization": 58000000,
        "ebitda": 12460000,
        "ebitdaratio": 0.0054793316,
        "operatingIncome": 135000000,
        "operatingIncomeRatio": 0.0593667546,
        "totalOtherIncomeExpensesNet": -11167000,
        "incomeBeforeTax": 115000000,
        "incomeBeforeTaxRatio": 0.0505716799,
        "incomeTaxExpense": 16000000,
        "netIncome": 83000000,
        "netIncomeRatio": 0.0364995602,
        "eps": 1.58,
        "epsdiluted": 1.57,
        "weightedAverageShsOut": 52500000,
        "weightedAverageShsOutDil": 52700000,
        "link": "https://www.sec.gov/Archives/edgar/data/1024725/000102472517000037/0001024725-17-000037-index.htm",
        "finalLink": "https://www.sec.gov/Archives/edgar/data/1024725/000102472517000037/ten-2017930x10q.htm"
    },
    {
        "date": "2017-06-30",
        "symbol": "TEN",
        "reportedCurrency": "USD",
        "cik": "0001024725",
        "fillingDate": "2017-08-09",
        "acceptedDate": "2017-08-09 15:59:07",
        "calendarYear": "2017",
        "period": "Q2",
        "revenue": 2317000000,
        "costOfRevenue": 1946000000,
        "grossProfit": 371000000,
        "grossProfitRatio": 0.1601208459,
        "researchAndDevelopmentExpenses": 36000000,
        "generalAndAdministrativeExpenses": 253000000,
        "sellingAndMarketingExpenses": 55000000,
        "sellingGeneralAndAdministrativeExpenses": 308000000,
        "otherExpenses": 0,
        "operatingExpenses": 344000000,
        "costAndExpenses": 2290000000,
        "interestIncome": 313000,
        "interestExpense": 15873000,
        "depreciationAndAmortization": 55000000,
        "ebitda": 54120000,
        "ebitdaratio": 0.0233577902,
        "operatingIncome": 27000000,
        "operatingIncomeRatio": 0.0116529996,
        "totalOtherIncomeExpensesNet": -15361000,
        "incomeBeforeTax": 7000000,
        "incomeBeforeTaxRatio": 0.003021148,
        "incomeTaxExpense": -8000000,
        "netIncome": -3000000,
        "netIncomeRatio": -0.0012947777,
        "eps": -0.0563,
        "epsdiluted": -0.0563,
        "weightedAverageShsOut": 53311131,
        "weightedAverageShsOutDil": 53311131,
        "link": "https://www.sec.gov/Archives/edgar/data/1024725/000102472517000021/0001024725-17-000021-index.htm",
        "finalLink": "https://www.sec.gov/Archives/edgar/data/1024725/000102472517000021/ten-2017630x10q.htm"
    },
    {
        "date": "2017-03-31",
        "symbol": "TEN",
        "reportedCurrency": "USD",
        "cik": "0001024725",
        "fillingDate": "2017-09-08",
        "acceptedDate": "2017-09-08 16:42:02",
        "calendarYear": "2017",
        "period": "Q1",
        "revenue": 2292000000,
        "costOfRevenue": 1925000000,
        "grossProfit": 367000000,
        "grossProfitRatio": 0.160122164,
        "researchAndDevelopmentExpenses": 39000000,
        "generalAndAdministrativeExpenses": 148000000,
        "sellingAndMarketingExpenses": 52000000,
        "sellingGeneralAndAdministrativeExpenses": 200000000,
        "otherExpenses": 0,
        "operatingExpenses": 239000000,
        "costAndExpenses": 2164000000,
        "interestIncome": 545000,
        "interestExpense": 15000000,
        "depreciationAndAmortization": 52000000,
        "ebitda": 60381000,
        "ebitdaratio": 0.0263442408,
        "operatingIncome": 128000000,
        "operatingIncomeRatio": 0.0558464223,
        "totalOtherIncomeExpensesNet": -11891000,
        "incomeBeforeTax": 112000000,
        "incomeBeforeTaxRatio": 0.0488656195,
        "incomeTaxExpense": 34000000,
        "netIncome": 63000000,
        "netIncomeRatio": 0.027486911,
        "eps": 1.17,
        "epsdiluted": 1.16,
        "weightedAverageShsOut": 53900000,
        "weightedAverageShsOutDil": 54200000,
        "link": "https://www.sec.gov/Archives/edgar/data/1024725/000102472517000030/0001024725-17-000030-index.htm",
        "finalLink": "https://www.sec.gov/Archives/edgar/data/1024725/000102472517000030/ten-2017331x10qa.htm"
    },
    {
        "date": "2016-12-31",
        "symbol": "TEN",
        "reportedCurrency": "USD",
        "cik": "0001024725",
        "fillingDate": "2017-09-08",
        "acceptedDate": "2017-09-08 16:36:02",
        "calendarYear": "2016",
        "period": "Q4",
        "revenue": 2155000000,
        "costOfRevenue": 1790000000,
        "grossProfit": 365000000,
        "grossProfitRatio": 0.1693735499,
        "researchAndDevelopmentExpenses": 37000000,
        "generalAndAdministrativeExpenses": 199000000,
        "sellingAndMarketingExpenses": 53000000,
        "sellingGeneralAndAdministrativeExpenses": 252000000,
        "otherExpenses": 0,
        "operatingExpenses": 289000000,
        "costAndExpenses": 2079000000,
        "interestIncome": 179000,
        "interestExpense": 10068000,
        "depreciationAndAmortization": 53000000,
        "ebitda": 54299000,
        "ebitdaratio": 0.0251967517,
        "operatingIncome": 76000000,
        "operatingIncomeRatio": 0.0352668213,
        "totalOtherIncomeExpensesNet": -9264000,
        "incomeBeforeTax": 59000000,
        "incomeBeforeTaxRatio": 0.0273781903,
        "incomeTaxExpense": -2000000,
        "netIncome": 40000000,
        "netIncomeRatio": 0.0185614849,
        "eps": 0.74,
        "epsdiluted": 0.73,
        "weightedAverageShsOut": 54300000,
        "weightedAverageShsOutDil": 54800000,
        "link": "https://www.sec.gov/Archives/edgar/data/1024725/000102472517000029/0001024725-17-000029-index.htm",
        "finalLink": "https://www.sec.gov/Archives/edgar/data/1024725/000102472517000029/ten-20161231x10ka.htm"
    },
    {
        "date": "2016-09-30",
        "symbol": "TEN",
        "reportedCurrency": "USD",
        "cik": "0001024725",
        "fillingDate": "2016-11-04",
        "acceptedDate": "2016-11-04 11:25:54",
        "calendarYear": "2016",
        "period": "Q3",
        "revenue": 2096000000,
        "costOfRevenue": 1741000000,
        "grossProfit": 355000000,
        "grossProfitRatio": 0.169370229,
        "researchAndDevelopmentExpenses": 41000000,
        "generalAndAdministrativeExpenses": 109000000,
        "sellingAndMarketingExpenses": 53000000,
        "sellingGeneralAndAdministrativeExpenses": 162000000,
        "otherExpenses": 0,
        "operatingExpenses": 203000000,
        "costAndExpenses": 1944000000,
        "interestIncome": 183000,
        "interestExpense": 9845000,
        "depreciationAndAmortization": 53000000,
        "ebitda": 40762000,
        "ebitdaratio": 0.0194475191,
        "operatingIncome": 152000000,
        "operatingIncomeRatio": 0.072519084,
        "totalOtherIncomeExpensesNet": -8335000,
        "incomeBeforeTax": 128000000,
        "incomeBeforeTaxRatio": 0.0610687023,
        "incomeTaxExpense": -69000000,
        "netIncome": 180000000,
        "netIncomeRatio": 0.0858778626,
        "eps": 3.23,
        "epsdiluted": 3.2,
        "weightedAverageShsOut": 55700000,
        "weightedAverageShsOutDil": 56200000,
        "link": "https://www.sec.gov/Archives/edgar/data/1024725/000102472516000041/0001024725-16-000041-index.htm",
        "finalLink": "https://www.sec.gov/Archives/edgar/data/1024725/000102472516000041/ten-2016930x10q.htm"
    },
    {
        "date": "2016-06-30",
        "symbol": "TEN",
        "reportedCurrency": "USD",
        "cik": "0001024725",
        "fillingDate": "2016-08-05",
        "acceptedDate": "2016-08-05 13:09:58",
        "calendarYear": "2016",
        "period": "Q2",
        "revenue": 2212000000,
        "costOfRevenue": 1810000000,
        "grossProfit": 402000000,
        "grossProfitRatio": 0.1817359855,
        "researchAndDevelopmentExpenses": 37000000,
        "generalAndAdministrativeExpenses": 134000000,
        "sellingAndMarketingExpenses": 52000000,
        "sellingGeneralAndAdministrativeExpenses": 186000000,
        "otherExpenses": 0,
        "operatingExpenses": 223000000,
        "costAndExpenses": 2033000000,
        "interestIncome": 149000,
        "interestExpense": 6216000,
        "depreciationAndAmortization": 52000000,
        "ebitda": 49501000,
        "ebitdaratio": 0.0223783906,
        "operatingIncome": 179000000,
        "operatingIncomeRatio": 0.0809222423,
        "totalOtherIncomeExpensesNet": -7892000,
        "incomeBeforeTax": 143000000,
        "incomeBeforeTaxRatio": 0.0646473779,
        "incomeTaxExpense": 40000000,
        "netIncome": 86000000,
        "netIncomeRatio": 0.0388788427,
        "eps": 1.51,
        "epsdiluted": 1.5,
        "weightedAverageShsOut": 56900000,
        "weightedAverageShsOutDil": 57300000,
        "link": "https://www.sec.gov/Archives/edgar/data/1024725/000102472516000037/0001024725-16-000037-index.htm",
        "finalLink": "https://www.sec.gov/Archives/edgar/data/1024725/000102472516000037/ten-2016630x10q.htm"
    },
    {
        "date": "2016-03-31",
        "symbol": "TEN",
        "reportedCurrency": "USD",
        "cik": "0001024725",
        "fillingDate": "2016-05-06",
        "acceptedDate": "2016-05-06 11:40:17",
        "calendarYear": "2016",
        "period": "Q1",
        "revenue": 2136000000,
        "costOfRevenue": 1770000000,
        "grossProfit": 366000000,
        "grossProfitRatio": 0.1713483146,
        "researchAndDevelopmentExpenses": 39000000,
        "generalAndAdministrativeExpenses": 147000000,
        "sellingAndMarketingExpenses": 54000000,
        "sellingGeneralAndAdministrativeExpenses": 201000000,
        "otherExpenses": 0,
        "operatingExpenses": 240000000,
        "costAndExpenses": 2010000000,
        "interestIncome": 0,
        "interestExpense": 7905000,
        "depreciationAndAmortization": 54000000,
        "ebitda": 58524000,
        "ebitdaratio": 0.0273988764,
        "operatingIncome": 126000000,
        "operatingIncomeRatio": 0.058988764,
        "totalOtherIncomeExpensesNet": -7824000,
        "incomeBeforeTax": 106000000,
        "incomeBeforeTaxRatio": 0.0496254682,
        "incomeTaxExpense": 34000000,
        "netIncome": 57000000,
        "netIncomeRatio": 0.0266853933,
        "eps": 1,
        "epsdiluted": 0.99,
        "weightedAverageShsOut": 57100000,
        "weightedAverageShsOutDil": 57400000,
        "link": "https://www.sec.gov/Archives/edgar/data/1024725/000102472516000030/0001024725-16-000030-index.htm",
        "finalLink": "https://www.sec.gov/Archives/edgar/data/1024725/000102472516000030/ten-2016331x10q.htm"
    },
    {
        "date": "2015-12-31",
        "symbol": "TEN",
        "reportedCurrency": "USD",
        "cik": "0001024725",
        "fillingDate": "2016-02-24",
        "acceptedDate": "2016-02-24 13:48:33",
        "calendarYear": "2015",
        "period": "Q4",
        "revenue": 2031000000,
        "costOfRevenue": 1688000000,
        "grossProfit": 343000000,
        "grossProfitRatio": 0.168882324,
        "researchAndDevelopmentExpenses": 32000000,
        "generalAndAdministrativeExpenses": 132000000,
        "sellingAndMarketingExpenses": 49000000,
        "sellingGeneralAndAdministrativeExpenses": 181000000,
        "otherExpenses": 0,
        "operatingExpenses": 213000000,
        "costAndExpenses": 1901000000,
        "interestIncome": 44000,
        "interestExpense": 18000000,
        "depreciationAndAmortization": 49000000,
        "ebitda": 73267000,
        "ebitdaratio": 0.0360743476,
        "operatingIncome": 130000000,
        "operatingIncomeRatio": 0.0640078779,
        "totalOtherIncomeExpensesNet": -8362000,
        "incomeBeforeTax": 110000000,
        "incomeBeforeTaxRatio": 0.0541605121,
        "incomeTaxExpense": 27000000,
        "netIncome": 68000000,
        "netIncomeRatio": 0.0334810438,
        "eps": 1.19,
        "epsdiluted": 1.18,
        "weightedAverageShsOut": 57100000,
        "weightedAverageShsOutDil": 57400000,
        "link": "https://www.sec.gov/Archives/edgar/data/1024725/000102472516000026/0001024725-16-000026-index.htm",
        "finalLink": "https://www.sec.gov/Archives/edgar/data/1024725/000102472516000026/ten-20151231x10k.htm"
    },
    {
        "date": "2015-09-30",
        "symbol": "TEN",
        "reportedCurrency": "USD",
        "cik": "0001024725",
        "fillingDate": "2015-11-04",
        "acceptedDate": "2015-11-04 11:47:25",
        "calendarYear": "2015",
        "period": "Q3",
        "revenue": 2025000000,
        "costOfRevenue": 1707000000,
        "grossProfit": 318000000,
        "grossProfitRatio": 0.157037037,
        "researchAndDevelopmentExpenses": 35000000,
        "generalAndAdministrativeExpenses": 113000000,
        "sellingAndMarketingExpenses": 53000000,
        "sellingGeneralAndAdministrativeExpenses": 166000000,
        "otherExpenses": 0,
        "operatingExpenses": 201000000,
        "costAndExpenses": 1908000000,
        "interestIncome": 0,
        "interestExpense": 7451000,
        "depreciationAndAmortization": 53000000,
        "ebitda": 67843000,
        "ebitdaratio": 0.033502716,
        "operatingIncome": 117000000,
        "operatingIncomeRatio": 0.0577777778,
        "totalOtherIncomeExpensesNet": -4983000,
        "incomeBeforeTax": 100000000,
        "incomeBeforeTaxRatio": 0.049382716,
        "incomeTaxExpense": 34000000,
        "netIncome": 52000000,
        "netIncomeRatio": 0.0256790123,
        "eps": 0.87,
        "epsdiluted": 0.87,
        "weightedAverageShsOut": 59600000,
        "weightedAverageShsOutDil": 60000000,
        "link": "https://www.sec.gov/Archives/edgar/data/1024725/000102472515000022/0001024725-15-000022-index.htm",
        "finalLink": "https://www.sec.gov/Archives/edgar/data/1024725/000102472515000022/ten-2015930x10q.htm"
    },
    {
        "date": "2015-06-30",
        "symbol": "TEN",
        "reportedCurrency": "USD",
        "cik": "0001024725",
        "fillingDate": "2015-08-04",
        "acceptedDate": "2015-08-04 15:18:43",
        "calendarYear": "2015",
        "period": "Q2",
        "revenue": 2130000000,
        "costOfRevenue": 1764000000,
        "grossProfit": 366000000,
        "grossProfitRatio": 0.1718309859,
        "researchAndDevelopmentExpenses": 38000000,
        "generalAndAdministrativeExpenses": 121000000,
        "sellingAndMarketingExpenses": 51000000,
        "sellingGeneralAndAdministrativeExpenses": 172000000,
        "otherExpenses": 0,
        "operatingExpenses": 210000000,
        "costAndExpenses": 1974000000,
        "interestIncome": 0,
        "interestExpense": 8440000,
        "depreciationAndAmortization": 51000000,
        "ebitda": 48514000,
        "ebitdaratio": 0.0227765258,
        "operatingIncome": 156000000,
        "operatingIncomeRatio": 0.0732394366,
        "totalOtherIncomeExpensesNet": -7875000,
        "incomeBeforeTax": 138000000,
        "incomeBeforeTaxRatio": 0.0647887324,
        "incomeTaxExpense": 47000000,
        "netIncome": 78000000,
        "netIncomeRatio": 0.0366197183,
        "eps": 1.28,
        "epsdiluted": 1.27,
        "weightedAverageShsOut": 60800000,
        "weightedAverageShsOutDil": 61400000,
        "link": "https://www.sec.gov/Archives/edgar/data/1024725/000102472515000017/0001024725-15-000017-index.htm",
        "finalLink": "https://www.sec.gov/Archives/edgar/data/1024725/000102472515000017/ten-2015630x10q.htm"
    },
    {
        "date": "2015-03-31",
        "symbol": "TEN",
        "reportedCurrency": "USD",
        "cik": "0001024725",
        "fillingDate": "2015-05-05",
        "acceptedDate": "2015-05-05 17:00:38",
        "calendarYear": "2015",
        "period": "Q1",
        "revenue": 2023000000,
        "costOfRevenue": 1686000000,
        "grossProfit": 337000000,
        "grossProfitRatio": 0.1665842808,
        "researchAndDevelopmentExpenses": 41000000,
        "generalAndAdministrativeExpenses": 125000000,
        "sellingAndMarketingExpenses": 50000000,
        "sellingGeneralAndAdministrativeExpenses": 175000000,
        "otherExpenses": 0,
        "operatingExpenses": 216000000,
        "costAndExpenses": 1902000000,
        "interestIncome": 0,
        "interestExpense": 7379000,
        "depreciationAndAmortization": 50000000,
        "ebitda": 70427000,
        "ebitdaratio": 0.0348131488,
        "operatingIncome": 121000000,
        "operatingIncomeRatio": 0.0598121602,
        "totalOtherIncomeExpensesNet": -8437000,
        "incomeBeforeTax": 104000000,
        "incomeBeforeTaxRatio": 0.0514087988,
        "incomeTaxExpense": 41000000,
        "netIncome": 49000000,
        "netIncomeRatio": 0.0242214533,
        "eps": 0.8,
        "epsdiluted": 0.8,
        "weightedAverageShsOut": 61000000,
        "weightedAverageShsOutDil": 61600000,
        "link": "https://www.sec.gov/Archives/edgar/data/1024725/000102472515000009/0001024725-15-000009-index.htm",
        "finalLink": "https://www.sec.gov/Archives/edgar/data/1024725/000102472515000009/ten-2015331x10q.htm"
    },
    {
        "date": "2014-12-31",
        "symbol": "TEN",
        "reportedCurrency": "USD",
        "cik": "0001024725",
        "fillingDate": "2015-02-25",
        "acceptedDate": "2015-02-25 16:51:22",
        "calendarYear": "2014",
        "period": "Q4",
        "revenue": 2004000000,
        "costOfRevenue": 1685000000,
        "grossProfit": 319000000,
        "grossProfitRatio": 0.1591816367,
        "researchAndDevelopmentExpenses": 43000000,
        "generalAndAdministrativeExpenses": 140000000,
        "sellingAndMarketingExpenses": 53000000,
        "sellingGeneralAndAdministrativeExpenses": 193000000,
        "otherExpenses": 0,
        "operatingExpenses": 236000000,
        "costAndExpenses": 1921000000,
        "interestIncome": 196000,
        "interestExpense": 33000000,
        "depreciationAndAmortization": 53000000,
        "ebitda": 54494000,
        "ebitdaratio": 0.0271926148,
        "operatingIncome": 83000000,
        "operatingIncomeRatio": 0.0414171657,
        "totalOtherIncomeExpensesNet": -15447000,
        "incomeBeforeTax": 50000000,
        "incomeBeforeTaxRatio": 0.0249500998,
        "incomeTaxExpense": 14000000,
        "netIncome": 21000000,
        "netIncomeRatio": 0.0104790419,
        "eps": 0.34,
        "epsdiluted": 0.34,
        "weightedAverageShsOut": 60900000,
        "weightedAverageShsOutDil": 61700000,
        "link": "https://www.sec.gov/Archives/edgar/data/1024725/000102472515000005/0001024725-15-000005-index.htm",
        "finalLink": "https://www.sec.gov/Archives/edgar/data/1024725/000102472515000005/ten-20141231x10k.htm"
    },
    {
        "date": "2014-09-30",
        "symbol": "TEN",
        "reportedCurrency": "USD",
        "cik": "0001024725",
        "fillingDate": "2014-11-05",
        "acceptedDate": "2014-11-05 16:51:50",
        "calendarYear": "2014",
        "period": "Q3",
        "revenue": 2081000000,
        "costOfRevenue": 1735000000,
        "grossProfit": 346000000,
        "grossProfitRatio": 0.1662662182,
        "researchAndDevelopmentExpenses": 42000000,
        "generalAndAdministrativeExpenses": 108000000,
        "sellingAndMarketingExpenses": 52000000,
        "sellingGeneralAndAdministrativeExpenses": 160000000,
        "otherExpenses": 0,
        "operatingExpenses": 202000000,
        "costAndExpenses": 1937000000,
        "interestIncome": 0,
        "interestExpense": 7664000,
        "depreciationAndAmortization": 52000000,
        "ebitda": 39054000,
        "ebitdaratio": 0.018766939,
        "operatingIncome": 144000000,
        "operatingIncomeRatio": 0.0691975012,
        "totalOtherIncomeExpensesNet": -8651000,
        "incomeBeforeTax": 120000000,
        "incomeBeforeTaxRatio": 0.0576645843,
        "incomeTaxExpense": 31000000,
        "netIncome": 78000000,
        "netIncomeRatio": 0.0374819798,
        "eps": 1.28,
        "epsdiluted": 1.26,
        "weightedAverageShsOut": 60800000,
        "weightedAverageShsOutDil": 61700000,
        "link": "https://www.sec.gov/Archives/edgar/data/1024725/000102472514000025/0001024725-14-000025-index.htm",
        "finalLink": "https://www.sec.gov/Archives/edgar/data/1024725/000102472514000025/ten-2014930x10q.htm"
    },
    {
        "date": "2014-06-30",
        "symbol": "TEN",
        "reportedCurrency": "USD",
        "cik": "0001024725",
        "fillingDate": "2014-08-05",
        "acceptedDate": "2014-08-05 15:15:26",
        "calendarYear": "2014",
        "period": "Q2",
        "revenue": 2241000000,
        "costOfRevenue": 1851000000,
        "grossProfit": 390000000,
        "grossProfitRatio": 0.1740294511,
        "researchAndDevelopmentExpenses": 42000000,
        "generalAndAdministrativeExpenses": 139000000,
        "sellingAndMarketingExpenses": 52000000,
        "sellingGeneralAndAdministrativeExpenses": 191000000,
        "otherExpenses": 0,
        "operatingExpenses": 233000000,
        "costAndExpenses": 2084000000,
        "interestIncome": 0,
        "interestExpense": 9233000,
        "depreciationAndAmortization": 52000000,
        "ebitda": 8313000,
        "ebitdaratio": 0.0037095047,
        "operatingIncome": 157000000,
        "operatingIncomeRatio": 0.0700580098,
        "totalOtherIncomeExpensesNet": -8231000,
        "incomeBeforeTax": 137000000,
        "incomeBeforeTaxRatio": 0.0611334226,
        "incomeTaxExpense": 46000000,
        "netIncome": 81000000,
        "netIncomeRatio": 0.0361445783,
        "eps": 1.33,
        "epsdiluted": 1.31,
        "weightedAverageShsOut": 60700000,
        "weightedAverageShsOutDil": 61700000,
        "link": "https://www.sec.gov/Archives/edgar/data/1024725/000102472514000022/0001024725-14-000022-index.htm",
        "finalLink": "https://www.sec.gov/Archives/edgar/data/1024725/000102472514000022/ten-2014630x10q.htm"
    },
    {
        "date": "2014-03-31",
        "symbol": "TEN",
        "reportedCurrency": "USD",
        "cik": "0001024725",
        "fillingDate": "2014-05-06",
        "acceptedDate": "2014-05-06 15:01:08",
        "calendarYear": "2014",
        "period": "Q1",
        "revenue": 2094000000,
        "costOfRevenue": 1754000000,
        "grossProfit": 340000000,
        "grossProfitRatio": 0.1623686724,
        "researchAndDevelopmentExpenses": 42000000,
        "generalAndAdministrativeExpenses": 132000000,
        "sellingAndMarketingExpenses": 51000000,
        "sellingGeneralAndAdministrativeExpenses": 183000000,
        "otherExpenses": 0,
        "operatingExpenses": 225000000,
        "costAndExpenses": 1979000000,
        "interestIncome": 0,
        "interestExpense": 9172000,
        "depreciationAndAmortization": 51000000,
        "ebitda": 22813000,
        "ebitdaratio": 0.0108944604,
        "operatingIncome": 115000000,
        "operatingIncomeRatio": 0.0549188157,
        "totalOtherIncomeExpensesNet": -10000000,
        "incomeBeforeTax": 94000000,
        "incomeBeforeTaxRatio": 0.0448901624,
        "incomeTaxExpense": 40000000,
        "netIncome": 46000000,
        "netIncomeRatio": 0.0219675263,
        "eps": 0.76,
        "epsdiluted": 0.75,
        "weightedAverageShsOut": 60500000,
        "weightedAverageShsOutDil": 61500000,
        "link": "https://www.sec.gov/Archives/edgar/data/1024725/000102472514000012/0001024725-14-000012-index.htm",
        "finalLink": "https://www.sec.gov/Archives/edgar/data/1024725/000102472514000012/ten-2014331x10q.htm"
    },
    {
        "date": "2013-12-31",
        "symbol": "TEN",
        "reportedCurrency": "USD",
        "cik": "0001024725",
        "fillingDate": "2014-02-28",
        "acceptedDate": "2014-02-28 12:51:47",
        "calendarYear": "2013",
        "period": "Q4",
        "revenue": 2031000000,
        "costOfRevenue": 1703000000,
        "grossProfit": 328000000,
        "grossProfitRatio": 0.1614967996,
        "researchAndDevelopmentExpenses": 41000000,
        "generalAndAdministrativeExpenses": 116000000,
        "sellingAndMarketingExpenses": 54000000,
        "sellingGeneralAndAdministrativeExpenses": 170000000,
        "otherExpenses": 0,
        "operatingExpenses": 211000000,
        "costAndExpenses": 1914000000,
        "interestIncome": 66000,
        "interestExpense": 20000000,
        "depreciationAndAmortization": 54000000,
        "ebitda": -1433000,
        "ebitdaratio": -0.0007055638,
        "operatingIncome": 117000000,
        "operatingIncomeRatio": 0.0576070901,
        "totalOtherIncomeExpensesNet": -893000,
        "incomeBeforeTax": 98000000,
        "incomeBeforeTaxRatio": 0.0482520926,
        "incomeTaxExpense": 33000000,
        "netIncome": 54000000,
        "netIncomeRatio": 0.0265878877,
        "eps": 0.89,
        "epsdiluted": 0.88,
        "weightedAverageShsOut": 60500000,
        "weightedAverageShsOutDil": 61500000,
        "link": "https://www.sec.gov/Archives/edgar/data/1024725/000102472514000006/0001024725-14-000006-index.htm",
        "finalLink": "https://www.sec.gov/Archives/edgar/data/1024725/000102472514000006/ten-20131231x10k.htm"
    },
    {
        "date": "2013-09-30",
        "symbol": "TEN",
        "reportedCurrency": "USD",
        "cik": "0001024725",
        "fillingDate": "2013-11-07",
        "acceptedDate": "2013-11-07 14:46:09",
        "calendarYear": "2013",
        "period": "Q3",
        "revenue": 1963000000,
        "costOfRevenue": 1691000000,
        "grossProfit": 272000000,
        "grossProfitRatio": 0.1385634233,
        "researchAndDevelopmentExpenses": 35000000,
        "generalAndAdministrativeExpenses": 112000000,
        "sellingAndMarketingExpenses": 51000000,
        "sellingGeneralAndAdministrativeExpenses": 163000000,
        "otherExpenses": 0,
        "operatingExpenses": 198000000,
        "costAndExpenses": 1889000000,
        "interestIncome": 0,
        "interestExpense": 12281000,
        "depreciationAndAmortization": 51000000,
        "ebitda": 34531000,
        "ebitdaratio": 0.0175909322,
        "operatingIncome": 74000000,
        "operatingIncomeRatio": 0.0376974019,
        "totalOtherIncomeExpensesNet": 42345000,
        "incomeBeforeTax": 52000000,
        "incomeBeforeTaxRatio": 0.0264900662,
        "incomeTaxExpense": 30000000,
        "netIncome": 12000000,
        "netIncomeRatio": 0.0061130922,
        "eps": 0.2,
        "epsdiluted": 0.19,
        "weightedAverageShsOut": 60600000,
        "weightedAverageShsOutDil": 61900000,
        "link": "https://www.sec.gov/Archives/edgar/data/1024725/000102472513000011/0001024725-13-000011-index.htm",
        "finalLink": "https://www.sec.gov/Archives/edgar/data/1024725/000102472513000011/ten-2013930x10q.htm"
    },
    {
        "date": "2013-06-30",
        "symbol": "TEN",
        "reportedCurrency": "USD",
        "cik": "0001024725",
        "fillingDate": "2013-08-06",
        "acceptedDate": "2013-08-06 11:54:44",
        "calendarYear": "2013",
        "period": "Q2",
        "revenue": 2067000000,
        "costOfRevenue": 1736000000,
        "grossProfit": 331000000,
        "grossProfitRatio": 0.160135462,
        "researchAndDevelopmentExpenses": 33000000,
        "generalAndAdministrativeExpenses": 106000000,
        "sellingAndMarketingExpenses": 50000000,
        "sellingGeneralAndAdministrativeExpenses": 156000000,
        "otherExpenses": 0,
        "operatingExpenses": 189000000,
        "costAndExpenses": 1925000000,
        "interestIncome": -398000,
        "interestExpense": 20000000,
        "depreciationAndAmortization": 50000000,
        "ebitda": 31512000,
        "ebitdaratio": 0.015245283,
        "operatingIncome": 142000000,
        "operatingIncomeRatio": 0.068698597,
        "totalOtherIncomeExpensesNet": -8539000,
        "incomeBeforeTax": 121000000,
        "incomeBeforeTaxRatio": 0.0585389453,
        "incomeTaxExpense": 47000000,
        "netIncome": 63000000,
        "netIncomeRatio": 0.030478955,
        "eps": 1.04,
        "epsdiluted": 1.02,
        "weightedAverageShsOut": 60500000,
        "weightedAverageShsOutDil": 61600000,
        "link": "https://www.sec.gov/Archives/edgar/data/1024725/000102472513000007/0001024725-13-000007-index.htm",
        "finalLink": "https://www.sec.gov/Archives/edgar/data/1024725/000102472513000007/ten-2013630x10q.htm"
    },
    {
        "date": "2013-03-31",
        "symbol": "TEN",
        "reportedCurrency": "USD",
        "cik": "0001024725",
        "fillingDate": "2013-05-07",
        "acceptedDate": "2013-05-07 17:20:00",
        "calendarYear": "2013",
        "period": "Q1",
        "revenue": 1903000000,
        "costOfRevenue": 1604000000,
        "grossProfit": 299000000,
        "grossProfitRatio": 0.1571203363,
        "researchAndDevelopmentExpenses": 35000000,
        "generalAndAdministrativeExpenses": 119000000,
        "sellingAndMarketingExpenses": 50000000,
        "sellingGeneralAndAdministrativeExpenses": 169000000,
        "otherExpenses": 0,
        "operatingExpenses": 204000000,
        "costAndExpenses": 1808000000,
        "interestIncome": -414000,
        "interestExpense": 20000000,
        "depreciationAndAmortization": 50000000,
        "ebitda": 32951000,
        "ebitdaratio": 0.0173152916,
        "operatingIncome": 95000000,
        "operatingIncomeRatio": 0.0499211771,
        "totalOtherIncomeExpensesNet": -8538000,
        "incomeBeforeTax": 73000000,
        "incomeBeforeTaxRatio": 0.0383604834,
        "incomeTaxExpense": 12000000,
        "netIncome": 54000000,
        "netIncomeRatio": 0.028376248,
        "eps": 0.9,
        "epsdiluted": 0.88,
        "weightedAverageShsOut": 60300000,
        "weightedAverageShsOutDil": 61500000,
        "link": "https://www.sec.gov/Archives/edgar/data/1024725/000144530513001178/0001445305-13-001178-index.htm",
        "finalLink": "https://www.sec.gov/Archives/edgar/data/1024725/000144530513001178/ten-2013331x10qoriginal.htm"
    },
    {
        "date": "2012-12-31",
        "symbol": "TEN",
        "reportedCurrency": "USD",
        "cik": "0001024725",
        "fillingDate": "2013-02-28",
        "acceptedDate": "2013-02-28 16:52:31",
        "calendarYear": "2012",
        "period": "Q4",
        "revenue": 1753000000,
        "costOfRevenue": 1474000000,
        "grossProfit": 279000000,
        "grossProfitRatio": 0.159155733,
        "researchAndDevelopmentExpenses": 32000000,
        "generalAndAdministrativeExpenses": 106000000,
        "sellingAndMarketingExpenses": 57000000,
        "sellingGeneralAndAdministrativeExpenses": 163000000,
        "otherExpenses": 0,
        "operatingExpenses": 195000000,
        "costAndExpenses": 1669000000,
        "interestIncome": 227000,
        "interestExpense": 21000000,
        "depreciationAndAmortization": 57000000,
        "ebitda": 133000000,
        "ebitdaratio": 0.0758699373,
        "operatingIncome": 84000000,
        "operatingIncomeRatio": 0.0479178551,
        "totalOtherIncomeExpensesNet": -108308000,
        "incomeBeforeTax": 63000000,
        "incomeBeforeTaxRatio": 0.0359383913,
        "incomeTaxExpense": 22000000,
        "netIncome": 33000000,
        "netIncomeRatio": 0.0188248716,
        "eps": 0.55,
        "epsdiluted": 0.54,
        "weightedAverageShsOut": 60000000,
        "weightedAverageShsOutDil": 61100000,
        "link": "https://www.sec.gov/Archives/edgar/data/1024725/000119312513084604/0001193125-13-084604-index.htm",
        "finalLink": "https://www.sec.gov/Archives/edgar/data/1024725/000119312513084604/d447011d10k.htm"
    },
    {
        "date": "2012-09-30",
        "symbol": "TEN",
        "reportedCurrency": "USD",
        "cik": "0001024725",
        "fillingDate": "2012-11-06",
        "acceptedDate": "2012-11-06 12:05:23",
        "calendarYear": "2012",
        "period": "Q3",
        "revenue": 1778000000,
        "costOfRevenue": 1494000000,
        "grossProfit": 284000000,
        "grossProfitRatio": 0.1597300337,
        "researchAndDevelopmentExpenses": 28000000,
        "generalAndAdministrativeExpenses": 94000000,
        "sellingAndMarketingExpenses": 49000000,
        "sellingGeneralAndAdministrativeExpenses": 143000000,
        "otherExpenses": 0,
        "operatingExpenses": 171000000,
        "costAndExpenses": 1665000000,
        "interestIncome": -410000,
        "interestExpense": 21000000,
        "depreciationAndAmortization": 49000000,
        "ebitda": 24562000,
        "ebitdaratio": 0.0138143982,
        "operatingIncome": 113000000,
        "operatingIncomeRatio": 0.0635545557,
        "totalOtherIncomeExpensesNet": -693000,
        "incomeBeforeTax": 90000000,
        "incomeBeforeTaxRatio": 0.0506186727,
        "incomeTaxExpense": -42000000,
        "netIncome": 125000000,
        "netIncomeRatio": 0.070303712,
        "eps": 2.09,
        "epsdiluted": 2.05,
        "weightedAverageShsOut": 59800000,
        "weightedAverageShsOutDil": 60900000,
        "link": "https://www.sec.gov/Archives/edgar/data/1024725/000119312512453740/0001193125-12-453740-index.htm",
        "finalLink": "https://www.sec.gov/Archives/edgar/data/1024725/000119312512453740/d413232d10q.htm"
    },
    {
        "date": "2012-06-30",
        "symbol": "TEN",
        "reportedCurrency": "USD",
        "cik": "0001024725",
        "fillingDate": "2012-08-07",
        "acceptedDate": "2012-08-07 15:46:21",
        "calendarYear": "2012",
        "period": "Q2",
        "revenue": 1920000000,
        "costOfRevenue": 1595000000,
        "grossProfit": 325000000,
        "grossProfitRatio": 0.1692708333,
        "researchAndDevelopmentExpenses": 28000000,
        "generalAndAdministrativeExpenses": 109000000,
        "sellingAndMarketingExpenses": 50000000,
        "sellingGeneralAndAdministrativeExpenses": 159000000,
        "otherExpenses": 0,
        "operatingExpenses": 187000000,
        "costAndExpenses": 1782000000,
        "interestIncome": -277000,
        "interestExpense": 21000000,
        "depreciationAndAmortization": 50000000,
        "ebitda": 31116000,
        "ebitdaratio": 0.01620625,
        "operatingIncome": 138000000,
        "operatingIncomeRatio": 0.071875,
        "totalOtherIncomeExpensesNet": -9989000,
        "incomeBeforeTax": 116000000,
        "incomeBeforeTaxRatio": 0.0604166667,
        "incomeTaxExpense": 21000000,
        "netIncome": 87000000,
        "netIncomeRatio": 0.0453125,
        "eps": 1.45,
        "epsdiluted": 1.42,
        "weightedAverageShsOut": 60000000,
        "weightedAverageShsOutDil": 61300000,
        "link": "https://www.sec.gov/Archives/edgar/data/1024725/000119312512340760/0001193125-12-340760-index.htm",
        "finalLink": "https://www.sec.gov/Archives/edgar/data/1024725/000119312512340760/d357903d10q.htm"
    },
    {
        "date": "2012-03-31",
        "symbol": "TEN",
        "reportedCurrency": "USD",
        "cik": "0001024725",
        "fillingDate": "2012-05-08",
        "acceptedDate": "2012-05-08 14:43:43",
        "calendarYear": "2012",
        "period": "Q1",
        "revenue": 1912000000,
        "costOfRevenue": 1607000000,
        "grossProfit": 305000000,
        "grossProfitRatio": 0.1595188285,
        "researchAndDevelopmentExpenses": 38000000,
        "generalAndAdministrativeExpenses": 118000000,
        "sellingAndMarketingExpenses": 49000000,
        "sellingGeneralAndAdministrativeExpenses": 167000000,
        "otherExpenses": 0,
        "operatingExpenses": 205000000,
        "costAndExpenses": 1812000000,
        "interestIncome": 483000,
        "interestExpense": 42000000,
        "depreciationAndAmortization": 49000000,
        "ebitda": 26412000,
        "ebitdaratio": 0.0138138075,
        "operatingIncome": 100000000,
        "operatingIncomeRatio": 0.0523012552,
        "totalOtherIncomeExpensesNet": -993000,
        "incomeBeforeTax": 54000000,
        "incomeBeforeTaxRatio": 0.0282426778,
        "incomeTaxExpense": 18000000,
        "netIncome": 30000000,
        "netIncomeRatio": 0.0156903766,
        "eps": 0.5,
        "epsdiluted": 0.49,
        "weightedAverageShsOut": 60200000,
        "weightedAverageShsOutDil": 61700000,
        "link": "https://www.sec.gov/Archives/edgar/data/1024725/000119312512218014/0001193125-12-218014-index.htm",
        "finalLink": "https://www.sec.gov/Archives/edgar/data/1024725/000119312512218014/d317332d10q.htm"
    },
    {
        "date": "2011-12-31",
        "symbol": "TEN",
        "reportedCurrency": "USD",
        "cik": "0001024725",
        "fillingDate": "2012-02-27",
        "acceptedDate": "2012-02-24 18:15:26",
        "calendarYear": "2011",
        "period": "Q4",
        "revenue": 1784000000,
        "costOfRevenue": 1514000000,
        "grossProfit": 270000000,
        "grossProfitRatio": 0.1513452915,
        "researchAndDevelopmentExpenses": 31000000,
        "generalAndAdministrativeExpenses": 100000000,
        "sellingAndMarketingExpenses": 51000000,
        "sellingGeneralAndAdministrativeExpenses": 151000000,
        "otherExpenses": 0,
        "operatingExpenses": 182000000,
        "costAndExpenses": 1696000000,
        "interestIncome": 748000,
        "interestExpense": 27000000,
        "depreciationAndAmortization": 51000000,
        "ebitda": 131000000,
        "ebitdaratio": 0.0734304933,
        "operatingIncome": 88000000,
        "operatingIncomeRatio": 0.0493273543,
        "totalOtherIncomeExpensesNet": -115000000,
        "incomeBeforeTax": 61000000,
        "incomeBeforeTaxRatio": 0.0341928251,
        "incomeTaxExpense": 23000000,
        "netIncome": 30000000,
        "netIncomeRatio": 0.0168161435,
        "eps": 0.5,
        "epsdiluted": 0.49,
        "weightedAverageShsOut": 60200000,
        "weightedAverageShsOutDil": 61700000,
        "link": "https://www.sec.gov/Archives/edgar/data/1024725/000119312512078624/0001193125-12-078624-index.htm",
        "finalLink": "https://www.sec.gov/Archives/edgar/data/1024725/000119312512078624/d262239d10k.htm"
    },
    {
        "date": "2011-09-30",
        "symbol": "TEN",
        "reportedCurrency": "USD",
        "cik": "0001024725",
        "fillingDate": "2011-11-07",
        "acceptedDate": "2011-11-07 14:19:11",
        "calendarYear": "2011",
        "period": "Q3",
        "revenue": 1773000000,
        "costOfRevenue": 1492000000,
        "grossProfit": 281000000,
        "grossProfitRatio": 0.1584884377,
        "researchAndDevelopmentExpenses": 32000000,
        "generalAndAdministrativeExpenses": 101000000,
        "sellingAndMarketingExpenses": 51000000,
        "sellingGeneralAndAdministrativeExpenses": 152000000,
        "otherExpenses": 0,
        "operatingExpenses": 184000000,
        "costAndExpenses": 1676000000,
        "interestIncome": 779000,
        "interestExpense": 27000000,
        "depreciationAndAmortization": 51000000,
        "ebitda": 16602000,
        "ebitdaratio": 0.0093637902,
        "operatingIncome": 97000000,
        "operatingIncomeRatio": 0.0547095319,
        "totalOtherIncomeExpensesNet": -40000000,
        "incomeBeforeTax": 57000000,
        "incomeBeforeTaxRatio": 0.0321489002,
        "incomeTaxExpense": 21000000,
        "netIncome": 30000000,
        "netIncomeRatio": 0.0169204738,
        "eps": 0.5,
        "epsdiluted": 0.49,
        "weightedAverageShsOut": 59800000,
        "weightedAverageShsOutDil": 61500000,
        "link": "https://www.sec.gov/Archives/edgar/data/1024725/000095012311095857/0000950123-11-095857-index.htm",
        "finalLink": "https://www.sec.gov/Archives/edgar/data/1024725/000095012311095857/c65955e10vq.htm"
    },
    {
        "date": "2011-06-30",
        "symbol": "TEN",
        "reportedCurrency": "USD",
        "cik": "0001024725",
        "fillingDate": "2011-08-08",
        "acceptedDate": "2011-08-08 14:47:13",
        "calendarYear": "2011",
        "period": "Q2",
        "revenue": 1888000000,
        "costOfRevenue": 1565000000,
        "grossProfit": 323000000,
        "grossProfitRatio": 0.1710805085,
        "researchAndDevelopmentExpenses": 35000000,
        "generalAndAdministrativeExpenses": 118000000,
        "sellingAndMarketingExpenses": 54000000,
        "sellingGeneralAndAdministrativeExpenses": 172000000,
        "otherExpenses": 0,
        "operatingExpenses": 207000000,
        "costAndExpenses": 1772000000,
        "interestIncome": 598000,
        "interestExpense": 26000000,
        "depreciationAndAmortization": 54000000,
        "ebitda": 23434000,
        "ebitdaratio": 0.0124120763,
        "operatingIncome": 116000000,
        "operatingIncomeRatio": 0.061440678,
        "totalOtherIncomeExpensesNet": -29000000,
        "incomeBeforeTax": 87000000,
        "incomeBeforeTaxRatio": 0.0460805085,
        "incomeTaxExpense": 30000000,
        "netIncome": 50000000,
        "netIncomeRatio": 0.0264830508,
        "eps": 0.83,
        "epsdiluted": 0.81,
        "weightedAverageShsOut": 60000000,
        "weightedAverageShsOutDil": 61800000,
        "link": "https://www.sec.gov/Archives/edgar/data/1024725/000095012311074340/0000950123-11-074340-index.htm",
        "finalLink": "https://www.sec.gov/Archives/edgar/data/1024725/000095012311074340/c65308e10vq.htm"
    },
    {
        "date": "2011-03-31",
        "symbol": "TEN",
        "reportedCurrency": "USD",
        "cik": "0001024725",
        "fillingDate": "2011-05-10",
        "acceptedDate": "2011-05-10 11:20:24",
        "calendarYear": "2011",
        "period": "Q1",
        "revenue": 1760000000,
        "costOfRevenue": 1466000000,
        "grossProfit": 294000000,
        "grossProfitRatio": 0.1670454545,
        "researchAndDevelopmentExpenses": 35000000,
        "generalAndAdministrativeExpenses": 109000000,
        "sellingAndMarketingExpenses": 51000000,
        "sellingGeneralAndAdministrativeExpenses": 160000000,
        "otherExpenses": 0,
        "operatingExpenses": 195000000,
        "costAndExpenses": 1661000000,
        "interestIncome": 590000,
        "interestExpense": 28000000,
        "depreciationAndAmortization": 51000000,
        "ebitda": 40010000,
        "ebitdaratio": 0.0227329545,
        "operatingIncome": 99000000,
        "operatingIncomeRatio": 0.05625,
        "totalOtherIncomeExpensesNet": -15317000,
        "incomeBeforeTax": 66000000,
        "incomeBeforeTaxRatio": 0.0375,
        "incomeTaxExpense": 14000000,
        "netIncome": 47000000,
        "netIncomeRatio": 0.0267045455,
        "eps": 0.79,
        "epsdiluted": 0.76,
        "weightedAverageShsOut": 59800000,
        "weightedAverageShsOutDil": 62100000,
        "link": "https://www.sec.gov/Archives/edgar/data/1024725/000095012311047990/0000950123-11-047990-index.htm",
        "finalLink": "https://www.sec.gov/Archives/edgar/data/1024725/000095012311047990/c63794e10vq.htm"
    },
    {
        "date": "2010-12-31",
        "symbol": "TEN",
        "reportedCurrency": "USD",
        "cik": "0001024725",
        "fillingDate": "2011-02-28",
        "acceptedDate": "2011-02-25 20:42:51",
        "calendarYear": "2010",
        "period": "Q4",
        "revenue": 1577000000,
        "costOfRevenue": 1325000000,
        "grossProfit": 252000000,
        "grossProfitRatio": 0.1597970831,
        "researchAndDevelopmentExpenses": 27000000,
        "generalAndAdministrativeExpenses": 110000000,
        "sellingAndMarketingExpenses": 53000000,
        "sellingGeneralAndAdministrativeExpenses": 163000000,
        "otherExpenses": 0,
        "operatingExpenses": 190000000,
        "costAndExpenses": 1515000000,
        "interestIncome": 611000,
        "interestExpense": 49000000,
        "depreciationAndAmortization": 53000000,
        "ebitda": 38089000,
        "ebitdaratio": 0.0241528218,
        "operatingIncome": 62000000,
        "operatingIncomeRatio": 0.0393151554,
        "totalOtherIncomeExpensesNet": -49000000,
        "incomeBeforeTax": 13000000,
        "incomeBeforeTaxRatio": 0.0082435003,
        "incomeTaxExpense": 24000000,
        "netIncome": -18000000,
        "netIncomeRatio": -0.0114140774,
        "eps": -0.3,
        "epsdiluted": -0.3,
        "weightedAverageShsOut": 59500000,
        "weightedAverageShsOutDil": 59500000,
        "link": "https://www.sec.gov/Archives/edgar/data/1024725/000095012311019050/0000950123-11-019050-index.htm",
        "finalLink": "https://www.sec.gov/Archives/edgar/data/1024725/000095012311019050/c62250e10vk.htm"
    },
    {
        "date": "2010-09-30",
        "symbol": "TEN",
        "reportedCurrency": "USD",
        "cik": "0001024725",
        "fillingDate": "2010-11-08",
        "acceptedDate": "2010-11-08 14:26:22",
        "calendarYear": "2010",
        "period": "Q3",
        "revenue": 1542000000,
        "costOfRevenue": 1280000000,
        "grossProfit": 262000000,
        "grossProfitRatio": 0.1699092088,
        "researchAndDevelopmentExpenses": 30000000,
        "generalAndAdministrativeExpenses": 109000000,
        "sellingAndMarketingExpenses": 55000000,
        "sellingGeneralAndAdministrativeExpenses": 164000000,
        "otherExpenses": 0,
        "operatingExpenses": 194000000,
        "costAndExpenses": 1474000000,
        "interestIncome": 687000,
        "interestExpense": 36000000,
        "depreciationAndAmortization": 55000000,
        "ebitda": 31619000,
        "ebitdaratio": 0.0205051881,
        "operatingIncome": 68000000,
        "operatingIncomeRatio": 0.0440985733,
        "totalOtherIncomeExpensesNet": -8561000,
        "incomeBeforeTax": 31000000,
        "incomeBeforeTaxRatio": 0.0201037613,
        "incomeTaxExpense": 15000000,
        "netIncome": 10000000,
        "netIncomeRatio": 0.0064850843,
        "eps": 0.17,
        "epsdiluted": 0.16,
        "weightedAverageShsOut": 59200000,
        "weightedAverageShsOutDil": 61100000,
        "link": "https://www.sec.gov/Archives/edgar/data/1024725/000095012310102352/0000950123-10-102352-index.htm",
        "finalLink": "https://www.sec.gov/Archives/edgar/data/1024725/000095012310102352/c61059e10vq.htm"
    },
    {
        "date": "2010-06-30",
        "symbol": "TEN",
        "reportedCurrency": "USD",
        "cik": "0001024725",
        "fillingDate": "2010-08-05",
        "acceptedDate": "2010-08-05 14:37:07",
        "calendarYear": "2010",
        "period": "Q2",
        "revenue": 1502000000,
        "costOfRevenue": 1222000000,
        "grossProfit": 280000000,
        "grossProfitRatio": 0.1864181092,
        "researchAndDevelopmentExpenses": 33000000,
        "generalAndAdministrativeExpenses": 98000000,
        "sellingAndMarketingExpenses": 53000000,
        "sellingGeneralAndAdministrativeExpenses": 151000000,
        "otherExpenses": 0,
        "operatingExpenses": 184000000,
        "costAndExpenses": 1406000000,
        "interestIncome": 1000000,
        "interestExpense": 33000000,
        "depreciationAndAmortization": 53000000,
        "ebitda": 52834000,
        "ebitdaratio": 0.0351757656,
        "operatingIncome": 96000000,
        "operatingIncomeRatio": 0.0639147803,
        "totalOtherIncomeExpensesNet": -30108945,
        "incomeBeforeTax": 61000000,
        "incomeBeforeTaxRatio": 0.0406125166,
        "incomeTaxExpense": 15000000,
        "netIncome": 40000000,
        "netIncomeRatio": 0.0266311585,
        "eps": 0.68,
        "epsdiluted": 0.66,
        "weightedAverageShsOut": 59100000,
        "weightedAverageShsOutDil": 61000000,
        "link": "https://www.sec.gov/Archives/edgar/data/1024725/000095012310073240/0000950123-10-073240-index.htm",
        "finalLink": "https://www.sec.gov/Archives/edgar/data/1024725/000095012310073240/c59471e10vq.htm"
    },
    {
        "date": "2010-03-31",
        "symbol": "TEN",
        "reportedCurrency": "USD",
        "cik": "0001024725",
        "fillingDate": "2010-05-07",
        "acceptedDate": "2010-05-07 16:00:20",
        "calendarYear": "2010",
        "period": "Q1",
        "revenue": 1316000000,
        "costOfRevenue": 1073000000,
        "grossProfit": 243000000,
        "grossProfitRatio": 0.1846504559,
        "researchAndDevelopmentExpenses": 27000000,
        "generalAndAdministrativeExpenses": 100000000,
        "sellingAndMarketingExpenses": 55000000,
        "sellingGeneralAndAdministrativeExpenses": 155000000,
        "otherExpenses": 0,
        "operatingExpenses": 182000000,
        "costAndExpenses": 1255000000,
        "interestIncome": 645000,
        "interestExpense": 32000000,
        "depreciationAndAmortization": 55000000,
        "ebitda": 55973000,
        "ebitdaratio": 0.0425326748,
        "operatingIncome": 61000000,
        "operatingIncomeRatio": 0.0463525836,
        "totalOtherIncomeExpensesNet": 25955000,
        "incomeBeforeTax": 59000000,
        "incomeBeforeTaxRatio": 0.0448328267,
        "incomeTaxExpense": 15000000,
        "netIncome": 7000000,
        "netIncomeRatio": 0.0053191489,
        "eps": 0.12,
        "epsdiluted": 0.12,
        "weightedAverageShsOut": 58900000,
        "weightedAverageShsOutDil": 60800000,
        "link": "https://www.sec.gov/Archives/edgar/data/1024725/000095012310046361/0000950123-10-046361-index.htm",
        "finalLink": "https://www.sec.gov/Archives/edgar/data/1024725/000095012310046361/c57872e10vq.htm"
    },
    {
        "date": "2009-12-31",
        "symbol": "TEN",
        "reportedCurrency": "USD",
        "cik": "0001024725",
        "fillingDate": "2010-12-09",
        "acceptedDate": "2010-12-09 12:50:28",
        "calendarYear": "2009",
        "period": "Q4",
        "revenue": 1322000000,
        "costOfRevenue": 1092000000,
        "grossProfit": 230000000,
        "grossProfitRatio": 0.17397882,
        "researchAndDevelopmentExpenses": 25000000,
        "generalAndAdministrativeExpenses": 88000000,
        "sellingAndMarketingExpenses": 59000000,
        "sellingGeneralAndAdministrativeExpenses": 147000000,
        "otherExpenses": 0,
        "operatingExpenses": 172000000,
        "costAndExpenses": 1264000000,
        "interestIncome": 466000,
        "interestExpense": 32000000,
        "depreciationAndAmortization": 59000000,
        "ebitda": 68000000,
        "ebitdaratio": 0.0514372163,
        "operatingIncome": 58000000,
        "operatingIncomeRatio": 0.0438729198,
        "totalOtherIncomeExpensesNet": 8255000,
        "incomeBeforeTax": 154000000,
        "incomeBeforeTaxRatio": 0.1164901664,
        "incomeTaxExpense": -5000000,
        "netIncome": 17000000,
        "netIncomeRatio": 0.0128593041,
        "eps": 0.29,
        "epsdiluted": 0.28,
        "weightedAverageShsOut": 58900000,
        "weightedAverageShsOutDil": 60800000,
        "link": "https://www.sec.gov/Archives/edgar/data/1024725/000095012310112317/0000950123-10-112317-index.htm",
        "finalLink": "https://www.sec.gov/Archives/edgar/data/1024725/000095012310112317/c60887e10vkza.htm"
    },
    {
        "date": "2009-09-30",
        "symbol": "TEN",
        "reportedCurrency": "USD",
        "cik": "0001024725",
        "fillingDate": "2009-11-06",
        "acceptedDate": "2009-11-06 14:48:49",
        "calendarYear": "2009",
        "period": "Q3",
        "revenue": 1254000000,
        "costOfRevenue": 1043000000,
        "grossProfit": 211000000,
        "grossProfitRatio": 0.168261563,
        "researchAndDevelopmentExpenses": 27000000,
        "generalAndAdministrativeExpenses": 90000000,
        "sellingAndMarketingExpenses": 55000000,
        "sellingGeneralAndAdministrativeExpenses": 145000000,
        "otherExpenses": 0,
        "operatingExpenses": 172000000,
        "costAndExpenses": 1215000000,
        "interestIncome": 642000,
        "interestExpense": 35000000,
        "depreciationAndAmortization": 55000000,
        "ebitda": 43604000,
        "ebitdaratio": 0.0347719298,
        "operatingIncome": 39000000,
        "operatingIncomeRatio": 0.0311004785,
        "totalOtherIncomeExpensesNet": -17701004,
        "incomeBeforeTax": 0,
        "incomeBeforeTaxRatio": 0,
        "incomeTaxExpense": 4000000,
        "netIncome": -8000000,
        "netIncomeRatio": -0.0063795853,
        "eps": -0.17,
        "epsdiluted": -0.17,
        "weightedAverageShsOut": 46700000,
        "weightedAverageShsOutDil": 46700000,
        "link": "https://www.sec.gov/Archives/edgar/data/1024725/000095012309059191/0000950123-09-059191-index.htm",
        "finalLink": "https://www.sec.gov/Archives/edgar/data/1024725/000095012309059191/c54425e10vq.htm"
    },
    {
        "date": "2009-06-30",
        "symbol": "TEN",
        "reportedCurrency": "USD",
        "cik": "0001024725",
        "fillingDate": "2009-08-06",
        "acceptedDate": "2009-08-06 16:06:45",
        "calendarYear": "2009",
        "period": "Q2",
        "revenue": 1106000000,
        "costOfRevenue": 913000000,
        "grossProfit": 193000000,
        "grossProfitRatio": 0.1745027125,
        "researchAndDevelopmentExpenses": 24000000,
        "generalAndAdministrativeExpenses": 88000000,
        "sellingAndMarketingExpenses": 55000000,
        "sellingGeneralAndAdministrativeExpenses": 143000000,
        "otherExpenses": 0,
        "operatingExpenses": 167000000,
        "costAndExpenses": 1080000000,
        "interestIncome": 1133000,
        "interestExpense": 35000000,
        "depreciationAndAmortization": 55000000,
        "ebitda": 49148000,
        "ebitdaratio": 0.044437613,
        "operatingIncome": 26000000,
        "operatingIncomeRatio": 0.0235081374,
        "totalOtherIncomeExpensesNet": -7958000,
        "incomeBeforeTax": -18000000,
        "incomeBeforeTaxRatio": -0.0162748644,
        "incomeTaxExpense": 11000000,
        "netIncome": -33000000,
        "netIncomeRatio": -0.0298372514,
        "eps": -0.71,
        "epsdiluted": -0.71,
        "weightedAverageShsOut": 46700000,
        "weightedAverageShsOutDil": 46700000,
        "link": "https://www.sec.gov/Archives/edgar/data/1024725/000095012309031155/0000950123-09-031155-index.htm",
        "finalLink": "https://www.sec.gov/Archives/edgar/data/1024725/000095012309031155/c52770e10vq.htm"
    },
    {
        "date": "2009-03-31",
        "symbol": "TEN",
        "reportedCurrency": "USD",
        "cik": "0001024725",
        "fillingDate": "2009-05-08",
        "acceptedDate": "2009-05-07 18:57:02",
        "calendarYear": "2009",
        "period": "Q1",
        "revenue": 967000000,
        "costOfRevenue": 827000000,
        "grossProfit": 140000000,
        "grossProfitRatio": 0.1447776629,
        "researchAndDevelopmentExpenses": 21000000,
        "generalAndAdministrativeExpenses": 78000000,
        "sellingAndMarketingExpenses": 52000000,
        "sellingGeneralAndAdministrativeExpenses": 130000000,
        "otherExpenses": 0,
        "operatingExpenses": 151000000,
        "costAndExpenses": 978000000,
        "interestIncome": 1331000,
        "interestExpense": 31000000,
        "depreciationAndAmortization": 52000000,
        "ebitda": 37000000,
        "ebitdaratio": 0.038262668,
        "operatingIncome": -11000000,
        "operatingIncomeRatio": -0.0113753878,
        "totalOtherIncomeExpensesNet": 0,
        "incomeBeforeTax": -44000000,
        "incomeBeforeTaxRatio": -0.0455015512,
        "incomeTaxExpense": 3000000,
        "netIncome": -49000000,
        "netIncomeRatio": -0.050672182,
        "eps": -1.05,
        "epsdiluted": -1.05,
        "weightedAverageShsOut": 46671289,
        "weightedAverageShsOutDil": 46671289,
        "link": "https://www.sec.gov/Archives/edgar/data/1024725/000095015209004922/0000950152-09-004922-index.htm",
        "finalLink": "https://www.sec.gov/Archives/edgar/data/1024725/000095015209004922/c51050e10vq.htm"
    },
    {
        "date": "2008-12-31",
        "symbol": "TEN",
        "reportedCurrency": "USD",
        "cik": "0001024725",
        "fillingDate": "2009-02-27",
        "acceptedDate": "2009-02-27 16:34:17",
        "calendarYear": "2008",
        "period": "Q4",
        "revenue": 1208000000,
        "costOfRevenue": 1056000000,
        "grossProfit": 152000000,
        "grossProfitRatio": 0.1258278146,
        "researchAndDevelopmentExpenses": 28000000,
        "generalAndAdministrativeExpenses": 98000000,
        "sellingAndMarketingExpenses": 54000000,
        "sellingGeneralAndAdministrativeExpenses": 152000000,
        "otherExpenses": 0,
        "operatingExpenses": 180000000,
        "costAndExpenses": 1236000000,
        "interestIncome": 2286000,
        "interestExpense": 30968000,
        "depreciationAndAmortization": 54000000,
        "ebitda": 81837000,
        "ebitdaratio": 0.0677458609,
        "operatingIncome": -28000000,
        "operatingIncomeRatio": -0.0231788079,
        "totalOtherIncomeExpensesNet": -240000000,
        "incomeBeforeTax": -268000000,
        "incomeBeforeTaxRatio": -0.2218543046,
        "incomeTaxExpense": 126000000,
        "netIncome": -298000000,
        "netIncomeRatio": -0.2466887417,
        "eps": -6.39,
        "epsdiluted": -6.39,
        "weightedAverageShsOut": 46671289,
        "weightedAverageShsOutDil": 46671289,
        "link": "https://www.sec.gov/Archives/edgar/data/1024725/000095013709001362/0000950137-09-001362-index.htm",
        "finalLink": "https://www.sec.gov/Archives/edgar/data/1024725/000095013709001362/c48873e10vk.htm"
    },
    {
        "date": "2008-09-30",
        "symbol": "TEN",
        "reportedCurrency": "USD",
        "cik": "0001024725",
        "fillingDate": "2008-11-10",
        "acceptedDate": "2008-11-10 17:20:47",
        "calendarYear": "2008",
        "period": "Q3",
        "revenue": 1497000000,
        "costOfRevenue": 1298000000,
        "grossProfit": 199000000,
        "grossProfitRatio": 0.1329325317,
        "researchAndDevelopmentExpenses": 29000000,
        "generalAndAdministrativeExpenses": 87000000,
        "sellingAndMarketingExpenses": 56000000,
        "sellingGeneralAndAdministrativeExpenses": 143000000,
        "otherExpenses": 0,
        "operatingExpenses": 172000000,
        "costAndExpenses": 1470000000,
        "interestIncome": 2108000,
        "interestExpense": 0,
        "depreciationAndAmortization": 56000000,
        "ebitda": 80187000,
        "ebitdaratio": 0.0535651303,
        "operatingIncome": 27000000,
        "operatingIncomeRatio": 0.0180360721,
        "totalOtherIncomeExpensesNet": -28816000,
        "incomeBeforeTax": 28000000,
        "incomeBeforeTaxRatio": 0.0187040748,
        "incomeTaxExpense": 131000000,
        "netIncome": -136000000,
        "netIncomeRatio": -0.0908483634,
        "eps": -2.93,
        "epsdiluted": -2.93,
        "weightedAverageShsOut": 46441954,
        "weightedAverageShsOutDil": 46441954,
        "link": "https://www.sec.gov/Archives/edgar/data/1024725/000095013708013621/0000950137-08-013621-index.htm",
        "finalLink": "https://www.sec.gov/Archives/edgar/data/1024725/000095013708013621/c47473e10vq.htm"
    },
    {
        "date": "2008-06-30",
        "symbol": "TEN",
        "reportedCurrency": "USD",
        "cik": "0001024725",
        "fillingDate": "2008-08-08",
        "acceptedDate": "2008-08-08 15:05:48",
        "calendarYear": "2008",
        "period": "Q2",
        "revenue": 1651000000,
        "costOfRevenue": 1383000000,
        "grossProfit": 268000000,
        "grossProfitRatio": 0.1623258631,
        "researchAndDevelopmentExpenses": 34000000,
        "generalAndAdministrativeExpenses": 102000000,
        "sellingAndMarketingExpenses": 57000000,
        "sellingGeneralAndAdministrativeExpenses": 159000000,
        "otherExpenses": 0,
        "operatingExpenses": 193000000,
        "costAndExpenses": 1576000000,
        "interestIncome": 1823000,
        "interestExpense": 0,
        "depreciationAndAmortization": 57000000,
        "ebitda": 97000000,
        "ebitdaratio": 0.0587522714,
        "operatingIncome": 75000000,
        "operatingIncomeRatio": 0.0454270139,
        "totalOtherIncomeExpensesNet": 0,
        "incomeBeforeTax": 75000000,
        "incomeBeforeTaxRatio": 0.0454270139,
        "incomeTaxExpense": 27000000,
        "netIncome": 13000000,
        "netIncomeRatio": 0.0078740157,
        "eps": 0.28,
        "epsdiluted": 0.27,
        "weightedAverageShsOut": 46404077,
        "weightedAverageShsOutDil": 47729214,
        "link": "https://www.sec.gov/Archives/edgar/data/1024725/000095013708010477/0000950137-08-010477-index.htm",
        "finalLink": "https://www.sec.gov/Archives/edgar/data/1024725/000095013708010477/c34225e10vq.htm"
    },
    {
        "date": "2008-03-31",
        "symbol": "TEN",
        "reportedCurrency": "USD",
        "cik": "0001024725",
        "fillingDate": "2008-05-12",
        "acceptedDate": "2008-05-12 16:53:24",
        "calendarYear": "2008",
        "period": "Q1",
        "revenue": 1560000000,
        "costOfRevenue": 1326000000,
        "grossProfit": 234000000,
        "grossProfitRatio": 0.15,
        "researchAndDevelopmentExpenses": 36000000,
        "generalAndAdministrativeExpenses": 105000000,
        "sellingAndMarketingExpenses": 55000000,
        "sellingGeneralAndAdministrativeExpenses": 160000000,
        "otherExpenses": 0,
        "operatingExpenses": 196000000,
        "costAndExpenses": 1522000000,
        "interestIncome": 2189000,
        "interestExpense": 23838000,
        "depreciationAndAmortization": 55000000,
        "ebitda": 107192000,
        "ebitdaratio": 0.0687128205,
        "operatingIncome": 38000000,
        "operatingIncomeRatio": 0.0243589744,
        "totalOtherIncomeExpensesNet": -47433000,
        "incomeBeforeTax": 39000000,
        "incomeBeforeTaxRatio": 0.025,
        "incomeTaxExpense": 5000000,
        "netIncome": 6000000,
        "netIncomeRatio": 0.0038461538,
        "eps": 0.13,
        "epsdiluted": 0.13,
        "weightedAverageShsOut": 46253272,
        "weightedAverageShsOutDil": 47737835,
        "link": "https://www.sec.gov/Archives/edgar/data/1024725/000095013708007260/0000950137-08-007260-index.htm",
        "finalLink": "https://www.sec.gov/Archives/edgar/data/1024725/000095013708007260/c26351e10vq.txt"
    },
    {
        "date": "2007-12-31",
        "symbol": "TEN",
        "reportedCurrency": "USD",
        "cik": "0001024725",
        "fillingDate": "2008-02-29",
        "acceptedDate": "2008-02-29 16:47:52",
        "calendarYear": "2007",
        "period": "Q4",
        "revenue": 1565000000,
        "costOfRevenue": 1341000000,
        "grossProfit": 224000000,
        "grossProfitRatio": 0.1431309904,
        "researchAndDevelopmentExpenses": 28000000,
        "generalAndAdministrativeExpenses": 99000000,
        "sellingAndMarketingExpenses": 55000000,
        "sellingGeneralAndAdministrativeExpenses": 154000000,
        "otherExpenses": 0,
        "operatingExpenses": 182000000,
        "costAndExpenses": 1523000000,
        "interestIncome": 0,
        "interestExpense": 0,
        "depreciationAndAmortization": 55000000,
        "ebitda": 217573000,
        "ebitdaratio": 0.1390242812,
        "operatingIncome": 42000000,
        "operatingIncomeRatio": 0.0268370607,
        "totalOtherIncomeExpensesNet": -73817000,
        "incomeBeforeTax": -131000000,
        "incomeBeforeTaxRatio": -0.0837060703,
        "incomeTaxExpense": 61000000,
        "netIncome": -72000000,
        "netIncomeRatio": -0.0460063898,
        "eps": -1.56,
        "epsdiluted": -1.51,
        "weightedAverageShsOut": 46253272,
        "weightedAverageShsOutDil": 47737835,
        "link": "https://www.sec.gov/Archives/edgar/data/1024725/000095013708003112/0000950137-08-003112-index.htm",
        "finalLink": "https://www.sec.gov/Archives/edgar/data/1024725/000095013708003112/c23259e10vk.txt"
    },
    {
        "date": "2007-09-30",
        "symbol": "TEN",
        "reportedCurrency": "USD",
        "cik": "0001024725",
        "fillingDate": "2007-11-09",
        "acceptedDate": "2007-11-09 12:59:24",
        "calendarYear": "2007",
        "period": "Q3",
        "revenue": 1556000000,
        "costOfRevenue": 1313000000,
        "grossProfit": 243000000,
        "grossProfitRatio": 0.1561696658,
        "researchAndDevelopmentExpenses": 30000000,
        "generalAndAdministrativeExpenses": 101000000,
        "sellingAndMarketingExpenses": 52000000,
        "sellingGeneralAndAdministrativeExpenses": 153000000,
        "otherExpenses": 0,
        "operatingExpenses": 183000000,
        "costAndExpenses": 1496000000,
        "interestIncome": 0,
        "interestExpense": 0,
        "depreciationAndAmortization": 52000000,
        "ebitda": 73000000,
        "ebitdaratio": 0.0469151671,
        "operatingIncome": 60000000,
        "operatingIncomeRatio": 0.0385604113,
        "totalOtherIncomeExpensesNet": -14079000,
        "incomeBeforeTax": 57000000,
        "incomeBeforeTaxRatio": 0.0366323907,
        "incomeTaxExpense": -3000000,
        "netIncome": 21000000,
        "netIncomeRatio": 0.013496144,
        "eps": 0.46,
        "epsdiluted": 0.44,
        "weightedAverageShsOut": 45973687,
        "weightedAverageShsOutDil": 47899357,
        "link": "https://www.sec.gov/Archives/edgar/data/1024725/000095013707016901/0000950137-07-016901-index.htm",
        "finalLink": "https://www.sec.gov/Archives/edgar/data/1024725/000095013707016901/c21258e10vq.txt"
    },
    {
        "date": "2007-06-30",
        "symbol": "TEN",
        "reportedCurrency": "USD",
        "cik": "0001024725",
        "fillingDate": "2007-08-14",
        "acceptedDate": "2007-08-14 17:17:02",
        "calendarYear": "2007",
        "period": "Q2",
        "revenue": 1663000000,
        "costOfRevenue": 1377000000,
        "grossProfit": 286000000,
        "grossProfitRatio": 0.1719783524,
        "researchAndDevelopmentExpenses": 29000000,
        "generalAndAdministrativeExpenses": 104000000,
        "sellingAndMarketingExpenses": 50000000,
        "sellingGeneralAndAdministrativeExpenses": 154000000,
        "otherExpenses": 0,
        "operatingExpenses": 183000000,
        "costAndExpenses": 1560000000,
        "interestIncome": 2277000,
        "interestExpense": 14817000,
        "depreciationAndAmortization": 50000000,
        "ebitda": 108242000,
        "ebitdaratio": 0.0650883945,
        "operatingIncome": 103000000,
        "operatingIncomeRatio": 0.0619362598,
        "totalOtherIncomeExpensesNet": 51825000,
        "incomeBeforeTax": 103000000,
        "incomeBeforeTaxRatio": 0.0619362598,
        "incomeTaxExpense": 20000000,
        "netIncome": 41000000,
        "netIncomeRatio": 0.0246542393,
        "eps": 0.89,
        "epsdiluted": 0.86,
        "weightedAverageShsOut": 45828992,
        "weightedAverageShsOutDil": 47680883,
        "link": "https://www.sec.gov/Archives/edgar/data/1024725/000095013707012376/0000950137-07-012376-index.htm",
        "finalLink": "https://www.sec.gov/Archives/edgar/data/1024725/000095013707012376/c17632e10vq.txt"
    },
    {
        "date": "2007-03-31",
        "symbol": "TEN",
        "reportedCurrency": "USD",
        "cik": "0001024725",
        "fillingDate": "2007-05-09",
        "acceptedDate": "2007-05-09 17:20:37",
        "calendarYear": "2007",
        "period": "Q1",
        "revenue": 1399000000,
        "costOfRevenue": 1179000000,
        "grossProfit": 220000000,
        "grossProfitRatio": 0.1572551823,
        "researchAndDevelopmentExpenses": 27000000,
        "generalAndAdministrativeExpenses": 95000000,
        "sellingAndMarketingExpenses": 48000000,
        "sellingGeneralAndAdministrativeExpenses": 143000000,
        "otherExpenses": 0,
        "operatingExpenses": 170000000,
        "costAndExpenses": 1349000000,
        "interestIncome": 0,
        "interestExpense": 0,
        "depreciationAndAmortization": 48000000,
        "ebitda": 71773000,
        "ebitdaratio": 0.0513030736,
        "operatingIncome": 50000000,
        "operatingIncomeRatio": 0.0357398142,
        "totalOtherIncomeExpensesNet": 0,
        "incomeBeforeTax": 50000000,
        "incomeBeforeTaxRatio": 0.0357398142,
        "incomeTaxExpense": 3000000,
        "netIncome": 3000000,
        "netIncomeRatio": 0.0021443888,
        "eps": 0.066,
        "epsdiluted": 0.0634,
        "weightedAverageShsOut": 45425823,
        "weightedAverageShsOutDil": 47320779,
        "link": "https://www.sec.gov/Archives/edgar/data/1024725/000095013707007130/0000950137-07-007130-index.htm",
        "finalLink": "https://www.sec.gov/Archives/edgar/data/1024725/000095013707007130/c14931e10vq.txt"
    },
    {
        "date": "2006-12-31",
        "symbol": "TEN",
        "reportedCurrency": "USD",
        "cik": "0001024725",
        "fillingDate": "2007-03-01",
        "acceptedDate": "2007-03-01 17:15:22",
        "calendarYear": "2006",
        "period": "Q4",
        "revenue": 1209000000,
        "costOfRevenue": 1019000000,
        "grossProfit": 190000000,
        "grossProfitRatio": 0.1571546733,
        "researchAndDevelopmentExpenses": 20000000,
        "generalAndAdministrativeExpenses": 87000000,
        "sellingAndMarketingExpenses": 48000000,
        "sellingGeneralAndAdministrativeExpenses": 135000000,
        "otherExpenses": 0,
        "operatingExpenses": 155000000,
        "costAndExpenses": 1174000000,
        "interestIncome": 0,
        "interestExpense": 196000000,
        "depreciationAndAmortization": 48000000,
        "ebitda": 167587000,
        "ebitdaratio": 0.1386162117,
        "operatingIncome": 35000000,
        "operatingIncomeRatio": 0.0289495451,
        "totalOtherIncomeExpensesNet": -28150000,
        "incomeBeforeTax": 36000000,
        "incomeBeforeTaxRatio": 0.0297766749,
        "incomeTaxExpense": -15000000,
        "netIncome": 14000000,
        "netIncomeRatio": 0.011579818,
        "eps": 0.31,
        "epsdiluted": 0.3,
        "weightedAverageShsOut": 45425823,
        "weightedAverageShsOutDil": 47320779,
        "link": "https://www.sec.gov/Archives/edgar/data/1024725/000095013707003139/0000950137-07-003139-index.htm",
        "finalLink": "https://www.sec.gov/Archives/edgar/data/1024725/000095013707003139/c12486e10vk.htm"
    },
    {
        "date": "2006-09-30",
        "symbol": "TEN",
        "reportedCurrency": "USD",
        "cik": "0001024725",
        "fillingDate": "2006-11-09",
        "acceptedDate": "2006-11-09 16:01:45",
        "calendarYear": "2006",
        "period": "Q3",
        "revenue": 1122000000,
        "costOfRevenue": 926000000,
        "grossProfit": 196000000,
        "grossProfitRatio": 0.174688057,
        "researchAndDevelopmentExpenses": 24000000,
        "generalAndAdministrativeExpenses": 82000000,
        "sellingAndMarketingExpenses": 45000000,
        "sellingGeneralAndAdministrativeExpenses": 127000000,
        "otherExpenses": 0,
        "operatingExpenses": 151000000,
        "costAndExpenses": 1077000000,
        "interestIncome": 0,
        "interestExpense": 0,
        "depreciationAndAmortization": 45000000,
        "ebitda": 77978000,
        "ebitdaratio": 0.0694991087,
        "operatingIncome": 45000000,
        "operatingIncomeRatio": 0.0401069519,
        "totalOtherIncomeExpensesNet": -16374000,
        "incomeBeforeTax": 45000000,
        "incomeBeforeTaxRatio": 0.0401069519,
        "incomeTaxExpense": 3000000,
        "netIncome": 6000000,
        "netIncomeRatio": 0.0053475936,
        "eps": 0.13,
        "epsdiluted": 0.13,
        "weightedAverageShsOut": 44986076,
        "weightedAverageShsOutDil": 47207110,
        "link": "https://www.sec.gov/Archives/edgar/data/1024725/000095013706012161/0000950137-06-012161-index.htm",
        "finalLink": "https://www.sec.gov/Archives/edgar/data/1024725/000095013706012161/c09644e10vq.txt"
    },
    {
        "date": "2006-06-30",
        "symbol": "TEN",
        "reportedCurrency": "USD",
        "cik": "0001024725",
        "fillingDate": "2006-08-08",
        "acceptedDate": "2006-08-08 15:42:52",
        "calendarYear": "2006",
        "period": "Q2",
        "revenue": 1222000000,
        "costOfRevenue": 972000000,
        "grossProfit": 250000000,
        "grossProfitRatio": 0.2045826514,
        "researchAndDevelopmentExpenses": 22000000,
        "generalAndAdministrativeExpenses": 107000000,
        "sellingAndMarketingExpenses": 47000000,
        "sellingGeneralAndAdministrativeExpenses": 154000000,
        "otherExpenses": 0,
        "operatingExpenses": 176000000,
        "costAndExpenses": 1148000000,
        "interestIncome": 0,
        "interestExpense": 73000000,
        "depreciationAndAmortization": 47000000,
        "ebitda": 86000000,
        "ebitdaratio": 0.0703764321,
        "operatingIncome": 74000000,
        "operatingIncomeRatio": 0.0605564648,
        "totalOtherIncomeExpensesNet": -35000000,
        "incomeBeforeTax": 73000000,
        "incomeBeforeTaxRatio": 0.0597381342,
        "incomeTaxExpense": 15000000,
        "netIncome": 24000000,
        "netIncomeRatio": 0.0196399345,
        "eps": 0.54,
        "epsdiluted": 0.51,
        "weightedAverageShsOut": 44496640,
        "weightedAverageShsOutDil": 47175205,
        "link": "https://www.sec.gov/Archives/edgar/data/1024725/000095013706008845/0000950137-06-008845-index.htm",
        "finalLink": "https://www.sec.gov/Archives/edgar/data/1024725/000095013706008845/c07338e10vq.htm"
    },
    {
        "date": "2006-03-31",
        "symbol": "TEN",
        "reportedCurrency": "USD",
        "cik": "0001024725",
        "fillingDate": "2006-05-10",
        "acceptedDate": "2006-05-10 16:24:20",
        "calendarYear": "2006",
        "period": "Q1",
        "revenue": 1132000000,
        "costOfRevenue": 921000000,
        "grossProfit": 211000000,
        "grossProfitRatio": 0.1863957597,
        "researchAndDevelopmentExpenses": 22000000,
        "generalAndAdministrativeExpenses": 101000000,
        "sellingAndMarketingExpenses": 44000000,
        "sellingGeneralAndAdministrativeExpenses": 145000000,
        "otherExpenses": 0,
        "operatingExpenses": 167000000,
        "costAndExpenses": 1088000000,
        "interestIncome": 0,
        "interestExpense": 0,
        "depreciationAndAmortization": 44000000,
        "ebitda": 52589000,
        "ebitdaratio": 0.0464567138,
        "operatingIncome": 44000000,
        "operatingIncomeRatio": 0.038869258,
        "totalOtherIncomeExpensesNet": 88000,
        "incomeBeforeTax": 42000000,
        "incomeBeforeTaxRatio": 0.0371024735,
        "incomeTaxExpense": -2000000,
        "netIncome": 7000000,
        "netIncomeRatio": 0.0061837456,
        "eps": 0.16,
        "epsdiluted": 0.15,
        "weightedAverageShsOut": 43921691,
        "weightedAverageShsOutDil": 46723181,
        "link": "https://www.sec.gov/Archives/edgar/data/1024725/000095013706005728/0000950137-06-005728-index.htm",
        "finalLink": "https://www.sec.gov/Archives/edgar/data/1024725/000095013706005728/c05008e10vq.txt"
    },
    {
        "date": "2005-12-31",
        "symbol": "TEN",
        "reportedCurrency": "USD",
        "cik": "0001024725",
        "fillingDate": "2006-03-15",
        "acceptedDate": "2006-03-15 15:52:15",
        "calendarYear": "2005",
        "period": "Q4",
        "revenue": 1064000000,
        "costOfRevenue": 865000000,
        "grossProfit": 199000000,
        "grossProfitRatio": 0.1870300752,
        "researchAndDevelopmentExpenses": 19000000,
        "generalAndAdministrativeExpenses": 98000000,
        "sellingAndMarketingExpenses": 43000000,
        "sellingGeneralAndAdministrativeExpenses": 141000000,
        "otherExpenses": 0,
        "operatingExpenses": 160000000,
        "costAndExpenses": 1025000000,
        "interestIncome": 0,
        "interestExpense": 0,
        "depreciationAndAmortization": 43000000,
        "ebitda": 78959000,
        "ebitdaratio": 0.0742095865,
        "operatingIncome": 39000000,
        "operatingIncomeRatio": 0.0366541353,
        "totalOtherIncomeExpensesNet": -1000000,
        "incomeBeforeTax": 38000000,
        "incomeBeforeTaxRatio": 0.0357142857,
        "incomeTaxExpense": -4000000,
        "netIncome": 8000000,
        "netIncomeRatio": 0.007518797,
        "eps": 0.18,
        "epsdiluted": 0.17,
        "weightedAverageShsOut": 43921691,
        "weightedAverageShsOutDil": 46723181,
        "link": "https://www.sec.gov/Archives/edgar/data/1024725/000095013706003085/0000950137-06-003085-index.htm",
        "finalLink": "https://www.sec.gov/Archives/edgar/data/1024725/000095013706003085/c03134e10vk.txt"
    },
    {
        "date": "2005-09-30",
        "symbol": "TEN",
        "reportedCurrency": "USD",
        "cik": "0001024725",
        "fillingDate": "2005-11-04",
        "acceptedDate": "2005-11-04 17:00:21",
        "calendarYear": "2005",
        "period": "Q3",
        "revenue": 1096000000,
        "costOfRevenue": 889000000,
        "grossProfit": 207000000,
        "grossProfitRatio": 0.1888686131,
        "researchAndDevelopmentExpenses": 22000000,
        "generalAndAdministrativeExpenses": 96000000,
        "sellingAndMarketingExpenses": 44000000,
        "sellingGeneralAndAdministrativeExpenses": 140000000,
        "otherExpenses": 0,
        "operatingExpenses": 162000000,
        "costAndExpenses": 1051000000,
        "interestIncome": 0,
        "interestExpense": 0,
        "depreciationAndAmortization": 44000000,
        "ebitda": 28919000,
        "ebitdaratio": 0.0263859489,
        "operatingIncome": 45000000,
        "operatingIncomeRatio": 0.0410583942,
        "totalOtherIncomeExpensesNet": 30282000,
        "incomeBeforeTax": 50000000,
        "incomeBeforeTaxRatio": 0.045620438,
        "incomeTaxExpense": 7000000,
        "netIncome": 10000000,
        "netIncomeRatio": 0.0091240876,
        "eps": 0.23,
        "epsdiluted": 0.22,
        "weightedAverageShsOut": 43279086,
        "weightedAverageShsOutDil": 45583668,
        "link": "https://www.sec.gov/Archives/edgar/data/1024725/000095013705013326/0000950137-05-013326-index.htm",
        "finalLink": "https://www.sec.gov/Archives/edgar/data/1024725/000095013705013326/c99536e10vq.txt"
    },
    {
        "date": "2005-06-30",
        "symbol": "TEN",
        "reportedCurrency": "USD",
        "cik": "0001024725",
        "fillingDate": "2005-08-05",
        "acceptedDate": "2005-08-05 16:25:36",
        "calendarYear": "2005",
        "period": "Q2",
        "revenue": 1180000000,
        "costOfRevenue": 941000000,
        "grossProfit": 239000000,
        "grossProfitRatio": 0.2025423729,
        "researchAndDevelopmentExpenses": 18000000,
        "generalAndAdministrativeExpenses": 93000000,
        "sellingAndMarketingExpenses": 44000000,
        "sellingGeneralAndAdministrativeExpenses": 137000000,
        "otherExpenses": 0,
        "operatingExpenses": 155000000,
        "costAndExpenses": 1096000000,
        "interestIncome": 0,
        "interestExpense": 0,
        "depreciationAndAmortization": 44000000,
        "ebitda": 41390000,
        "ebitdaratio": 0.0350762712,
        "operatingIncome": 84000000,
        "operatingIncomeRatio": 0.0711864407,
        "totalOtherIncomeExpensesNet": 50476000,
        "incomeBeforeTax": 83000000,
        "incomeBeforeTaxRatio": 0.0703389831,
        "incomeTaxExpense": 18000000,
        "netIncome": 33000000,
        "netIncomeRatio": 0.0279661017,
        "eps": 0.77,
        "epsdiluted": 0.73,
        "weightedAverageShsOut": 42987528,
        "weightedAverageShsOutDil": 45072761,
        "link": "https://www.sec.gov/Archives/edgar/data/1024725/000095013705009705/0000950137-05-009705-index.htm",
        "finalLink": "https://www.sec.gov/Archives/edgar/data/1024725/000095013705009705/c97294e10vq.txt"
    },
    {
        "date": "2005-03-31",
        "symbol": "TEN",
        "reportedCurrency": "USD",
        "cik": "0001024725",
        "fillingDate": "2005-05-10",
        "acceptedDate": "2005-05-10 16:32:01",
        "calendarYear": "2005",
        "period": "Q1",
        "revenue": 1101000000,
        "costOfRevenue": 888000000,
        "grossProfit": 213000000,
        "grossProfitRatio": 0.1934604905,
        "researchAndDevelopmentExpenses": 24000000,
        "generalAndAdministrativeExpenses": 98000000,
        "sellingAndMarketingExpenses": 46000000,
        "sellingGeneralAndAdministrativeExpenses": 144000000,
        "otherExpenses": 0,
        "operatingExpenses": 168000000,
        "costAndExpenses": 1056000000,
        "interestIncome": 0,
        "interestExpense": 0,
        "depreciationAndAmortization": 46000000,
        "ebitda": 57000000,
        "ebitdaratio": 0.0517711172,
        "operatingIncome": 45000000,
        "operatingIncomeRatio": 0.0408719346,
        "totalOtherIncomeExpensesNet": -1000000,
        "incomeBeforeTax": 44000000,
        "incomeBeforeTaxRatio": 0.0399636694,
        "incomeTaxExpense": 4000000,
        "netIncome": 7000000,
        "netIncomeRatio": 0.0063578565,
        "eps": 0.16,
        "epsdiluted": 0.16,
        "weightedAverageShsOut": 42674558,
        "weightedAverageShsOutDil": 44995875,
        "link": "https://www.sec.gov/Archives/edgar/data/1024725/000095013705005660/0000950137-05-005660-index.htm",
        "finalLink": "https://www.sec.gov/Archives/edgar/data/1024725/000095013705005660/c95038e10vq.txt"
    },
    {
        "date": "2004-12-31",
        "symbol": "TEN",
        "reportedCurrency": "USD",
        "cik": "0001024725",
        "fillingDate": "2005-03-16",
        "acceptedDate": "2005-03-16 12:41:23",
        "calendarYear": "2004",
        "period": "Q4",
        "revenue": 1067000000,
        "costOfRevenue": 869000000,
        "grossProfit": 198000000,
        "grossProfitRatio": 0.1855670103,
        "researchAndDevelopmentExpenses": 20000000,
        "generalAndAdministrativeExpenses": 115000000,
        "sellingAndMarketingExpenses": 46000000,
        "sellingGeneralAndAdministrativeExpenses": 161000000,
        "otherExpenses": 0,
        "operatingExpenses": 181000000,
        "costAndExpenses": 1050000000,
        "interestIncome": 0,
        "interestExpense": 0,
        "depreciationAndAmortization": 46000000,
        "ebitda": 104574000,
        "ebitdaratio": 0.0980074977,
        "operatingIncome": 17000000,
        "operatingIncomeRatio": 0.0159325211,
        "totalOtherIncomeExpensesNet": -42092000,
        "incomeBeforeTax": 18000000,
        "incomeBeforeTaxRatio": 0.0168697282,
        "incomeTaxExpense": -36000000,
        "netIncome": -21000000,
        "netIncomeRatio": -0.0196813496,
        "eps": -0.49,
        "epsdiluted": -0.47,
        "weightedAverageShsOut": 42674558,
        "weightedAverageShsOutDil": 44995875,
        "link": "https://www.sec.gov/Archives/edgar/data/1024725/000095013705003080/0000950137-05-003080-index.htm",
        "finalLink": "https://www.sec.gov/Archives/edgar/data/1024725/000095013705003080/c91289e10vk.txt"
    },
    {
        "date": "2004-09-30",
        "symbol": "TEN",
        "reportedCurrency": "USD",
        "cik": "0001024725",
        "fillingDate": "2004-11-05",
        "acceptedDate": "2004-11-05 16:58:58",
        "calendarYear": "2004",
        "period": "Q3",
        "revenue": 998000000,
        "costOfRevenue": 798000000,
        "grossProfit": 200000000,
        "grossProfitRatio": 0.2004008016,
        "researchAndDevelopmentExpenses": 22000000,
        "generalAndAdministrativeExpenses": 91000000,
        "sellingAndMarketingExpenses": 42000000,
        "sellingGeneralAndAdministrativeExpenses": 133000000,
        "otherExpenses": 0,
        "operatingExpenses": 155000000,
        "costAndExpenses": 953000000,
        "interestIncome": 0,
        "interestExpense": 0,
        "depreciationAndAmortization": 42000000,
        "ebitda": 50000000,
        "ebitdaratio": 0.0501002004,
        "operatingIncome": 45000000,
        "operatingIncomeRatio": 0.0450901804,
        "totalOtherIncomeExpensesNet": -10000000,
        "incomeBeforeTax": 35000000,
        "incomeBeforeTaxRatio": 0.0350701403,
        "incomeTaxExpense": 2000000,
        "netIncome": 6000000,
        "netIncomeRatio": 0.006012024,
        "eps": 0.14,
        "epsdiluted": 0.14,
        "weightedAverageShsOut": 41693641,
        "weightedAverageShsOutDil": 44322958,
        "link": "https://www.sec.gov/Archives/edgar/data/1024725/000095013704009502/0000950137-04-009502-index.htm",
        "finalLink": "https://www.sec.gov/Archives/edgar/data/1024725/000095013704009502/c89351e10vq.txt"
    },
    {
        "date": "2004-06-30",
        "symbol": "TEN",
        "reportedCurrency": "USD",
        "cik": "0001024725",
        "fillingDate": "2004-08-06",
        "acceptedDate": "2004-08-06 15:14:51",
        "calendarYear": "2004",
        "period": "Q2",
        "revenue": 1114000000,
        "costOfRevenue": 874000000,
        "grossProfit": 240000000,
        "grossProfitRatio": 0.2154398564,
        "researchAndDevelopmentExpenses": 19000000,
        "generalAndAdministrativeExpenses": 100000000,
        "sellingAndMarketingExpenses": 44000000,
        "sellingGeneralAndAdministrativeExpenses": 144000000,
        "otherExpenses": 0,
        "operatingExpenses": 163000000,
        "costAndExpenses": 1037000000,
        "interestIncome": 0,
        "interestExpense": 0,
        "depreciationAndAmortization": 44000000,
        "ebitda": 31531000,
        "ebitdaratio": 0.0283043088,
        "operatingIncome": 77000000,
        "operatingIncomeRatio": 0.0691202873,
        "totalOtherIncomeExpensesNet": 53380000,
        "incomeBeforeTax": 76000000,
        "incomeBeforeTaxRatio": 0.0682226212,
        "incomeTaxExpense": 10000000,
        "netIncome": 30000000,
        "netIncomeRatio": 0.026929982,
        "eps": 0.72,
        "epsdiluted": 0.68,
        "weightedAverageShsOut": 41475722,
        "weightedAverageShsOutDil": 44181228,
        "link": "https://www.sec.gov/Archives/edgar/data/1024725/000095013704006336/0000950137-04-006336-index.htm",
        "finalLink": "https://www.sec.gov/Archives/edgar/data/1024725/000095013704006336/c87293e10vq.txt"
    },
    {
        "date": "2004-03-31",
        "symbol": "TEN",
        "reportedCurrency": "USD",
        "cik": "0001024725",
        "fillingDate": "2004-05-03",
        "acceptedDate": "2004-05-03 17:03:14",
        "calendarYear": "2004",
        "period": "Q1",
        "revenue": 1034000000,
        "costOfRevenue": 830000000,
        "grossProfit": 204000000,
        "grossProfitRatio": 0.1972920696,
        "researchAndDevelopmentExpenses": 17000000,
        "generalAndAdministrativeExpenses": 109000000,
        "sellingAndMarketingExpenses": 45000000,
        "sellingGeneralAndAdministrativeExpenses": 154000000,
        "otherExpenses": 0,
        "operatingExpenses": 171000000,
        "costAndExpenses": 1001000000,
        "interestIncome": 0,
        "interestExpense": 0,
        "depreciationAndAmortization": 45000000,
        "ebitda": 44407000,
        "ebitdaratio": 0.0429468085,
        "operatingIncome": 33000000,
        "operatingIncomeRatio": 0.0319148936,
        "totalOtherIncomeExpensesNet": 0,
        "incomeBeforeTax": 33000000,
        "incomeBeforeTaxRatio": 0.0319148936,
        "incomeTaxExpense": -1000000,
        "netIncome": -2000000,
        "netIncomeRatio": -0.001934236,
        "eps": -0.0489,
        "epsdiluted": -0.0459,
        "weightedAverageShsOut": 40861204,
        "weightedAverageShsOutDil": 43539508,
        "link": "https://www.sec.gov/Archives/edgar/data/1024725/000095013704003500/0000950137-04-003500-index.htm",
        "finalLink": "https://www.sec.gov/Archives/edgar/data/1024725/000095013704003500/c85045e10vq.txt"
    },
    {
        "date": "2003-12-31",
        "symbol": "TEN",
        "reportedCurrency": "USD",
        "cik": "0001024725",
        "fillingDate": "2004-03-11",
        "acceptedDate": "2004-03-11 17:00:16",
        "calendarYear": "2003",
        "period": "Q4",
        "revenue": 933000000,
        "costOfRevenue": 745000000,
        "grossProfit": 188000000,
        "grossProfitRatio": 0.2015005359,
        "researchAndDevelopmentExpenses": 17000000,
        "generalAndAdministrativeExpenses": 88000000,
        "sellingAndMarketingExpenses": 43000000,
        "sellingGeneralAndAdministrativeExpenses": 131000000,
        "otherExpenses": 0,
        "operatingExpenses": 148000000,
        "costAndExpenses": 893000000,
        "interestIncome": 0,
        "interestExpense": 0,
        "depreciationAndAmortization": 43000000,
        "ebitda": 89249000,
        "ebitdaratio": 0.0956580922,
        "operatingIncome": 40000000,
        "operatingIncomeRatio": 0.0428724544,
        "totalOtherIncomeExpensesNet": -17041000,
        "incomeBeforeTax": 40000000,
        "incomeBeforeTaxRatio": 0.0428724544,
        "incomeTaxExpense": -5000000,
        "netIncome": -2000000,
        "netIncomeRatio": -0.0021436227,
        "eps": -0.0489,
        "epsdiluted": -0.0459,
        "weightedAverageShsOut": 40861204,
        "weightedAverageShsOutDil": 43539508,
        "link": "https://www.sec.gov/Archives/edgar/data/1024725/000095013704001747/0000950137-04-001747-index.htm",
        "finalLink": "https://www.sec.gov/Archives/edgar/data/1024725/000095013704001747/c83005e10vk.txt"
    },
    {
        "date": "2003-09-30",
        "symbol": "TEN",
        "reportedCurrency": "USD",
        "cik": "0001024725",
        "fillingDate": "2003-11-13",
        "acceptedDate": "2003-11-13 17:01:13",
        "calendarYear": "2003",
        "period": "Q3",
        "revenue": 914000000,
        "costOfRevenue": 727000000,
        "grossProfit": 187000000,
        "grossProfitRatio": 0.204595186,
        "researchAndDevelopmentExpenses": 18000000,
        "generalAndAdministrativeExpenses": 91000000,
        "sellingAndMarketingExpenses": 40000000,
        "sellingGeneralAndAdministrativeExpenses": 131000000,
        "otherExpenses": 0,
        "operatingExpenses": 149000000,
        "costAndExpenses": 876000000,
        "interestIncome": 0,
        "interestExpense": 0,
        "depreciationAndAmortization": 40000000,
        "ebitda": 42000000,
        "ebitdaratio": 0.04595186,
        "operatingIncome": 38000000,
        "operatingIncomeRatio": 0.0415754923,
        "totalOtherIncomeExpensesNet": -10488000,
        "incomeBeforeTax": 38000000,
        "incomeBeforeTaxRatio": 0.0415754923,
        "incomeTaxExpense": -2000000,
        "netIncome": 4000000,
        "netIncomeRatio": 0.0043763676,
        "eps": 0.0986,
        "epsdiluted": 0.0948,
        "weightedAverageShsOut": 40553785,
        "weightedAverageShsOutDil": 42187011,
        "link": "https://www.sec.gov/Archives/edgar/data/1024725/000095013703005919/0000950137-03-005919-index.htm",
        "finalLink": "https://www.sec.gov/Archives/edgar/data/1024725/000095013703005919/c80768e10vq.txt"
    },
    {
        "date": "2003-06-30",
        "symbol": "TEN",
        "reportedCurrency": "USD",
        "cik": "0001024725",
        "fillingDate": "2003-08-14",
        "acceptedDate": "2003-08-14 12:46:20",
        "calendarYear": "2003",
        "period": "Q2",
        "revenue": 998000000,
        "costOfRevenue": 779000000,
        "grossProfit": 219000000,
        "grossProfitRatio": 0.2194388778,
        "researchAndDevelopmentExpenses": 13000000,
        "generalAndAdministrativeExpenses": 97000000,
        "sellingAndMarketingExpenses": 41000000,
        "sellingGeneralAndAdministrativeExpenses": 138000000,
        "otherExpenses": 0,
        "operatingExpenses": 151000000,
        "costAndExpenses": 930000000,
        "interestIncome": 0,
        "interestExpense": 0,
        "depreciationAndAmortization": 41000000,
        "ebitda": 30190000,
        "ebitdaratio": 0.030250501,
        "operatingIncome": 68000000,
        "operatingIncomeRatio": 0.0681362725,
        "totalOtherIncomeExpensesNet": -41000000,
        "incomeBeforeTax": 27000000,
        "incomeBeforeTaxRatio": 0.0270541082,
        "incomeTaxExpense": 3000000,
        "netIncome": 24000000,
        "netIncomeRatio": 0.0240480962,
        "eps": 0.59,
        "epsdiluted": 0.58,
        "weightedAverageShsOut": 40394671,
        "weightedAverageShsOutDil": 41333408,
        "link": "https://www.sec.gov/Archives/edgar/data/1024725/000095013703004344/0000950137-03-004344-index.htm",
        "finalLink": "https://www.sec.gov/Archives/edgar/data/1024725/000095013703004344/c78654e10vq.txt"
    },
    {
        "date": "2003-03-31",
        "symbol": "TEN",
        "reportedCurrency": "USD",
        "cik": "0001024725",
        "fillingDate": "2003-05-14",
        "acceptedDate": "2003-05-14 14:53:54",
        "calendarYear": "2003",
        "period": "Q1",
        "revenue": 921000000,
        "costOfRevenue": 743000000,
        "grossProfit": 178000000,
        "grossProfitRatio": 0.1932681868,
        "researchAndDevelopmentExpenses": 19000000,
        "generalAndAdministrativeExpenses": 88000000,
        "sellingAndMarketingExpenses": 39000000,
        "sellingGeneralAndAdministrativeExpenses": 127000000,
        "otherExpenses": 0,
        "operatingExpenses": 146000000,
        "costAndExpenses": 889000000,
        "interestIncome": 0,
        "interestExpense": 0,
        "depreciationAndAmortization": 39000000,
        "ebitda": 28361000,
        "ebitdaratio": 0.0307937025,
        "operatingIncome": 32000000,
        "operatingIncomeRatio": 0.0347448426,
        "totalOtherIncomeExpensesNet": -33000000,
        "incomeBeforeTax": -1000000,
        "incomeBeforeTaxRatio": -0.0010857763,
        "incomeTaxExpense": -2000000,
        "netIncome": 1000000,
        "netIncomeRatio": 0.0010857763,
        "eps": 0.0249,
        "epsdiluted": 0.0244,
        "weightedAverageShsOut": 40084584,
        "weightedAverageShsOutDil": 40907138,
        "link": "https://www.sec.gov/Archives/edgar/data/1024725/000095013703002920/0000950137-03-002920-index.htm",
        "finalLink": "https://www.sec.gov/Archives/edgar/data/1024725/000095013703002920/c77042e10vq.txt"
    },
    {
        "date": "2002-12-31",
        "symbol": "TEN",
        "reportedCurrency": "USD",
        "cik": "0001024725",
        "fillingDate": "2003-03-18",
        "acceptedDate": "2003-03-18 17:23:06",
        "calendarYear": "2002",
        "period": "Q4",
        "revenue": 846000000,
        "costOfRevenue": 677000000,
        "grossProfit": 169000000,
        "grossProfitRatio": 0.1997635934,
        "researchAndDevelopmentExpenses": 32000000,
        "generalAndAdministrativeExpenses": 66000000,
        "sellingAndMarketingExpenses": 40000000,
        "sellingGeneralAndAdministrativeExpenses": 106000000,
        "otherExpenses": 0,
        "operatingExpenses": 138000000,
        "costAndExpenses": 815000000,
        "interestIncome": 0,
        "interestExpense": 0,
        "depreciationAndAmortization": -253000000,
        "ebitda": 52139000,
        "ebitdaratio": 0.0616300236,
        "operatingIncome": 31000000,
        "operatingIncomeRatio": 0.036643026,
        "totalOtherIncomeExpensesNet": 3334000,
        "incomeBeforeTax": -114000000,
        "incomeBeforeTaxRatio": -0.134751773,
        "incomeTaxExpense": -13000000,
        "netIncome": -209000000,
        "netIncomeRatio": -0.2470449173,
        "eps": -5.21,
        "epsdiluted": -5.11,
        "weightedAverageShsOut": 40084584,
        "weightedAverageShsOutDil": 40907138,
        "link": "https://www.sec.gov/Archives/edgar/data/1024725/000095013703001525/0000950137-03-001525-index.htm",
        "finalLink": "https://www.sec.gov/Archives/edgar/data/1024725/000095013703001525/c75315e10vk.txt"
    },
    {
        "date": "2002-09-30",
        "symbol": "TEN",
        "reportedCurrency": "USD",
        "cik": "0001024725",
        "fillingDate": "2002-11-14",
        "acceptedDate": "2002-11-14 17:40:19",
        "calendarYear": "2002",
        "period": "Q3",
        "revenue": 856000000,
        "costOfRevenue": 675000000,
        "grossProfit": 181000000,
        "grossProfitRatio": 0.2114485981,
        "researchAndDevelopmentExpenses": 13000000,
        "generalAndAdministrativeExpenses": 90000000,
        "sellingAndMarketingExpenses": 35000000,
        "sellingGeneralAndAdministrativeExpenses": 125000000,
        "otherExpenses": 0,
        "operatingExpenses": 138000000,
        "costAndExpenses": 813000000,
        "interestIncome": 0,
        "interestExpense": 0,
        "depreciationAndAmortization": -40000000,
        "ebitda": 3000000,
        "ebitdaratio": 0.0035046729,
        "operatingIncome": 43000000,
        "operatingIncomeRatio": 0.0502336449,
        "totalOtherIncomeExpensesNet": -3000000,
        "incomeBeforeTax": 40000000,
        "incomeBeforeTaxRatio": 0.046728972,
        "incomeTaxExpense": -2000000,
        "netIncome": 5000000,
        "netIncomeRatio": 0.0058411215,
        "eps": 0.13,
        "epsdiluted": 0.12,
        "weightedAverageShsOut": 39757926,
        "weightedAverageShsOutDil": 41983632,
        "link": "https://www.sec.gov/Archives/edgar/data/1024725/000095013702006292/0000950137-02-006292-index.htm",
        "finalLink": "https://www.sec.gov/Archives/edgar/data/1024725/000095013702006292/c72916e10vq.txt"
    },
    {
        "date": "2002-06-30",
        "symbol": "TEN",
        "reportedCurrency": "USD",
        "cik": "0001024725",
        "fillingDate": "2002-08-14",
        "acceptedDate": "2002-08-14 15:51:00",
        "calendarYear": "2002",
        "period": "Q2",
        "revenue": 948000000,
        "costOfRevenue": 743000000,
        "grossProfit": 205000000,
        "grossProfitRatio": 0.2162447257,
        "researchAndDevelopmentExpenses": 12000000,
        "generalAndAdministrativeExpenses": 98000000,
        "sellingAndMarketingExpenses": 35000000,
        "sellingGeneralAndAdministrativeExpenses": 133000000,
        "otherExpenses": 0,
        "operatingExpenses": 145000000,
        "costAndExpenses": 888000000,
        "interestIncome": 0,
        "interestExpense": 0,
        "depreciationAndAmortization": 35000000,
        "ebitda": 11748000,
        "ebitdaratio": 0.0123924051,
        "operatingIncome": 60000000,
        "operatingIncomeRatio": 0.0632911392,
        "totalOtherIncomeExpensesNet": 28954000,
        "incomeBeforeTax": 35000000,
        "incomeBeforeTaxRatio": 0.0369198312,
        "incomeTaxExpense": 16000000,
        "netIncome": 19000000,
        "netIncomeRatio": 0.0200421941,
        "eps": 0.48,
        "epsdiluted": 0.45,
        "weightedAverageShsOut": 39746401,
        "weightedAverageShsOutDil": 41812025,
        "link": "https://www.sec.gov/Archives/edgar/data/1024725/000095013702004487/0000950137-02-004487-index.htm",
        "finalLink": "https://www.sec.gov/Archives/edgar/data/1024725/000095013702004487/c71168e10vq.txt"
    },
    {
        "date": "2002-03-31",
        "symbol": "TEN",
        "reportedCurrency": "USD",
        "cik": "0001024725",
        "fillingDate": "2002-05-15",
        "acceptedDate": "2002-05-15 16:55:26",
        "calendarYear": "2002",
        "period": "Q1",
        "revenue": 809000000,
        "costOfRevenue": 640000000,
        "grossProfit": 169000000,
        "grossProfitRatio": 0.2088998764,
        "researchAndDevelopmentExpenses": 10000000,
        "generalAndAdministrativeExpenses": 97000000,
        "sellingAndMarketingExpenses": 34000000,
        "sellingGeneralAndAdministrativeExpenses": 131000000,
        "otherExpenses": 0,
        "operatingExpenses": 141000000,
        "costAndExpenses": 781000000,
        "interestIncome": 0,
        "interestExpense": 0,
        "depreciationAndAmortization": 34000000,
        "ebitda": 13004000,
        "ebitdaratio": 0.0160741656,
        "operatingIncome": 28000000,
        "operatingIncomeRatio": 0.0346106304,
        "totalOtherIncomeExpensesNet": -6387000,
        "incomeBeforeTax": -10000000,
        "incomeBeforeTaxRatio": -0.0123609394,
        "incomeTaxExpense": -8000000,
        "netIncome": -2000000,
        "netIncomeRatio": -0.0024721879,
        "eps": -0.0503,
        "epsdiluted": -0.049,
        "weightedAverageShsOut": 39749829,
        "weightedAverageShsOutDil": 40855671,
        "link": "https://www.sec.gov/Archives/edgar/data/1024725/000095013702003130/0000950137-02-003130-index.htm",
        "finalLink": "https://www.sec.gov/Archives/edgar/data/1024725/000095013702003130/c69476e10-q.txt"
    },
    {
        "date": "2001-12-31",
        "symbol": "TEN",
        "reportedCurrency": "USD",
        "cik": "0001024725",
        "fillingDate": "2002-03-15",
        "acceptedDate": "2002-03-15 00:00:00",
        "calendarYear": "2001",
        "period": "Q4",
        "revenue": 758000000,
        "costOfRevenue": 623000000,
        "grossProfit": 135000000,
        "grossProfitRatio": 0.1781002639,
        "researchAndDevelopmentExpenses": 12000000,
        "generalAndAdministrativeExpenses": 85000000,
        "sellingAndMarketingExpenses": 38000000,
        "sellingGeneralAndAdministrativeExpenses": 123000000,
        "otherExpenses": 0,
        "operatingExpenses": 135000000,
        "costAndExpenses": 758000000,
        "interestIncome": 0,
        "interestExpense": 0,
        "depreciationAndAmortization": 38000000,
        "ebitda": 2000000,
        "ebitdaratio": 0.0026385224,
        "operatingIncome": -36000000,
        "operatingIncomeRatio": -0.0474934037,
        "totalOtherIncomeExpensesNet": 0,
        "incomeBeforeTax": -36000000,
        "incomeBeforeTaxRatio": -0.0474934037,
        "incomeTaxExpense": 63000000,
        "netIncome": -99000000,
        "netIncomeRatio": -0.1306068602,
        "eps": -2.49,
        "epsdiluted": -2.42,
        "weightedAverageShsOut": 39749829,
        "weightedAverageShsOutDil": 40855671,
        "link": "https://www.sec.gov/Archives/edgar/data/1024725/000095013702001293/0000950137-02-001293-index.htm",
        "finalLink": "https://www.sec.gov/Archives/edgar/data/1024725/000095013702001293/c67755e10-k405.txt"
    },
    {
        "date": "2001-09-30",
        "symbol": "TEN",
        "reportedCurrency": "USD",
        "cik": "0001024725",
        "fillingDate": "2001-11-14",
        "acceptedDate": "2001-11-14 00:00:00",
        "calendarYear": "2001",
        "period": "Q3",
        "revenue": 817000000,
        "costOfRevenue": 638000000,
        "grossProfit": 179000000,
        "grossProfitRatio": 0.2190942472,
        "researchAndDevelopmentExpenses": 11000000,
        "generalAndAdministrativeExpenses": 91000000,
        "sellingAndMarketingExpenses": 39000000,
        "sellingGeneralAndAdministrativeExpenses": 130000000,
        "otherExpenses": 0,
        "operatingExpenses": 141000000,
        "costAndExpenses": 779000000,
        "interestIncome": 0,
        "interestExpense": 0,
        "depreciationAndAmortization": 39000000,
        "ebitda": 34000000,
        "ebitdaratio": 0.0416156671,
        "operatingIncome": 38000000,
        "operatingIncomeRatio": 0.0465116279,
        "totalOtherIncomeExpensesNet": -43000000,
        "incomeBeforeTax": -5000000,
        "incomeBeforeTaxRatio": -0.006119951,
        "incomeTaxExpense": -3000000,
        "netIncome": -2000000,
        "netIncomeRatio": -0.0024479804,
        "eps": -0.0525,
        "epsdiluted": -0.0523,
        "weightedAverageShsOut": 38065590,
        "weightedAverageShsOutDil": 38247202,
        "link": "https://www.sec.gov/Archives/edgar/data/1024725/000095013701504676/0000950137-01-504676-index.htm",
        "finalLink": "https://www.sec.gov/Archives/edgar/data/1024725/000095013701504676/c65892e10-q.txt"
    },
    {
        "date": "2001-06-30",
        "symbol": "TEN",
        "reportedCurrency": "USD",
        "cik": "0001024725",
        "fillingDate": "2001-08-14",
        "acceptedDate": "2001-08-14 00:00:00",
        "calendarYear": "2001",
        "period": "Q2",
        "revenue": 925000000,
        "costOfRevenue": 732000000,
        "grossProfit": 193000000,
        "grossProfitRatio": 0.2086486486,
        "researchAndDevelopmentExpenses": 12000000,
        "generalAndAdministrativeExpenses": 95000000,
        "sellingAndMarketingExpenses": 39000000,
        "sellingGeneralAndAdministrativeExpenses": 134000000,
        "otherExpenses": 0,
        "operatingExpenses": 146000000,
        "costAndExpenses": 878000000,
        "interestIncome": 0,
        "interestExpense": 0,
        "depreciationAndAmortization": 39000000,
        "ebitda": 42000000,
        "ebitdaratio": 0.0454054054,
        "operatingIncome": 47000000,
        "operatingIncomeRatio": 0.0508108108,
        "totalOtherIncomeExpensesNet": 0,
        "incomeBeforeTax": 47000000,
        "incomeBeforeTaxRatio": 0.0508108108,
        "incomeTaxExpense": 1000000,
        "netIncome": 2000000,
        "netIncomeRatio": 0.0021621622,
        "eps": 0.0535,
        "epsdiluted": 0.0533,
        "weightedAverageShsOut": 37396712,
        "weightedAverageShsOutDil": 37556085,
        "link": "https://www.sec.gov/Archives/edgar/data/1024725/000095013701503080/0000950137-01-503080-index.htm",
        "finalLink": "https://www.sec.gov/Archives/edgar/data/1024725/000095013701503080/c64103e10-q.txt"
    },
    {
        "date": "2001-03-31",
        "symbol": "TEN",
        "reportedCurrency": "USD",
        "cik": "0001024725",
        "fillingDate": "2001-05-14",
        "acceptedDate": "2001-05-14 00:00:00",
        "calendarYear": "2001",
        "period": "Q1",
        "revenue": 864000000,
        "costOfRevenue": 706000000,
        "grossProfit": 158000000,
        "grossProfitRatio": 0.1828703704,
        "researchAndDevelopmentExpenses": 13000000,
        "generalAndAdministrativeExpenses": 101000000,
        "sellingAndMarketingExpenses": 37000000,
        "sellingGeneralAndAdministrativeExpenses": 138000000,
        "otherExpenses": 0,
        "operatingExpenses": 151000000,
        "costAndExpenses": 857000000,
        "interestIncome": 0,
        "interestExpense": 0,
        "depreciationAndAmortization": 37000000,
        "ebitda": -4000000,
        "ebitdaratio": -0.0046296296,
        "operatingIncome": 7000000,
        "operatingIncomeRatio": 0.0081018519,
        "totalOtherIncomeExpensesNet": -1000000,
        "incomeBeforeTax": 6000000,
        "incomeBeforeTaxRatio": 0.0069444444,
        "incomeTaxExpense": -10000000,
        "netIncome": -31000000,
        "netIncomeRatio": -0.0358796296,
        "eps": -0.85,
        "epsdiluted": -0.84,
        "weightedAverageShsOut": 36592072,
        "weightedAverageShsOutDil": 36751022,
        "link": "https://www.sec.gov/Archives/edgar/data/1024725/000095013701501484/0000950137-01-501484-index.htm",
        "finalLink": "https://www.sec.gov/Archives/edgar/data/1024725/000095013701501484/c62078e10-q.txt"
    },
    {
        "date": "2000-12-31",
        "symbol": "TEN",
        "reportedCurrency": "USD",
        "cik": "0001024725",
        "fillingDate": "2001-03-30",
        "acceptedDate": "2001-03-30 00:00:00",
        "calendarYear": "2000",
        "period": "Q4",
        "revenue": 849000000,
        "costOfRevenue": 704000000,
        "grossProfit": 145000000,
        "grossProfitRatio": 0.1707891637,
        "researchAndDevelopmentExpenses": 14000000,
        "generalAndAdministrativeExpenses": 143000000,
        "sellingAndMarketingExpenses": 35000000,
        "sellingGeneralAndAdministrativeExpenses": 178000000,
        "otherExpenses": 0,
        "operatingExpenses": 192000000,
        "costAndExpenses": 896000000,
        "interestIncome": 0,
        "interestExpense": 127000000,
        "depreciationAndAmortization": 35000000,
        "ebitda": -54000000,
        "ebitdaratio": -0.0636042403,
        "operatingIncome": -47000000,
        "operatingIncomeRatio": -0.0553592462,
        "totalOtherIncomeExpensesNet": -42000000,
        "incomeBeforeTax": -89000000,
        "incomeBeforeTaxRatio": -0.1048292108,
        "incomeTaxExpense": -26000000,
        "netIncome": -63000000,
        "netIncomeRatio": -0.074204947,
        "eps": -1.72,
        "epsdiluted": -1.71,
        "weightedAverageShsOut": 36592072,
        "weightedAverageShsOutDil": 36751022,
        "link": "https://www.sec.gov/Archives/edgar/data/1024725/000095013701500540/0000950137-01-500540-index.htm",
        "finalLink": "https://www.sec.gov/Archives/edgar/data/1024725/000095013701500540/c59635e10-k405.txt"
    },
    {
        "date": "2000-09-30",
        "symbol": "TEN",
        "reportedCurrency": "USD",
        "cik": "0001024725",
        "fillingDate": "2000-11-14",
        "acceptedDate": "2000-11-14 00:00:00",
        "calendarYear": "2000",
        "period": "Q3",
        "revenue": 870000000,
        "costOfRevenue": 678000000,
        "grossProfit": 192000000,
        "grossProfitRatio": 0.2206896552,
        "researchAndDevelopmentExpenses": 14000000,
        "generalAndAdministrativeExpenses": 89000000,
        "sellingAndMarketingExpenses": 40000000,
        "sellingGeneralAndAdministrativeExpenses": 129000000,
        "otherExpenses": 0,
        "operatingExpenses": 143000000,
        "costAndExpenses": 821000000,
        "interestIncome": 0,
        "interestExpense": 0,
        "depreciationAndAmortization": 40000000,
        "ebitda": 40000000,
        "ebitdaratio": 0.0459770115,
        "operatingIncome": 49000000,
        "operatingIncomeRatio": 0.0563218391,
        "totalOtherIncomeExpensesNet": -48000000,
        "incomeBeforeTax": 1000000,
        "incomeBeforeTaxRatio": 0.0011494253,
        "incomeTaxExpense": -5000000,
        "netIncome": 5000000,
        "netIncomeRatio": 0.0057471264,
        "eps": 0.14,
        "epsdiluted": 0.14,
        "weightedAverageShsOut": 35054961,
        "weightedAverageShsOutDil": 35217995,
        "link": "https://www.sec.gov/Archives/edgar/data/1024725/000095013700004908/0000950137-00-004908-index.htm",
        "finalLink": "https://www.sec.gov/Archives/edgar/data/1024725/000095013700004908/c57562e10-q.txt"
    },
    {
        "date": "2000-06-30",
        "symbol": "TEN",
        "reportedCurrency": "USD",
        "cik": "0001024725",
        "fillingDate": "2000-08-14",
        "acceptedDate": "2000-08-14 00:00:00",
        "calendarYear": "2000",
        "period": "Q2",
        "revenue": 948000000,
        "costOfRevenue": 712000000,
        "grossProfit": 236000000,
        "grossProfitRatio": 0.2489451477,
        "researchAndDevelopmentExpenses": 15000000,
        "generalAndAdministrativeExpenses": 117000000,
        "sellingAndMarketingExpenses": 37000000,
        "sellingGeneralAndAdministrativeExpenses": 154000000,
        "otherExpenses": 0,
        "operatingExpenses": 169000000,
        "costAndExpenses": 881000000,
        "interestIncome": 0,
        "interestExpense": 0,
        "depreciationAndAmortization": 37000000,
        "ebitda": 57000000,
        "ebitdaratio": 0.0601265823,
        "operatingIncome": 67000000,
        "operatingIncomeRatio": 0.0706751055,
        "totalOtherIncomeExpensesNet": -47000000,
        "incomeBeforeTax": 20000000,
        "incomeBeforeTaxRatio": 0.0210970464,
        "incomeTaxExpense": 5000000,
        "netIncome": 15000000,
        "netIncomeRatio": 0.0158227848,
        "eps": 0.44,
        "epsdiluted": 0.43,
        "weightedAverageShsOut": 34358776,
        "weightedAverageShsOutDil": 34561073,
        "link": "https://www.sec.gov/Archives/edgar/data/1024725/000095013700003649/0000950137-00-003649-index.htm",
        "finalLink": "https://www.sec.gov/Archives/edgar/data/1024725/000095013700003649/e10-q.txt"
    },
    {
        "date": "2000-03-31",
        "symbol": "TEN",
        "reportedCurrency": "USD",
        "cik": "0001024725",
        "fillingDate": "2000-05-15",
        "acceptedDate": "2000-05-15 00:00:00",
        "calendarYear": "2000",
        "period": "Q1",
        "revenue": 882000000,
        "costOfRevenue": 672000000,
        "grossProfit": 210000000,
        "grossProfitRatio": 0.2380952381,
        "researchAndDevelopmentExpenses": 15000000,
        "generalAndAdministrativeExpenses": 110000000,
        "sellingAndMarketingExpenses": 39000000,
        "sellingGeneralAndAdministrativeExpenses": 149000000,
        "otherExpenses": 0,
        "operatingExpenses": 164000000,
        "costAndExpenses": 836000000,
        "interestIncome": 0,
        "interestExpense": 0,
        "depreciationAndAmortization": 39000000,
        "ebitda": 39000000,
        "ebitdaratio": 0.0442176871,
        "operatingIncome": 46000000,
        "operatingIncomeRatio": 0.052154195,
        "totalOtherIncomeExpensesNet": 0,
        "incomeBeforeTax": 0,
        "incomeBeforeTaxRatio": 0,
        "incomeTaxExpense": -1000000,
        "netIncome": 1000000,
        "netIncomeRatio": 0.0011337868,
        "eps": 0.0297,
        "epsdiluted": 0.0295,
        "weightedAverageShsOut": 33672112,
        "weightedAverageShsOutDil": 33904365,
        "link": "https://www.sec.gov/Archives/edgar/data/1024725/000095013700002430/0000950137-00-002430-index.html",
        "finalLink": "https://www.sec.gov/Archives/edgar/data/1024725/000095013700002430/0000950137-00-002430.txt"
    },
    {
        "date": "1999-12-31",
        "symbol": "TEN",
        "reportedCurrency": "USD",
        "cik": "0001024725",
        "fillingDate": "2000-03-23",
        "acceptedDate": "2000-03-23 00:00:00",
        "calendarYear": "1999",
        "period": "Q4",
        "revenue": 806000000,
        "costOfRevenue": 615000000,
        "grossProfit": 191000000,
        "grossProfitRatio": 0.2369727047,
        "researchAndDevelopmentExpenses": 13000000,
        "generalAndAdministrativeExpenses": 218000000,
        "sellingAndMarketingExpenses": 34000000,
        "sellingGeneralAndAdministrativeExpenses": 252000000,
        "otherExpenses": 0,
        "operatingExpenses": 265000000,
        "costAndExpenses": 880000000,
        "interestIncome": 0,
        "interestExpense": 0,
        "depreciationAndAmortization": 34000000,
        "ebitda": -207000000,
        "ebitdaratio": -0.2568238213,
        "operatingIncome": -74000000,
        "operatingIncomeRatio": -0.0918114144,
        "totalOtherIncomeExpensesNet": -47000000,
        "incomeBeforeTax": -121000000,
        "incomeBeforeTaxRatio": -0.1501240695,
        "incomeTaxExpense": 22000000,
        "netIncome": -263000000,
        "netIncomeRatio": -0.3263027295,
        "eps": -7.81,
        "epsdiluted": -7.76,
        "weightedAverageShsOut": 33672112,
        "weightedAverageShsOutDil": 33904365,
        "link": "https://www.sec.gov/Archives/edgar/data/1024725/000095013700001197/0000950137-00-001197-index.html",
        "finalLink": "https://www.sec.gov/Archives/edgar/data/1024725/000095013700001197/0000950137-00-001197.txt"
    },
    {
        "date": "1999-09-30",
        "symbol": "TEN",
        "reportedCurrency": "USD",
        "cik": "0001024725",
        "fillingDate": "1999-11-15",
        "acceptedDate": "1999-11-15 00:00:00",
        "calendarYear": "1999",
        "period": "Q3",
        "revenue": 816000000,
        "costOfRevenue": 600000000,
        "grossProfit": 216000000,
        "grossProfitRatio": 0.2647058824,
        "researchAndDevelopmentExpenses": 12000000,
        "generalAndAdministrativeExpenses": 100000000,
        "sellingAndMarketingExpenses": 39000000,
        "sellingGeneralAndAdministrativeExpenses": 139000000,
        "otherExpenses": 0,
        "operatingExpenses": 151000000,
        "costAndExpenses": 751000000,
        "interestIncome": 0,
        "interestExpense": 0,
        "depreciationAndAmortization": 39000000,
        "ebitda": 94000000,
        "ebitdaratio": 0.1151960784,
        "operatingIncome": 65000000,
        "operatingIncomeRatio": 0.0796568627,
        "totalOtherIncomeExpensesNet": -22000000,
        "incomeBeforeTax": 43000000,
        "incomeBeforeTaxRatio": 0.0526960784,
        "incomeTaxExpense": 16000000,
        "netIncome": 39000000,
        "netIncomeRatio": 0.0477941176,
        "eps": 1.16,
        "epsdiluted": 1.16,
        "weightedAverageShsOut": 33675000,
        "weightedAverageShsOutDil": 33675000,
        "link": "https://www.sec.gov/Archives/edgar/data/1024725/000095013799004179/0000950137-99-004179-index.html",
        "finalLink": "https://www.sec.gov/Archives/edgar/data/1024725/000095013799004179/0000950137-99-004179.txt"
    },
    {
        "date": "1999-06-30",
        "symbol": "TEN",
        "reportedCurrency": "USD",
        "cik": "0001024725",
        "fillingDate": "1999-09-10",
        "acceptedDate": "1999-09-10 00:00:00",
        "calendarYear": "1999",
        "period": "Q2",
        "revenue": 868000000,
        "costOfRevenue": 627000000,
        "grossProfit": 241000000,
        "grossProfitRatio": 0.2776497696,
        "researchAndDevelopmentExpenses": 16000000,
        "generalAndAdministrativeExpenses": 98000000,
        "sellingAndMarketingExpenses": 36000000,
        "sellingGeneralAndAdministrativeExpenses": 134000000,
        "otherExpenses": 0,
        "operatingExpenses": 150000000,
        "costAndExpenses": 777000000,
        "interestIncome": 0,
        "interestExpense": -30000000,
        "depreciationAndAmortization": 36000000,
        "ebitda": 128000000,
        "ebitdaratio": 0.1474654378,
        "operatingIncome": 91000000,
        "operatingIncomeRatio": 0.1048387097,
        "totalOtherIncomeExpensesNet": -24000000,
        "incomeBeforeTax": 67000000,
        "incomeBeforeTaxRatio": 0.0771889401,
        "incomeTaxExpense": 30000000,
        "netIncome": 92000000,
        "netIncomeRatio": 0.1059907834,
        "eps": 2.75,
        "epsdiluted": 2.75,
        "weightedAverageShsOut": 33500000,
        "weightedAverageShsOutDil": 33500000,
        "link": "https://www.sec.gov/Archives/edgar/data/1024725/000095013799003371/0000950137-99-003371-index.html",
        "finalLink": "https://www.sec.gov/Archives/edgar/data/1024725/000095013799003371/0000950137-99-003371.txt"
    },
    {
        "date": "1999-03-31",
        "symbol": "TEN",
        "reportedCurrency": "USD",
        "cik": "0001024725",
        "fillingDate": "1999-05-17",
        "acceptedDate": "1999-05-17 00:00:00",
        "calendarYear": "1999",
        "period": "Q1",
        "revenue": 789000000,
        "costOfRevenue": 585000000,
        "grossProfit": 204000000,
        "grossProfitRatio": 0.2585551331,
        "researchAndDevelopmentExpenses": 11000000,
        "generalAndAdministrativeExpenses": 105000000,
        "sellingAndMarketingExpenses": 35000000,
        "sellingGeneralAndAdministrativeExpenses": 140000000,
        "otherExpenses": 0,
        "operatingExpenses": 151000000,
        "costAndExpenses": 736000000,
        "interestIncome": 0,
        "interestExpense": -25000000,
        "depreciationAndAmortization": 35000000,
        "ebitda": -267000000,
        "ebitdaratio": -0.3384030418,
        "operatingIncome": 53000000,
        "operatingIncomeRatio": 0.0671736375,
        "totalOtherIncomeExpensesNet": -23000000,
        "incomeBeforeTax": 30000000,
        "incomeBeforeTaxRatio": 0.0380228137,
        "incomeTaxExpense": 14000000,
        "netIncome": -291000000,
        "netIncomeRatio": -0.3688212928,
        "eps": -8.71,
        "epsdiluted": -8.71,
        "weightedAverageShsOut": 33400000,
        "weightedAverageShsOutDil": 33400000,
        "link": "https://www.sec.gov/Archives/edgar/data/1024725/000095013799001707/0000950137-99-001707-index.html",
        "finalLink": "https://www.sec.gov/Archives/edgar/data/1024725/0000950137-99-001707.txt"
    },
    {
        "date": "1998-12-31",
        "symbol": "TEN",
        "reportedCurrency": "USD",
        "cik": "0001024725",
        "fillingDate": "1999-03-10",
        "acceptedDate": "1999-03-10 00:00:00",
        "calendarYear": "1998",
        "period": "Q4",
        "revenue": 732000000,
        "costOfRevenue": 601000000,
        "grossProfit": 131000000,
        "grossProfitRatio": 0.1789617486,
        "researchAndDevelopmentExpenses": 13000000,
        "generalAndAdministrativeExpenses": 139000000,
        "sellingAndMarketingExpenses": 40000000,
        "sellingGeneralAndAdministrativeExpenses": 179000000,
        "otherExpenses": 0,
        "operatingExpenses": 192000000,
        "costAndExpenses": 793000000,
        "interestIncome": 0,
        "interestExpense": -27000000,
        "depreciationAndAmortization": 40000000,
        "ebitda": -82000000,
        "ebitdaratio": -0.1120218579,
        "operatingIncome": -61000000,
        "operatingIncomeRatio": -0.0833333333,
        "totalOtherIncomeExpensesNet": -27000000,
        "incomeBeforeTax": -88000000,
        "incomeBeforeTaxRatio": -0.1202185792,
        "incomeTaxExpense": -35000000,
        "netIncome": -60000000,
        "netIncomeRatio": -0.0819672131,
        "eps": -1.8,
        "epsdiluted": -1.8,
        "weightedAverageShsOut": 33400000,
        "weightedAverageShsOutDil": 33400000,
        "link": "https://www.sec.gov/Archives/edgar/data/1024725/000095013799000210/0000950137-99-000210-index.html",
        "finalLink": "https://www.sec.gov/Archives/edgar/data/1024725/0000950137-99-000210.txt"
    },
    {
        "date": "1998-09-30",
        "symbol": "TEN",
        "reportedCurrency": "USD",
        "cik": "0001024725",
        "fillingDate": "1998-11-10",
        "acceptedDate": "1998-11-10 00:00:00",
        "calendarYear": "1998",
        "period": "Q3",
        "revenue": 809000000,
        "costOfRevenue": 570000000,
        "grossProfit": 239000000,
        "grossProfitRatio": 0.2954264524,
        "researchAndDevelopmentExpenses": 5000000,
        "generalAndAdministrativeExpenses": 115000000,
        "sellingAndMarketingExpenses": 38000000,
        "sellingGeneralAndAdministrativeExpenses": 153000000,
        "otherExpenses": 0,
        "operatingExpenses": 158000000,
        "costAndExpenses": 728000000,
        "interestIncome": 0,
        "interestExpense": -25000000,
        "depreciationAndAmortization": -50000000,
        "ebitda": 21000000,
        "ebitdaratio": 0.0259579728,
        "operatingIncome": 81000000,
        "operatingIncomeRatio": 0.1001236094,
        "totalOtherIncomeExpensesNet": -25000000,
        "incomeBeforeTax": 56000000,
        "incomeBeforeTaxRatio": 0.0692212608,
        "incomeTaxExpense": -7000000,
        "netIncome": 103000000,
        "netIncomeRatio": 0.1273176761,
        "eps": 3.06,
        "epsdiluted": 3.06,
        "weightedAverageShsOut": 33700000,
        "weightedAverageShsOutDil": 33700000,
        "link": "https://www.sec.gov/Archives/edgar/data/1024725/000095012498006275/0000950124-98-006275-index.html",
        "finalLink": "https://www.sec.gov/Archives/edgar/data/1024725/0000950124-98-006275.txt"
    },
    {
        "date": "1998-06-30",
        "symbol": "TEN",
        "reportedCurrency": "USD",
        "cik": "0001024725",
        "fillingDate": "1998-08-14",
        "acceptedDate": "1998-08-14 00:00:00",
        "calendarYear": "1998",
        "period": "Q2",
        "revenue": 227000000,
        "costOfRevenue": 155000000,
        "grossProfit": 72000000,
        "grossProfitRatio": 0.3171806167,
        "researchAndDevelopmentExpenses": -4000000,
        "generalAndAdministrativeExpenses": 28000000,
        "sellingAndMarketingExpenses": -7000000,
        "sellingGeneralAndAdministrativeExpenses": 21000000,
        "otherExpenses": 0,
        "operatingExpenses": 17000000,
        "costAndExpenses": 172000000,
        "interestIncome": 0,
        "interestExpense": -8000000,
        "depreciationAndAmortization": 50000000,
        "ebitda": 197000000,
        "ebitdaratio": 0.8678414097,
        "operatingIncome": 55000000,
        "operatingIncomeRatio": 0.2422907489,
        "totalOtherIncomeExpensesNet": 8000000,
        "incomeBeforeTax": 63000000,
        "incomeBeforeTaxRatio": 0.2775330396,
        "incomeTaxExpense": 18000000,
        "netIncome": 137000000,
        "netIncomeRatio": 0.6035242291,
        "eps": 4.03,
        "epsdiluted": 4.03,
        "weightedAverageShsOut": 34000000,
        "weightedAverageShsOutDil": 34000000,
        "link": "https://www.sec.gov/Archives/edgar/data/1024725/000095013798003237/0000950137-98-003237-index.html",
        "finalLink": "https://www.sec.gov/Archives/edgar/data/1024725/0000950137-98-003237.txt"
    },
    {
        "date": "1998-03-31",
        "symbol": "TEN",
        "reportedCurrency": "USD",
        "cik": "0001024725",
        "fillingDate": "1998-05-13",
        "acceptedDate": "1998-05-13 00:00:00",
        "calendarYear": "1998",
        "period": "Q1",
        "revenue": 1444000000,
        "costOfRevenue": 1006000000,
        "grossProfit": 438000000,
        "grossProfitRatio": 0.3033240997,
        "researchAndDevelopmentExpenses": 17000000,
        "generalAndAdministrativeExpenses": 190000000,
        "sellingAndMarketingExpenses": 79000000,
        "sellingGeneralAndAdministrativeExpenses": 269000000,
        "otherExpenses": 0,
        "operatingExpenses": 286000000,
        "costAndExpenses": 1292000000,
        "interestIncome": 0,
        "interestExpense": -54000000,
        "depreciationAndAmortization": 110000000,
        "ebitda": 168000000,
        "ebitdaratio": 0.1163434903,
        "operatingIncome": 152000000,
        "operatingIncomeRatio": 0.1052631579,
        "totalOtherIncomeExpensesNet": -54000000,
        "incomeBeforeTax": 98000000,
        "incomeBeforeTaxRatio": 0.067867036,
        "incomeTaxExpense": 37000000,
        "netIncome": 75000000,
        "netIncomeRatio": 0.0519390582,
        "eps": 2.21,
        "epsdiluted": 2.21,
        "weightedAverageShsOut": 34000000,
        "weightedAverageShsOutDil": 34000000,
        "link": "https://www.sec.gov/Archives/edgar/data/1024725/000095013798002058/0000950137-98-002058-index.html",
        "finalLink": "https://www.sec.gov/Archives/edgar/data/1024725/0000950137-98-002058.txt"
    },
    {
        "date": "1997-12-31",
        "symbol": "TEN",
        "reportedCurrency": "USD",
        "cik": "0001024725",
        "fillingDate": "1998-03-13",
        "acceptedDate": "1998-03-13 00:00:00",
        "calendarYear": "1997",
        "period": "Q4",
        "revenue": 1868000000,
        "costOfRevenue": 1366000000,
        "grossProfit": 502000000,
        "grossProfitRatio": 0.2687366167,
        "researchAndDevelopmentExpenses": 14000000,
        "generalAndAdministrativeExpenses": 262000000,
        "sellingAndMarketingExpenses": 92000000,
        "sellingGeneralAndAdministrativeExpenses": 354000000,
        "otherExpenses": 0,
        "operatingExpenses": 368000000,
        "costAndExpenses": 1734000000,
        "interestIncome": 0,
        "interestExpense": -66000000,
        "depreciationAndAmortization": -163000000,
        "ebitda": -174000000,
        "ebitdaratio": -0.0931477516,
        "operatingIncome": 134000000,
        "operatingIncomeRatio": 0.0717344754,
        "totalOtherIncomeExpensesNet": -33000000,
        "incomeBeforeTax": 101000000,
        "incomeBeforeTaxRatio": 0.0540685225,
        "incomeTaxExpense": 25000000,
        "netIncome": 30000000,
        "netIncomeRatio": 0.0160599572,
        "eps": 0.88,
        "epsdiluted": 0.88,
        "weightedAverageShsOut": 34200000,
        "weightedAverageShsOutDil": 34200000,
        "link": "https://www.sec.gov/Archives/edgar/data/1024725/000089924398000357/0000899243-98-000357-index.html",
        "finalLink": "https://www.sec.gov/Archives/edgar/data/1024725/0000899243-98-000357.txt"
    },
    {
        "date": "1997-09-30",
        "symbol": "TEN",
        "reportedCurrency": "USD",
        "cik": "0001024725",
        "fillingDate": "1997-11-14",
        "acceptedDate": "1997-11-14 00:00:00",
        "calendarYear": "1997",
        "period": "Q3",
        "revenue": 1831000000,
        "costOfRevenue": 1311000000,
        "grossProfit": 520000000,
        "grossProfitRatio": 0.2839978154,
        "researchAndDevelopmentExpenses": 20000000,
        "generalAndAdministrativeExpenses": 208000000,
        "sellingAndMarketingExpenses": 90000000,
        "sellingGeneralAndAdministrativeExpenses": 298000000,
        "otherExpenses": 0,
        "operatingExpenses": 318000000,
        "costAndExpenses": 1629000000,
        "interestIncome": 0,
        "interestExpense": -65000000,
        "depreciationAndAmortization": 90000000,
        "ebitda": 186000000,
        "ebitdaratio": 0.101583834,
        "operatingIncome": 202000000,
        "operatingIncomeRatio": 0.1103222283,
        "totalOtherIncomeExpensesNet": -41000000,
        "incomeBeforeTax": 161000000,
        "incomeBeforeTaxRatio": 0.0879300928,
        "incomeTaxExpense": 56000000,
        "netIncome": 105000000,
        "netIncomeRatio": 0.0573457127,
        "eps": 3.07,
        "epsdiluted": 3.07,
        "weightedAverageShsOut": 34200000,
        "weightedAverageShsOutDil": 34200000,
        "link": "https://www.sec.gov/Archives/edgar/data/1024725/000089924397002227/0000899243-97-002227-index.html",
        "finalLink": "https://www.sec.gov/Archives/edgar/data/1024725/0000899243-97-002227.txt"
    },
    {
        "date": "1997-06-30",
        "symbol": "TEN",
        "reportedCurrency": "USD",
        "cik": "0001024725",
        "fillingDate": "1997-08-14",
        "acceptedDate": "1997-08-14 00:00:00",
        "calendarYear": "1997",
        "period": "Q2",
        "revenue": 1892000000,
        "costOfRevenue": 1338000000,
        "grossProfit": 554000000,
        "grossProfitRatio": 0.2928118393,
        "researchAndDevelopmentExpenses": 18000000,
        "generalAndAdministrativeExpenses": 234000000,
        "sellingAndMarketingExpenses": 91000000,
        "sellingGeneralAndAdministrativeExpenses": 325000000,
        "otherExpenses": 0,
        "operatingExpenses": 343000000,
        "costAndExpenses": 1681000000,
        "interestIncome": 0,
        "interestExpense": -59000000,
        "depreciationAndAmortization": 91000000,
        "ebitda": 185000000,
        "ebitdaratio": 0.0977801268,
        "operatingIncome": 211000000,
        "operatingIncomeRatio": 0.1115221987,
        "totalOtherIncomeExpensesNet": -58000000,
        "incomeBeforeTax": 153000000,
        "incomeBeforeTaxRatio": 0.0808668076,
        "incomeTaxExpense": 49000000,
        "netIncome": 104000000,
        "netIncomeRatio": 0.0549682875,
        "eps": 3.06,
        "epsdiluted": 3.06,
        "weightedAverageShsOut": 34000000,
        "weightedAverageShsOutDil": 34000000,
        "link": "https://www.sec.gov/Archives/edgar/data/1024725/000089924397001629/0000899243-97-001629-index.html",
        "finalLink": "https://www.sec.gov/Archives/edgar/data/1024725/0000899243-97-001629.txt"
    },
    {
        "date": "1997-03-31",
        "symbol": "TEN",
        "reportedCurrency": "USD",
        "cik": "0001024725",
        "fillingDate": "1997-05-15",
        "acceptedDate": "1997-05-15 00:00:00",
        "calendarYear": "1997",
        "period": "Q1",
        "revenue": 1629000000,
        "costOfRevenue": 1191000000,
        "grossProfit": 438000000,
        "grossProfitRatio": 0.2688766114,
        "researchAndDevelopmentExpenses": 16000000,
        "generalAndAdministrativeExpenses": 211000000,
        "sellingAndMarketingExpenses": 92000000,
        "sellingGeneralAndAdministrativeExpenses": 303000000,
        "otherExpenses": 0,
        "operatingExpenses": 319000000,
        "costAndExpenses": 1510000000,
        "interestIncome": 0,
        "interestExpense": -50000000,
        "depreciationAndAmortization": 92000000,
        "ebitda": 151000000,
        "ebitdaratio": 0.0926949048,
        "operatingIncome": 119000000,
        "operatingIncomeRatio": 0.0730509515,
        "totalOtherIncomeExpensesNet": -10000000,
        "incomeBeforeTax": 109000000,
        "incomeBeforeTaxRatio": 0.0669122161,
        "incomeTaxExpense": 33000000,
        "netIncome": 76000000,
        "netIncomeRatio": 0.0466543892,
        "eps": 2.22,
        "epsdiluted": 2.22,
        "weightedAverageShsOut": 34300000,
        "weightedAverageShsOutDil": 34300000,
        "link": "https://www.sec.gov/Archives/edgar/data/1024725/000089924397000999/0000899243-97-000999-index.html",
        "finalLink": "https://www.sec.gov/Archives/edgar/data/1024725/0000899243-97-000999.txt"
    },
    {
        "date": "1996-12-31",
        "symbol": "TEN",
        "reportedCurrency": "USD",
        "cik": "0001024725",
        "fillingDate": "1997-03-12",
        "acceptedDate": "1997-03-12 00:00:00",
        "calendarYear": "1996",
        "period": "Q4",
        "revenue": 1686000000,
        "costOfRevenue": 1248000000,
        "grossProfit": 438000000,
        "grossProfitRatio": 0.2597864769,
        "researchAndDevelopmentExpenses": 26000000,
        "generalAndAdministrativeExpenses": 254000000,
        "sellingAndMarketingExpenses": 80000000,
        "sellingGeneralAndAdministrativeExpenses": 334000000,
        "otherExpenses": 0,
        "operatingExpenses": 360000000,
        "costAndExpenses": 1608000000,
        "interestIncome": 0,
        "interestExpense": -56000000,
        "depreciationAndAmortization": 80000000,
        "ebitda": -314000000,
        "ebitdaratio": -0.1862396204,
        "operatingIncome": 78000000,
        "operatingIncomeRatio": 0.0462633452,
        "totalOtherIncomeExpensesNet": -91000000,
        "incomeBeforeTax": -13000000,
        "incomeBeforeTaxRatio": -0.0077105575,
        "incomeTaxExpense": 23000000,
        "netIncome": -361000000,
        "netIncomeRatio": -0.2141162515,
        "eps": -10.56,
        "epsdiluted": -10.56,
        "weightedAverageShsOut": 34200000,
        "weightedAverageShsOutDil": 34200000,
        "link": "https://www.sec.gov/Archives/edgar/data/1024725/000095013197001730/0000950131-97-001730-index.html",
        "finalLink": "https://www.sec.gov/Archives/edgar/data/1024725/0000950131-97-001730.txt"
    }
]