[
    {
        "date": "2025-09-30",
        "symbol": "TEX",
        "reportedCurrency": "USD",
        "cik": "0000097216",
        "fillingDate": "2025-10-31",
        "acceptedDate": "2025-10-31 11:11:45",
        "calendarYear": "2025",
        "period": "Q3",
        "revenue": 1387000000,
        "costOfRevenue": 1106000000,
        "grossProfit": 281000000,
        "grossProfitRatio": 0.2025955299,
        "researchAndDevelopmentExpenses": 0,
        "generalAndAdministrativeExpenses": 0,
        "sellingAndMarketingExpenses": 0,
        "sellingGeneralAndAdministrativeExpenses": 142000000,
        "otherExpenses": 0,
        "operatingExpenses": 142000000,
        "costAndExpenses": 1248000000,
        "interestIncome": 3000000,
        "interestExpense": 221000000,
        "depreciationAndAmortization": 41000000,
        "ebitda": 185000000,
        "ebitdaratio": 0.1333813987,
        "operatingIncome": 139000000,
        "operatingIncomeRatio": 0.1002162942,
        "totalOtherIncomeExpensesNet": -45000000,
        "incomeBeforeTax": 94000000,
        "incomeBeforeTaxRatio": 0.0677721702,
        "incomeTaxExpense": 73000000,
        "netIncome": 65000000,
        "netIncomeRatio": 0.0468637347,
        "eps": 0.99,
        "epsdiluted": 0.99,
        "weightedAverageShsOut": 65599999,
        "weightedAverageShsOutDil": 65900000,
        "link": "https://www.sec.gov/Archives/edgar/data/97216/000009721625000160/0000097216-25-000160-index.htm",
        "finalLink": "https://www.sec.gov/Archives/edgar/data/97216/000009721625000160/tex-20250930.htm"
    },
    {
        "date": "2025-06-30",
        "symbol": "TEX",
        "reportedCurrency": "USD",
        "cik": "0000097216",
        "fillingDate": "2025-07-31",
        "acceptedDate": "2025-07-31 10:43:54",
        "calendarYear": "2025",
        "period": "Q2",
        "revenue": 1487000000,
        "costOfRevenue": 1195000000,
        "grossProfit": 292000000,
        "grossProfitRatio": 0.1963685272,
        "researchAndDevelopmentExpenses": 0,
        "generalAndAdministrativeExpenses": 0,
        "sellingAndMarketingExpenses": 0,
        "sellingGeneralAndAdministrativeExpenses": 162000000,
        "otherExpenses": 0,
        "operatingExpenses": 162000000,
        "costAndExpenses": 1357000000,
        "interestIncome": 2000000,
        "interestExpense": 46000000,
        "depreciationAndAmortization": 40000000,
        "ebitda": 175000000,
        "ebitdaratio": 0.1176866174,
        "operatingIncome": 130000000,
        "operatingIncomeRatio": 0.0874243443,
        "totalOtherIncomeExpensesNet": -41000000,
        "incomeBeforeTax": 89000000,
        "incomeBeforeTaxRatio": 0.0598520511,
        "incomeTaxExpense": 17000000,
        "netIncome": 72000000,
        "netIncomeRatio": 0.0484196369,
        "eps": 1.1,
        "epsdiluted": 1.09,
        "weightedAverageShsOut": 65599999,
        "weightedAverageShsOutDil": 65900000,
        "link": "https://www.sec.gov/Archives/edgar/data/97216/000009721625000137/0000097216-25-000137-index.htm",
        "finalLink": "https://www.sec.gov/Archives/edgar/data/97216/000009721625000137/tex-20250630.htm"
    },
    {
        "date": "2025-03-31",
        "symbol": "TEX",
        "reportedCurrency": "USD",
        "cik": "0000097216",
        "fillingDate": "2025-05-02",
        "acceptedDate": "2025-05-02 11:25:05",
        "calendarYear": "2025",
        "period": "Q1",
        "revenue": 1229000000,
        "costOfRevenue": 999000000,
        "grossProfit": 230000000,
        "grossProfitRatio": 0.1871440195,
        "researchAndDevelopmentExpenses": 0,
        "generalAndAdministrativeExpenses": 0,
        "sellingAndMarketingExpenses": 0,
        "sellingGeneralAndAdministrativeExpenses": 161000000,
        "otherExpenses": 0,
        "operatingExpenses": 161000000,
        "costAndExpenses": 1160000000,
        "interestIncome": 2000000,
        "interestExpense": 43000000,
        "depreciationAndAmortization": 39000000,
        "ebitda": 108000000,
        "ebitdaratio": 0.0878763222,
        "operatingIncome": 69000000,
        "operatingIncomeRatio": 0.0561432059,
        "totalOtherIncomeExpensesNet": -43000000,
        "incomeBeforeTax": 26000000,
        "incomeBeforeTaxRatio": 0.0211554109,
        "incomeTaxExpense": 5000000,
        "netIncome": 21000000,
        "netIncomeRatio": 0.0170870627,
        "eps": 0.32,
        "epsdiluted": 0.31,
        "weightedAverageShsOut": 66900000,
        "weightedAverageShsOutDil": 67600000,
        "link": "https://www.sec.gov/Archives/edgar/data/97216/000009721625000095/0000097216-25-000095-index.htm",
        "finalLink": "https://www.sec.gov/Archives/edgar/data/97216/000009721625000095/tex-20250331.htm"
    },
    {
        "date": "2024-12-31",
        "symbol": "TEX",
        "reportedCurrency": "USD",
        "cik": "0000097216",
        "fillingDate": "2025-02-07",
        "acceptedDate": "2025-02-07 14:33:16",
        "calendarYear": "2024",
        "period": "Q4",
        "revenue": 1241000000,
        "costOfRevenue": 1044000000,
        "grossProfit": 197000000,
        "grossProfitRatio": 0.1587429492,
        "researchAndDevelopmentExpenses": 25000000,
        "generalAndAdministrativeExpenses": 0,
        "sellingAndMarketingExpenses": 0,
        "sellingGeneralAndAdministrativeExpenses": 119000000,
        "otherExpenses": 0,
        "operatingExpenses": 144000000,
        "costAndExpenses": 1188000000,
        "interestIncome": 4000000,
        "interestExpense": 45000000,
        "depreciationAndAmortization": 37000000,
        "ebitda": 80000000,
        "ebitdaratio": 0.0644641418,
        "operatingIncome": 53000000,
        "operatingIncomeRatio": 0.042707494,
        "totalOtherIncomeExpensesNet": -55000000,
        "incomeBeforeTax": -2000000,
        "incomeBeforeTaxRatio": -0.0016116035,
        "incomeTaxExpense": 0,
        "netIncome": -2000000,
        "netIncomeRatio": -0.0016116035,
        "eps": -0.03,
        "epsdiluted": -0.03,
        "weightedAverageShsOut": 66700000,
        "weightedAverageShsOutDil": 67400000,
        "link": "https://www.sec.gov/Archives/edgar/data/97216/000009721625000011/0000097216-25-000011-index.htm",
        "finalLink": "https://www.sec.gov/Archives/edgar/data/97216/000009721625000011/tex-20241231.htm"
    },
    {
        "date": "2024-09-30",
        "symbol": "TEX",
        "reportedCurrency": "USD",
        "cik": "0000097216",
        "fillingDate": "2024-10-30",
        "acceptedDate": "2024-10-30 11:46:25",
        "calendarYear": "2024",
        "period": "Q3",
        "revenue": 1212000000,
        "costOfRevenue": 967000000,
        "grossProfit": 245000000,
        "grossProfitRatio": 0.2021452145,
        "researchAndDevelopmentExpenses": 0,
        "generalAndAdministrativeExpenses": 0,
        "sellingAndMarketingExpenses": 0,
        "sellingGeneralAndAdministrativeExpenses": 124000000,
        "otherExpenses": -1000000,
        "operatingExpenses": 123000000,
        "costAndExpenses": 1090000000,
        "interestIncome": 3000000,
        "interestExpense": 13000000,
        "depreciationAndAmortization": 15000000,
        "ebitda": 127000000,
        "ebitdaratio": 0.1047854785,
        "operatingIncome": 122000000,
        "operatingIncomeRatio": 0.100660066,
        "totalOtherIncomeExpensesNet": -23000000,
        "incomeBeforeTax": 99000000,
        "incomeBeforeTaxRatio": 0.0816831683,
        "incomeTaxExpense": 11000000,
        "netIncome": 88000000,
        "netIncomeRatio": 0.0726072607,
        "eps": 1.32,
        "epsdiluted": 1.31,
        "weightedAverageShsOut": 66900000,
        "weightedAverageShsOutDil": 67400000,
        "link": "https://www.sec.gov/Archives/edgar/data/97216/000009721624000154/0000097216-24-000154-index.htm",
        "finalLink": "https://www.sec.gov/Archives/edgar/data/97216/000009721624000154/tex-20240930.htm"
    },
    {
        "date": "2024-06-30",
        "symbol": "TEX",
        "reportedCurrency": "USD",
        "cik": "0000097216",
        "fillingDate": "2024-07-31",
        "acceptedDate": "2024-07-31 11:47:06",
        "calendarYear": "2024",
        "period": "Q2",
        "revenue": 1381700000,
        "costOfRevenue": 1053300000,
        "grossProfit": 328400000,
        "grossProfitRatio": 0.2376782225,
        "researchAndDevelopmentExpenses": 0,
        "generalAndAdministrativeExpenses": 0,
        "sellingAndMarketingExpenses": 0,
        "sellingGeneralAndAdministrativeExpenses": 136500000,
        "otherExpenses": -1200000,
        "operatingExpenses": 135300000,
        "costAndExpenses": 1188600000,
        "interestIncome": 2000000,
        "interestExpense": 15600000,
        "depreciationAndAmortization": 15100000,
        "ebitda": 204800000,
        "ebitdaratio": 0.1482232033,
        "operatingIncome": 193100000,
        "operatingIncomeRatio": 0.1397553738,
        "totalOtherIncomeExpensesNet": -19000000,
        "incomeBeforeTax": 174100000,
        "incomeBeforeTaxRatio": 0.1260041977,
        "incomeTaxExpense": 33400000,
        "netIncome": 140700000,
        "netIncomeRatio": 0.1018310777,
        "eps": 2.09,
        "epsdiluted": 2.08,
        "weightedAverageShsOut": 67200000,
        "weightedAverageShsOutDil": 67700000,
        "link": "https://www.sec.gov/Archives/edgar/data/97216/000009721624000133/0000097216-24-000133-index.htm",
        "finalLink": "https://www.sec.gov/Archives/edgar/data/97216/000009721624000133/tex-20240630.htm"
    },
    {
        "date": "2024-03-31",
        "symbol": "TEX",
        "reportedCurrency": "USD",
        "cik": "0000097216",
        "fillingDate": "2024-04-26",
        "acceptedDate": "2024-04-26 11:27:24",
        "calendarYear": "2024",
        "period": "Q1",
        "revenue": 1292000000,
        "costOfRevenue": 995000000,
        "grossProfit": 297000000,
        "grossProfitRatio": 0.229876161,
        "researchAndDevelopmentExpenses": 0,
        "generalAndAdministrativeExpenses": 0,
        "sellingAndMarketingExpenses": 0,
        "sellingGeneralAndAdministrativeExpenses": 139000000,
        "otherExpenses": 0,
        "operatingExpenses": 139000000,
        "costAndExpenses": 1134000000,
        "interestIncome": 3600000,
        "interestExpense": 15000000,
        "depreciationAndAmortization": 14900000,
        "ebitda": 166400000,
        "ebitdaratio": 0.1287925697,
        "operatingIncome": 158000000,
        "operatingIncomeRatio": 0.1222910217,
        "totalOtherIncomeExpensesNet": -21000000,
        "incomeBeforeTax": 137000000,
        "incomeBeforeTaxRatio": 0.1060371517,
        "incomeTaxExpense": 28000000,
        "netIncome": 109000000,
        "netIncomeRatio": 0.0843653251,
        "eps": 1.62,
        "epsdiluted": 1.6,
        "weightedAverageShsOut": 67000000,
        "weightedAverageShsOutDil": 67900000,
        "link": "https://www.sec.gov/Archives/edgar/data/97216/000009721624000099/0000097216-24-000099-index.htm",
        "finalLink": "https://www.sec.gov/Archives/edgar/data/97216/000009721624000099/tex-20240331.htm"
    },
    {
        "date": "2023-12-31",
        "symbol": "TEX",
        "reportedCurrency": "USD",
        "cik": "0000097216",
        "fillingDate": "2024-02-09",
        "acceptedDate": "2024-02-09 16:17:55",
        "calendarYear": "2023",
        "period": "Q4",
        "revenue": 1223000000,
        "costOfRevenue": 960000000,
        "grossProfit": 263000000,
        "grossProfitRatio": 0.2150449714,
        "researchAndDevelopmentExpenses": 28000000,
        "generalAndAdministrativeExpenses": 0,
        "sellingAndMarketingExpenses": 0,
        "sellingGeneralAndAdministrativeExpenses": 121000000,
        "otherExpenses": -2000000,
        "operatingExpenses": 147000000,
        "costAndExpenses": 1107000000,
        "interestIncome": 2400000,
        "interestExpense": 16000000,
        "depreciationAndAmortization": 19100000,
        "ebitda": 140800000,
        "ebitdaratio": 0.1151267375,
        "operatingIncome": 116000000,
        "operatingIncomeRatio": 0.0948487326,
        "totalOtherIncomeExpensesNet": -10000000,
        "incomeBeforeTax": 106000000,
        "incomeBeforeTaxRatio": 0.0866721177,
        "incomeTaxExpense": -22000000,
        "netIncome": 127000000,
        "netIncomeRatio": 0.103843009,
        "eps": 1.9,
        "epsdiluted": 1.87,
        "weightedAverageShsOut": 67200000,
        "weightedAverageShsOutDil": 68100000,
        "link": "https://www.sec.gov/Archives/edgar/data/97216/000009721624000013/0000097216-24-000013-index.htm",
        "finalLink": "https://www.sec.gov/Archives/edgar/data/97216/000009721624000013/tex-20231231.htm"
    },
    {
        "date": "2023-09-30",
        "symbol": "TEX",
        "reportedCurrency": "USD",
        "cik": "0000097216",
        "fillingDate": "2023-10-27",
        "acceptedDate": "2023-10-27 12:30:31",
        "calendarYear": "2023",
        "period": "Q3",
        "revenue": 1290000000,
        "costOfRevenue": 998000000,
        "grossProfit": 292000000,
        "grossProfitRatio": 0.2263565891,
        "researchAndDevelopmentExpenses": 0,
        "generalAndAdministrativeExpenses": 0,
        "sellingAndMarketingExpenses": 0,
        "sellingGeneralAndAdministrativeExpenses": 130000000,
        "otherExpenses": -1000000,
        "operatingExpenses": 129000000,
        "costAndExpenses": 1127000000,
        "interestIncome": 2000000,
        "interestExpense": 17000000,
        "depreciationAndAmortization": 12100000,
        "ebitda": 178100000,
        "ebitdaratio": 0.1380620155,
        "operatingIncome": 163000000,
        "operatingIncomeRatio": 0.1263565891,
        "totalOtherIncomeExpensesNet": -14000000,
        "incomeBeforeTax": 149000000,
        "incomeBeforeTaxRatio": 0.115503876,
        "incomeTaxExpense": 29800000,
        "netIncome": 119000000,
        "netIncomeRatio": 0.092248062,
        "eps": 1.77,
        "epsdiluted": 1.75,
        "weightedAverageShsOut": 67400000,
        "weightedAverageShsOutDil": 68200000,
        "link": "https://www.sec.gov/Archives/edgar/data/97216/000009721623000201/0000097216-23-000201-index.htm",
        "finalLink": "https://www.sec.gov/Archives/edgar/data/97216/000009721623000201/tex-20230930.htm"
    },
    {
        "date": "2023-06-30",
        "symbol": "TEX",
        "reportedCurrency": "USD",
        "cik": "0000097216",
        "fillingDate": "2023-08-02",
        "acceptedDate": "2023-08-02 11:18:47",
        "calendarYear": "2023",
        "period": "Q2",
        "revenue": 1403100000,
        "costOfRevenue": 1060200000,
        "grossProfit": 342900000,
        "grossProfitRatio": 0.2443874278,
        "researchAndDevelopmentExpenses": 0,
        "generalAndAdministrativeExpenses": 0,
        "sellingAndMarketingExpenses": 0,
        "sellingGeneralAndAdministrativeExpenses": 134300000,
        "otherExpenses": -1300000,
        "operatingExpenses": 133000000,
        "costAndExpenses": 1193200000,
        "interestIncome": 1100000,
        "interestExpense": 15400000,
        "depreciationAndAmortization": 12800000,
        "ebitda": 220000000,
        "ebitdaratio": 0.1567956667,
        "operatingIncome": 209900000,
        "operatingIncomeRatio": 0.1495973202,
        "totalOtherIncomeExpensesNet": -18100000,
        "incomeBeforeTax": 191800000,
        "incomeBeforeTaxRatio": 0.1366973131,
        "incomeTaxExpense": 32000000,
        "netIncome": 159400000,
        "netIncomeRatio": 0.1136055876,
        "eps": 2.36,
        "epsdiluted": 2.35,
        "weightedAverageShsOut": 67600000,
        "weightedAverageShsOutDil": 68100000,
        "link": "https://www.sec.gov/Archives/edgar/data/97216/000009721623000176/0000097216-23-000176-index.htm",
        "finalLink": "https://www.sec.gov/Archives/edgar/data/97216/000009721623000176/tex-20230630.htm"
    },
    {
        "date": "2023-03-31",
        "symbol": "TEX",
        "reportedCurrency": "USD",
        "cik": "0000097216",
        "fillingDate": "2023-05-02",
        "acceptedDate": "2023-05-02 11:53:55",
        "calendarYear": "2023",
        "period": "Q1",
        "revenue": 1235700000,
        "costOfRevenue": 957000000,
        "grossProfit": 278700000,
        "grossProfitRatio": 0.2255401797,
        "researchAndDevelopmentExpenses": 0,
        "generalAndAdministrativeExpenses": 0,
        "sellingAndMarketingExpenses": 0,
        "sellingGeneralAndAdministrativeExpenses": 132300000,
        "otherExpenses": -1300000,
        "operatingExpenses": 131000000,
        "costAndExpenses": 1088000000,
        "interestIncome": 2000000,
        "interestExpense": 14900000,
        "depreciationAndAmortization": 12100000,
        "ebitda": 160200000,
        "ebitdaratio": 0.1296431173,
        "operatingIncome": 147700000,
        "operatingIncomeRatio": 0.1195273934,
        "totalOtherIncomeExpensesNet": -14500000,
        "incomeBeforeTax": 133199999,
        "incomeBeforeTaxRatio": 0.1077931529,
        "incomeTaxExpense": 23300000,
        "netIncome": 112600000,
        "netIncomeRatio": 0.0911224407,
        "eps": 1.62,
        "epsdiluted": 1.6,
        "weightedAverageShsOut": 67700000,
        "weightedAverageShsOutDil": 68800000,
        "link": "https://www.sec.gov/Archives/edgar/data/97216/000009721623000136/0000097216-23-000136-index.htm",
        "finalLink": "https://www.sec.gov/Archives/edgar/data/97216/000009721623000136/tex-20230331.htm"
    },
    {
        "date": "2022-12-31",
        "symbol": "TEX",
        "reportedCurrency": "USD",
        "cik": "0000097216",
        "fillingDate": "2023-02-10",
        "acceptedDate": "2023-02-10 15:02:48",
        "calendarYear": "2022",
        "period": "Q4",
        "revenue": 1217600000,
        "costOfRevenue": 982200000,
        "grossProfit": 235400000,
        "grossProfitRatio": 0.1933311432,
        "researchAndDevelopmentExpenses": 55800000,
        "generalAndAdministrativeExpenses": 0,
        "sellingAndMarketingExpenses": 0,
        "sellingGeneralAndAdministrativeExpenses": 57400000,
        "otherExpenses": 1400000,
        "operatingExpenses": 114600000,
        "costAndExpenses": 1096800000,
        "interestIncome": 700000,
        "interestExpense": 13300000,
        "depreciationAndAmortization": 12100000,
        "ebitda": 131200000,
        "ebitdaratio": 0.1077529566,
        "operatingIncome": 120800000,
        "operatingIncomeRatio": 0.0992115637,
        "totalOtherIncomeExpensesNet": -15000000,
        "incomeBeforeTax": 105800000,
        "incomeBeforeTaxRatio": 0.086892247,
        "incomeTaxExpense": 13800000,
        "netIncome": 92200000,
        "netIncomeRatio": 0.0757227332,
        "eps": 1.36,
        "epsdiluted": 1.34,
        "weightedAverageShsOut": 67500000,
        "weightedAverageShsOutDil": 68600000,
        "link": "https://www.sec.gov/Archives/edgar/data/97216/000009721623000012/0000097216-23-000012-index.htm",
        "finalLink": "https://www.sec.gov/Archives/edgar/data/97216/000009721623000012/tex-20221231.htm"
    },
    {
        "date": "2022-09-30",
        "symbol": "TEX",
        "reportedCurrency": "USD",
        "cik": "0000097216",
        "fillingDate": "2022-10-28",
        "acceptedDate": "2022-10-28 11:03:07",
        "calendarYear": "2022",
        "period": "Q3",
        "revenue": 1120500000,
        "costOfRevenue": 883400000,
        "grossProfit": 237100000,
        "grossProfitRatio": 0.2116019634,
        "researchAndDevelopmentExpenses": 0,
        "generalAndAdministrativeExpenses": 0,
        "sellingAndMarketingExpenses": 0,
        "sellingGeneralAndAdministrativeExpenses": 116400000,
        "otherExpenses": -100000,
        "operatingExpenses": 116300000,
        "costAndExpenses": 999700000,
        "interestIncome": 1100000,
        "interestExpense": 13500000,
        "depreciationAndAmortization": 11600000,
        "ebitda": 132500000,
        "ebitdaratio": 0.1182507809,
        "operatingIncome": 120800000,
        "operatingIncomeRatio": 0.1078090138,
        "totalOtherIncomeExpensesNet": -13400000,
        "incomeBeforeTax": 107400000,
        "incomeBeforeTaxRatio": 0.0958500669,
        "incomeTaxExpense": 25600000,
        "netIncome": 81800000,
        "netIncomeRatio": 0.0730031236,
        "eps": 1.21,
        "epsdiluted": 1.2,
        "weightedAverageShsOut": 67800000,
        "weightedAverageShsOutDil": 68400000,
        "link": "https://www.sec.gov/Archives/edgar/data/97216/000009721622000152/0000097216-22-000152-index.htm",
        "finalLink": "https://www.sec.gov/Archives/edgar/data/97216/000009721622000152/tex-20220930.htm"
    },
    {
        "date": "2022-06-30",
        "symbol": "TEX",
        "reportedCurrency": "USD",
        "cik": "0000097216",
        "fillingDate": "2022-08-03",
        "acceptedDate": "2022-08-03 10:06:20",
        "calendarYear": "2022",
        "period": "Q2",
        "revenue": 1077100000,
        "costOfRevenue": 864200000,
        "grossProfit": 212900000,
        "grossProfitRatio": 0.1976603844,
        "researchAndDevelopmentExpenses": 0,
        "generalAndAdministrativeExpenses": 0,
        "sellingAndMarketingExpenses": 0,
        "sellingGeneralAndAdministrativeExpenses": 109100000,
        "otherExpenses": -100000,
        "operatingExpenses": 109000000,
        "costAndExpenses": 973200000,
        "interestIncome": 400000,
        "interestExpense": 11800000,
        "depreciationAndAmortization": 11800000,
        "ebitda": 112800000,
        "ebitdaratio": 0.1047256522,
        "operatingIncome": 103900000,
        "operatingIncomeRatio": 0.096462724,
        "totalOtherIncomeExpensesNet": -14700000,
        "incomeBeforeTax": 89200000,
        "incomeBeforeTaxRatio": 0.0828149661,
        "incomeTaxExpense": 15100000,
        "netIncome": 74100000,
        "netIncomeRatio": 0.0687958407,
        "eps": 1.08,
        "epsdiluted": 1.07,
        "weightedAverageShsOut": 68900000,
        "weightedAverageShsOutDil": 69300000,
        "link": "https://www.sec.gov/Archives/edgar/data/97216/000009721622000139/0000097216-22-000139-index.htm",
        "finalLink": "https://www.sec.gov/Archives/edgar/data/97216/000009721622000139/tex-20220630.htm"
    },
    {
        "date": "2022-03-31",
        "symbol": "TEX",
        "reportedCurrency": "USD",
        "cik": "0000097216",
        "fillingDate": "2022-04-29",
        "acceptedDate": "2022-04-29 10:39:05",
        "calendarYear": "2022",
        "period": "Q1",
        "revenue": 1002500000,
        "costOfRevenue": 816700000,
        "grossProfit": 185800000,
        "grossProfitRatio": 0.1853366584,
        "researchAndDevelopmentExpenses": 0,
        "generalAndAdministrativeExpenses": 0,
        "sellingAndMarketingExpenses": 0,
        "sellingGeneralAndAdministrativeExpenses": 111300000,
        "otherExpenses": 0,
        "operatingExpenses": 111300000,
        "costAndExpenses": 928000000,
        "interestIncome": 600000,
        "interestExpense": 10600000,
        "depreciationAndAmortization": 11700000,
        "ebitda": 86500000,
        "ebitdaratio": 0.0862842893,
        "operatingIncome": 74500000,
        "operatingIncomeRatio": 0.0743142145,
        "totalOtherIncomeExpensesNet": -10300000,
        "incomeBeforeTax": 64200000,
        "incomeBeforeTaxRatio": 0.0640399002,
        "incomeTaxExpense": 11900000,
        "netIncome": 51900000,
        "netIncomeRatio": 0.0517705736,
        "eps": 0.75,
        "epsdiluted": 0.74,
        "weightedAverageShsOut": 69800000,
        "weightedAverageShsOutDil": 70900000,
        "link": "https://www.sec.gov/Archives/edgar/data/97216/000009721622000105/0000097216-22-000105-index.htm",
        "finalLink": "https://www.sec.gov/Archives/edgar/data/97216/000009721622000105/tex-20220331.htm"
    },
    {
        "date": "2021-12-31",
        "symbol": "TEX",
        "reportedCurrency": "USD",
        "cik": "0000097216",
        "fillingDate": "2022-02-11",
        "acceptedDate": "2022-02-11 13:10:27",
        "calendarYear": "2021",
        "period": "Q4",
        "revenue": 990100000,
        "costOfRevenue": 818200000,
        "grossProfit": 171900000,
        "grossProfitRatio": 0.1736188264,
        "researchAndDevelopmentExpenses": 52200000,
        "generalAndAdministrativeExpenses": 0,
        "sellingAndMarketingExpenses": 0,
        "sellingGeneralAndAdministrativeExpenses": 44700000,
        "otherExpenses": 5200000,
        "operatingExpenses": 102100000,
        "costAndExpenses": 920300000,
        "interestIncome": 800000,
        "interestExpense": 10900000,
        "depreciationAndAmortization": 12300000,
        "ebitda": 91500000,
        "ebitdaratio": 0.0924149076,
        "operatingIncome": 69800000,
        "operatingIncomeRatio": 0.0704979295,
        "totalOtherIncomeExpensesNet": -1500000,
        "incomeBeforeTax": 68300000,
        "incomeBeforeTaxRatio": 0.068982931,
        "incomeTaxExpense": 10300000,
        "netIncome": 58800000,
        "netIncomeRatio": 0.0593879406,
        "eps": 0.83,
        "epsdiluted": 0.82,
        "weightedAverageShsOut": 69800000,
        "weightedAverageShsOutDil": 70900000,
        "link": "https://www.sec.gov/Archives/edgar/data/97216/000009721622000013/0000097216-22-000013-index.htm",
        "finalLink": "https://www.sec.gov/Archives/edgar/data/97216/000009721622000013/tex-20211231.htm"
    },
    {
        "date": "2021-09-30",
        "symbol": "TEX",
        "reportedCurrency": "USD",
        "cik": "0000097216",
        "fillingDate": "2021-10-29",
        "acceptedDate": "2021-10-29 10:03:09",
        "calendarYear": "2021",
        "period": "Q3",
        "revenue": 993800000,
        "costOfRevenue": 815300000,
        "grossProfit": 178500000,
        "grossProfitRatio": 0.1796136043,
        "researchAndDevelopmentExpenses": 0,
        "generalAndAdministrativeExpenses": 0,
        "sellingAndMarketingExpenses": 0,
        "sellingGeneralAndAdministrativeExpenses": 104500000,
        "otherExpenses": -200000,
        "operatingExpenses": 104300000,
        "costAndExpenses": 919600000,
        "interestIncome": 600000,
        "interestExpense": 12300000,
        "depreciationAndAmortization": 12600000,
        "ebitda": 86300000,
        "ebitdaratio": 0.0868383981,
        "operatingIncome": 74200000,
        "operatingIncomeRatio": 0.07466291,
        "totalOtherIncomeExpensesNet": -12800000,
        "incomeBeforeTax": 61400000,
        "incomeBeforeTaxRatio": 0.0617830549,
        "incomeTaxExpense": 13900000,
        "netIncome": 48100000,
        "netIncomeRatio": 0.0484000805,
        "eps": 0.68,
        "epsdiluted": 0.67,
        "weightedAverageShsOut": 69800000,
        "weightedAverageShsOutDil": 70900000,
        "link": "https://www.sec.gov/Archives/edgar/data/97216/000009721621000275/0000097216-21-000275-index.htm",
        "finalLink": "https://www.sec.gov/Archives/edgar/data/97216/000009721621000275/tex-20210930.htm"
    },
    {
        "date": "2021-06-30",
        "symbol": "TEX",
        "reportedCurrency": "USD",
        "cik": "0000097216",
        "fillingDate": "2021-07-30",
        "acceptedDate": "2021-07-30 13:03:16",
        "calendarYear": "2021",
        "period": "Q2",
        "revenue": 1038700000,
        "costOfRevenue": 807100000,
        "grossProfit": 231600000,
        "grossProfitRatio": 0.2229710215,
        "researchAndDevelopmentExpenses": 0,
        "generalAndAdministrativeExpenses": 0,
        "sellingAndMarketingExpenses": 0,
        "sellingGeneralAndAdministrativeExpenses": 109200000,
        "otherExpenses": -100000,
        "operatingExpenses": 109100000,
        "costAndExpenses": 916200000,
        "interestIncome": 1600000,
        "interestExpense": 13000000,
        "depreciationAndAmortization": 12500000,
        "ebitda": 112200000,
        "ebitdaratio": 0.1080196399,
        "operatingIncome": 122500000,
        "operatingIncomeRatio": 0.1179358814,
        "totalOtherIncomeExpensesNet": -35800000,
        "incomeBeforeTax": 86700000,
        "incomeBeforeTaxRatio": 0.0834697218,
        "incomeTaxExpense": 14400000,
        "netIncome": 73900000,
        "netIncomeRatio": 0.0711466256,
        "eps": 1.04,
        "epsdiluted": 1.02,
        "weightedAverageShsOut": 69800000,
        "weightedAverageShsOutDil": 70900000,
        "link": "https://www.sec.gov/Archives/edgar/data/97216/000009721621000234/0000097216-21-000234-index.htm",
        "finalLink": "https://www.sec.gov/Archives/edgar/data/97216/000009721621000234/tex-20210630.htm"
    },
    {
        "date": "2021-03-31",
        "symbol": "TEX",
        "reportedCurrency": "USD",
        "cik": "0000097216",
        "fillingDate": "2021-04-30",
        "acceptedDate": "2021-04-30 11:07:54",
        "calendarYear": "2021",
        "period": "Q1",
        "revenue": 864200000,
        "costOfRevenue": 688800000,
        "grossProfit": 175400000,
        "grossProfitRatio": 0.2029622773,
        "researchAndDevelopmentExpenses": 0,
        "generalAndAdministrativeExpenses": 0,
        "sellingAndMarketingExpenses": 0,
        "sellingGeneralAndAdministrativeExpenses": 114100000,
        "otherExpenses": -200000,
        "operatingExpenses": 113900000,
        "costAndExpenses": 802700000,
        "interestIncome": 700000,
        "interestExpense": 15300000,
        "depreciationAndAmortization": 12800000,
        "ebitda": 75500000,
        "ebitdaratio": 0.0873640361,
        "operatingIncome": 61500000,
        "operatingIncomeRatio": 0.0711640824,
        "totalOtherIncomeExpensesNet": -14100000,
        "incomeBeforeTax": 47400000,
        "incomeBeforeTaxRatio": 0.0548484147,
        "incomeTaxExpense": 7700000,
        "netIncome": 40100000,
        "netIncomeRatio": 0.046401296,
        "eps": 0.57,
        "epsdiluted": 0.56,
        "weightedAverageShsOut": 69500000,
        "weightedAverageShsOutDil": 70800000,
        "link": "https://www.sec.gov/Archives/edgar/data/97216/000009721621000178/0000097216-21-000178-index.htm",
        "finalLink": "https://www.sec.gov/Archives/edgar/data/97216/000009721621000178/tex-20210331.htm"
    },
    {
        "date": "2020-12-31",
        "symbol": "TEX",
        "reportedCurrency": "USD",
        "cik": "0000097216",
        "fillingDate": "2021-02-12",
        "acceptedDate": "2021-02-12 14:49:53",
        "calendarYear": "2020",
        "period": "Q4",
        "revenue": 786700000,
        "costOfRevenue": 637500000,
        "grossProfit": 149200000,
        "grossProfitRatio": 0.1896529808,
        "researchAndDevelopmentExpenses": 58900000,
        "generalAndAdministrativeExpenses": 0,
        "sellingAndMarketingExpenses": 0,
        "sellingGeneralAndAdministrativeExpenses": 52400000,
        "otherExpenses": 6300000,
        "operatingExpenses": 117600000,
        "costAndExpenses": 755100000,
        "interestIncome": 1100000,
        "interestExpense": 15900000,
        "depreciationAndAmortization": 13400000,
        "ebitda": 51100000,
        "ebitdaratio": 0.0649548748,
        "operatingIncome": 31600000,
        "operatingIncomeRatio": 0.0401677895,
        "totalOtherIncomeExpensesNet": -9800000,
        "incomeBeforeTax": 21800000,
        "incomeBeforeTaxRatio": 0.0277106902,
        "incomeTaxExpense": 6900000,
        "netIncome": 17700000,
        "netIncomeRatio": 0.0224990467,
        "eps": 0.21,
        "epsdiluted": 0.21,
        "weightedAverageShsOut": 69400000,
        "weightedAverageShsOutDil": 70300000,
        "link": "https://www.sec.gov/Archives/edgar/data/97216/000009721621000030/0000097216-21-000030-index.htm",
        "finalLink": "https://www.sec.gov/Archives/edgar/data/97216/000009721621000030/tex-20201231.htm"
    },
    {
        "date": "2020-09-30",
        "symbol": "TEX",
        "reportedCurrency": "USD",
        "cik": "0000097216",
        "fillingDate": "2020-10-28",
        "acceptedDate": "2020-10-28 12:09:43",
        "calendarYear": "2020",
        "period": "Q3",
        "revenue": 765600000,
        "costOfRevenue": 619300000,
        "grossProfit": 146300000,
        "grossProfitRatio": 0.191091954,
        "researchAndDevelopmentExpenses": 0,
        "generalAndAdministrativeExpenses": 0,
        "sellingAndMarketingExpenses": 0,
        "sellingGeneralAndAdministrativeExpenses": 109900000,
        "otherExpenses": -100000,
        "operatingExpenses": 109800000,
        "costAndExpenses": 729100000,
        "interestIncome": 800000,
        "interestExpense": 15800000,
        "depreciationAndAmortization": 12700000,
        "ebitda": 49400000,
        "ebitdaratio": 0.0645245559,
        "operatingIncome": 36500000,
        "operatingIncomeRatio": 0.0476750261,
        "totalOtherIncomeExpensesNet": -15600000,
        "incomeBeforeTax": 20900000,
        "incomeBeforeTaxRatio": 0.0272988506,
        "incomeTaxExpense": -1100000,
        "netIncome": 5800000,
        "netIncomeRatio": 0.0075757576,
        "eps": 0.32,
        "epsdiluted": 0.31,
        "weightedAverageShsOut": 69300000,
        "weightedAverageShsOutDil": 69500000,
        "link": "https://www.sec.gov/Archives/edgar/data/97216/000009721620000259/0000097216-20-000259-index.htm",
        "finalLink": "https://www.sec.gov/Archives/edgar/data/97216/000009721620000259/tex-20200930.htm"
    },
    {
        "date": "2020-06-30",
        "symbol": "TEX",
        "reportedCurrency": "USD",
        "cik": "0000097216",
        "fillingDate": "2020-08-03",
        "acceptedDate": "2020-08-03 12:06:14",
        "calendarYear": "2020",
        "period": "Q2",
        "revenue": 690500000,
        "costOfRevenue": 583400000,
        "grossProfit": 107100000,
        "grossProfitRatio": 0.1551049964,
        "researchAndDevelopmentExpenses": 0,
        "generalAndAdministrativeExpenses": 0,
        "sellingAndMarketingExpenses": 0,
        "sellingGeneralAndAdministrativeExpenses": 100000000,
        "otherExpenses": -300000,
        "operatingExpenses": 99700000,
        "costAndExpenses": 683100000,
        "interestIncome": 800000,
        "interestExpense": 16500000,
        "depreciationAndAmortization": 11800000,
        "ebitda": 22100000,
        "ebitdaratio": 0.0320057929,
        "operatingIncome": 7400000,
        "operatingIncomeRatio": 0.0107168718,
        "totalOtherIncomeExpensesNet": -13600000,
        "incomeBeforeTax": -6200000,
        "incomeBeforeTaxRatio": -0.0089790007,
        "incomeTaxExpense": -3000000,
        "netIncome": -9200000,
        "netIncomeRatio": -0.0133236785,
        "eps": -0.0462,
        "epsdiluted": -0.05,
        "weightedAverageShsOut": 69300000,
        "weightedAverageShsOutDil": 69300000,
        "link": "https://www.sec.gov/Archives/edgar/data/97216/000009721620000210/0000097216-20-000210-index.htm",
        "finalLink": "https://www.sec.gov/Archives/edgar/data/97216/000009721620000210/tex-20200630.htm"
    },
    {
        "date": "2020-03-31",
        "symbol": "TEX",
        "reportedCurrency": "USD",
        "cik": "0000097216",
        "fillingDate": "2020-05-01",
        "acceptedDate": "2020-05-01 13:57:27",
        "calendarYear": "2020",
        "period": "Q1",
        "revenue": 833600000,
        "costOfRevenue": 696900000,
        "grossProfit": 136700000,
        "grossProfitRatio": 0.163987524,
        "researchAndDevelopmentExpenses": 0,
        "generalAndAdministrativeExpenses": 0,
        "sellingAndMarketingExpenses": 0,
        "sellingGeneralAndAdministrativeExpenses": 144000000,
        "otherExpenses": -200000,
        "operatingExpenses": 143800000,
        "costAndExpenses": 840700000,
        "interestIncome": 900000,
        "interestExpense": 17700000,
        "depreciationAndAmortization": 11800000,
        "ebitda": 4000000,
        "ebitdaratio": 0.0047984645,
        "operatingIncome": -7100000,
        "operatingIncomeRatio": -0.0085172745,
        "totalOtherIncomeExpensesNet": -18400000,
        "incomeBeforeTax": -25500000,
        "incomeBeforeTaxRatio": -0.0305902111,
        "incomeTaxExpense": -800000,
        "netIncome": -24900000,
        "netIncomeRatio": -0.0298704415,
        "eps": -0.35,
        "epsdiluted": -0.35,
        "weightedAverageShsOut": 70500000,
        "weightedAverageShsOutDil": 70500000,
        "link": "https://www.sec.gov/Archives/edgar/data/97216/000009721620000160/0000097216-20-000160-index.htm",
        "finalLink": "https://www.sec.gov/Archives/edgar/data/97216/000009721620000160/tex-20200331.htm"
    },
    {
        "date": "2019-12-31",
        "symbol": "TEX",
        "reportedCurrency": "USD",
        "cik": "0000097216",
        "fillingDate": "2020-02-14",
        "acceptedDate": "2020-02-14 13:40:28",
        "calendarYear": "2019",
        "period": "Q4",
        "revenue": 885000000,
        "costOfRevenue": 716400000,
        "grossProfit": 168600000,
        "grossProfitRatio": 0.1905084746,
        "researchAndDevelopmentExpenses": 72400000,
        "generalAndAdministrativeExpenses": 0,
        "sellingAndMarketingExpenses": 0,
        "sellingGeneralAndAdministrativeExpenses": 71900000,
        "otherExpenses": 1400000,
        "operatingExpenses": 145700000,
        "costAndExpenses": 862100000,
        "interestIncome": 1100000,
        "interestExpense": 18300000,
        "depreciationAndAmortization": 11000000,
        "ebitda": 31800000,
        "ebitdaratio": 0.0359322034,
        "operatingIncome": 22900000,
        "operatingIncomeRatio": 0.0258757062,
        "totalOtherIncomeExpensesNet": -20400000,
        "incomeBeforeTax": 2500000,
        "incomeBeforeTaxRatio": 0.0028248588,
        "incomeTaxExpense": -16000000,
        "netIncome": 24500000,
        "netIncomeRatio": 0.0276836158,
        "eps": 0.26,
        "epsdiluted": 0.26,
        "weightedAverageShsOut": 71200000,
        "weightedAverageShsOutDil": 71900000,
        "link": "https://www.sec.gov/Archives/edgar/data/97216/000009721620000027/0000097216-20-000027-index.htm",
        "finalLink": "https://www.sec.gov/Archives/edgar/data/97216/000009721620000027/tex201910-k.htm"
    },
    {
        "date": "2019-09-30",
        "symbol": "TEX",
        "reportedCurrency": "USD",
        "cik": "0000097216",
        "fillingDate": "2019-10-31",
        "acceptedDate": "2019-10-31 12:36:26",
        "calendarYear": "2019",
        "period": "Q3",
        "revenue": 1024599999,
        "costOfRevenue": 815000000,
        "grossProfit": 209600000,
        "grossProfitRatio": 0.2045676364,
        "researchAndDevelopmentExpenses": 0,
        "generalAndAdministrativeExpenses": 0,
        "sellingAndMarketingExpenses": 0,
        "sellingGeneralAndAdministrativeExpenses": 123700000,
        "otherExpenses": -500000,
        "operatingExpenses": 123199999,
        "costAndExpenses": 938199999,
        "interestIncome": 1900000,
        "interestExpense": 22000000,
        "depreciationAndAmortization": 12800000,
        "ebitda": 102700000,
        "ebitdaratio": 0.1002342378,
        "operatingIncome": 86400000,
        "operatingIncomeRatio": 0.0843255906,
        "totalOtherIncomeExpensesNet": -18500000,
        "incomeBeforeTax": 67900000,
        "incomeBeforeTaxRatio": 0.0662697639,
        "incomeTaxExpense": 15500000,
        "netIncome": 21400000,
        "netIncomeRatio": 0.0208861995,
        "eps": 0.73,
        "epsdiluted": 0.73,
        "weightedAverageShsOut": 71300000,
        "weightedAverageShsOutDil": 71800000,
        "link": "https://www.sec.gov/Archives/edgar/data/97216/000009721619000223/0000097216-19-000223-index.htm",
        "finalLink": "https://www.sec.gov/Archives/edgar/data/97216/000009721619000223/tex930201910-q.htm"
    },
    {
        "date": "2019-06-30",
        "symbol": "TEX",
        "reportedCurrency": "USD",
        "cik": "0000097216",
        "fillingDate": "2019-07-30",
        "acceptedDate": "2019-07-30 12:32:21",
        "calendarYear": "2019",
        "period": "Q2",
        "revenue": 1306900000,
        "costOfRevenue": 1035099999,
        "grossProfit": 271800000,
        "grossProfitRatio": 0.207973066,
        "researchAndDevelopmentExpenses": 0,
        "generalAndAdministrativeExpenses": 0,
        "sellingAndMarketingExpenses": 0,
        "sellingGeneralAndAdministrativeExpenses": 146200000,
        "otherExpenses": -399999,
        "operatingExpenses": 145800000,
        "costAndExpenses": 1180900000,
        "interestIncome": 1800000,
        "interestExpense": 24600000,
        "depreciationAndAmortization": 12300000,
        "ebitda": 138800000,
        "ebitdaratio": 0.1062055245,
        "operatingIncome": 126000000,
        "operatingIncomeRatio": 0.0964113551,
        "totalOtherIncomeExpensesNet": -24100000,
        "incomeBeforeTax": 101900000,
        "incomeBeforeTaxRatio": 0.0779707705,
        "incomeTaxExpense": 20300000,
        "netIncome": 75100000,
        "netIncomeRatio": 0.0574642283,
        "eps": 1.15,
        "epsdiluted": 1.14,
        "weightedAverageShsOut": 71200000,
        "weightedAverageShsOutDil": 71700000,
        "link": "https://www.sec.gov/Archives/edgar/data/97216/000009721619000177/0000097216-19-000177-index.htm",
        "finalLink": "https://www.sec.gov/Archives/edgar/data/97216/000009721619000177/tex630201910-q.htm"
    },
    {
        "date": "2019-03-31",
        "symbol": "TEX",
        "reportedCurrency": "USD",
        "cik": "0000097216",
        "fillingDate": "2019-05-01",
        "acceptedDate": "2019-05-01 11:41:57",
        "calendarYear": "2019",
        "period": "Q1",
        "revenue": 1136600000,
        "costOfRevenue": 898800000,
        "grossProfit": 237800000,
        "grossProfitRatio": 0.2092204821,
        "researchAndDevelopmentExpenses": 0,
        "generalAndAdministrativeExpenses": 0,
        "sellingAndMarketingExpenses": 0,
        "sellingGeneralAndAdministrativeExpenses": 138500000,
        "otherExpenses": -400000,
        "operatingExpenses": 138100000,
        "costAndExpenses": 1036900000,
        "interestIncome": 1700000,
        "interestExpense": 23000000,
        "depreciationAndAmortization": 13500000,
        "ebitda": 111700000,
        "ebitdaratio": 0.0982755587,
        "operatingIncome": 99700000,
        "operatingIncomeRatio": 0.0877177547,
        "totalOtherIncomeExpensesNet": -24500000,
        "incomeBeforeTax": 75200000,
        "incomeBeforeTaxRatio": 0.0661622383,
        "incomeTaxExpense": 18000000,
        "netIncome": -66599999,
        "netIncomeRatio": -0.0585958112,
        "eps": 0.81,
        "epsdiluted": 0.79,
        "weightedAverageShsOut": 70600000,
        "weightedAverageShsOutDil": 71800000,
        "link": "https://www.sec.gov/Archives/edgar/data/97216/000009721619000120/0000097216-19-000120-index.htm",
        "finalLink": "https://www.sec.gov/Archives/edgar/data/97216/000009721619000120/tex331201910-q.htm"
    },
    {
        "date": "2018-12-31",
        "symbol": "TEX",
        "reportedCurrency": "USD",
        "cik": "0000097216",
        "fillingDate": "2019-02-25",
        "acceptedDate": "2019-02-25 13:58:24",
        "calendarYear": "2018",
        "period": "Q4",
        "revenue": 1048800000,
        "costOfRevenue": 834200000,
        "grossProfit": 214600000,
        "grossProfitRatio": 0.2046147979,
        "researchAndDevelopmentExpenses": 63200000,
        "generalAndAdministrativeExpenses": 0,
        "sellingAndMarketingExpenses": 0,
        "sellingGeneralAndAdministrativeExpenses": 117800000,
        "otherExpenses": -48000000,
        "operatingExpenses": 133000000,
        "costAndExpenses": 967200000,
        "interestIncome": 1800000,
        "interestExpense": 20400000,
        "depreciationAndAmortization": 14300000,
        "ebitda": -11100000,
        "ebitdaratio": -0.010583524,
        "operatingIncome": 81600000,
        "operatingIncomeRatio": 0.0778032037,
        "totalOtherIncomeExpensesNet": -75800000,
        "incomeBeforeTax": 5800000,
        "incomeBeforeTaxRatio": 0.0055301297,
        "incomeTaxExpense": -13800000,
        "netIncome": -33000000,
        "netIncomeRatio": -0.0314645309,
        "eps": 0.27,
        "epsdiluted": 0.27,
        "weightedAverageShsOut": 72700000,
        "weightedAverageShsOutDil": 72800000,
        "link": "https://www.sec.gov/Archives/edgar/data/97216/000009721619000024/0000097216-19-000024-index.htm",
        "finalLink": "https://www.sec.gov/Archives/edgar/data/97216/000009721619000024/tex201810-k.htm"
    },
    {
        "date": "2018-09-30",
        "symbol": "TEX",
        "reportedCurrency": "USD",
        "cik": "0000097216",
        "fillingDate": "2018-11-02",
        "acceptedDate": "2018-11-02 11:38:39",
        "calendarYear": "2018",
        "period": "Q3",
        "revenue": 1098800000,
        "costOfRevenue": 858700000,
        "grossProfit": 240100000,
        "grossProfitRatio": 0.218511103,
        "researchAndDevelopmentExpenses": 0,
        "generalAndAdministrativeExpenses": 0,
        "sellingAndMarketingExpenses": 0,
        "sellingGeneralAndAdministrativeExpenses": 136400000,
        "otherExpenses": -500000,
        "operatingExpenses": 135900000,
        "costAndExpenses": 994600000,
        "interestIncome": 1700000,
        "interestExpense": 18500000,
        "depreciationAndAmortization": 14100000,
        "ebitda": 116300000,
        "ebitdaratio": 0.1058427375,
        "operatingIncome": 104200000,
        "operatingIncomeRatio": 0.0948307244,
        "totalOtherIncomeExpensesNet": -20400000,
        "incomeBeforeTax": 83800000,
        "incomeBeforeTaxRatio": 0.0762650164,
        "incomeTaxExpense": 14600000,
        "netIncome": 38600000,
        "netIncomeRatio": 0.0351292319,
        "eps": 0.94,
        "epsdiluted": 0.92,
        "weightedAverageShsOut": 73700000,
        "weightedAverageShsOutDil": 75100000,
        "link": "https://www.sec.gov/Archives/edgar/data/97216/000009721618000171/0000097216-18-000171-index.htm",
        "finalLink": "https://www.sec.gov/Archives/edgar/data/97216/000009721618000171/tex930201810-q.htm"
    },
    {
        "date": "2018-06-30",
        "symbol": "TEX",
        "reportedCurrency": "USD",
        "cik": "0000097216",
        "fillingDate": "2018-08-01",
        "acceptedDate": "2018-08-01 11:51:50",
        "calendarYear": "2018",
        "period": "Q2",
        "revenue": 1253000000,
        "costOfRevenue": 974400000,
        "grossProfit": 278600000,
        "grossProfitRatio": 0.2223463687,
        "researchAndDevelopmentExpenses": 0,
        "generalAndAdministrativeExpenses": 0,
        "sellingAndMarketingExpenses": 0,
        "sellingGeneralAndAdministrativeExpenses": 146900000,
        "otherExpenses": -700000,
        "operatingExpenses": 146200000,
        "costAndExpenses": 1120600000,
        "interestIncome": 2000000,
        "interestExpense": 18200000,
        "depreciationAndAmortization": 15300000,
        "ebitda": 148100000,
        "ebitdaratio": 0.1181963288,
        "operatingIncome": 132400000,
        "operatingIncomeRatio": 0.1056664006,
        "totalOtherIncomeExpensesNet": -17800000,
        "incomeBeforeTax": 114600000,
        "incomeBeforeTaxRatio": 0.0914604948,
        "incomeTaxExpense": 30400000,
        "netIncome": 57800000,
        "netIncomeRatio": 0.0461292897,
        "eps": 1.12,
        "epsdiluted": 1.1,
        "weightedAverageShsOut": 75500000,
        "weightedAverageShsOutDil": 76700000,
        "link": "https://www.sec.gov/Archives/edgar/data/97216/000009721618000128/0000097216-18-000128-index.htm",
        "finalLink": "https://www.sec.gov/Archives/edgar/data/97216/000009721618000128/tex630201810-q.htm"
    },
    {
        "date": "2018-03-31",
        "symbol": "TEX",
        "reportedCurrency": "USD",
        "cik": "0000097216",
        "fillingDate": "2018-05-02",
        "acceptedDate": "2018-05-02 12:16:24",
        "calendarYear": "2018",
        "period": "Q1",
        "revenue": 1116600000,
        "costOfRevenue": 888000000,
        "grossProfit": 228600000,
        "grossProfitRatio": 0.2047286405,
        "researchAndDevelopmentExpenses": 0,
        "generalAndAdministrativeExpenses": 0,
        "sellingAndMarketingExpenses": 0,
        "sellingGeneralAndAdministrativeExpenses": 134700000,
        "otherExpenses": -400000,
        "operatingExpenses": 134300000,
        "costAndExpenses": 1022300000,
        "interestIncome": 3400000,
        "interestExpense": 16000000,
        "depreciationAndAmortization": 16000000,
        "ebitda": 114800000,
        "ebitdaratio": 0.1028121082,
        "operatingIncome": 94300000,
        "operatingIncomeRatio": 0.0844528032,
        "totalOtherIncomeExpensesNet": -11400000,
        "incomeBeforeTax": 82900000,
        "incomeBeforeTaxRatio": 0.0742432384,
        "incomeTaxExpense": 14200000,
        "netIncome": 50300000,
        "netIncomeRatio": 0.0450474655,
        "eps": 0.86,
        "epsdiluted": 0.84,
        "weightedAverageShsOut": 79700000,
        "weightedAverageShsOutDil": 81700000,
        "link": "https://www.sec.gov/Archives/edgar/data/97216/000009721618000081/0000097216-18-000081-index.htm",
        "finalLink": "https://www.sec.gov/Archives/edgar/data/97216/000009721618000081/tex331201810-q.htm"
    },
    {
        "date": "2017-12-31",
        "symbol": "TEX",
        "reportedCurrency": "USD",
        "cik": "0000097216",
        "fillingDate": "2018-02-16",
        "acceptedDate": "2018-02-16 16:45:24",
        "calendarYear": "2017",
        "period": "Q4",
        "revenue": 1063599999,
        "costOfRevenue": 864200000,
        "grossProfit": 199400000,
        "grossProfitRatio": 0.1874764951,
        "researchAndDevelopmentExpenses": 81000000,
        "generalAndAdministrativeExpenses": 0,
        "sellingAndMarketingExpenses": 0,
        "sellingGeneralAndAdministrativeExpenses": 85900000,
        "otherExpenses": -8500000,
        "operatingExpenses": 158399999,
        "costAndExpenses": 1022599999,
        "interestIncome": 1700000,
        "interestExpense": 15500000,
        "depreciationAndAmortization": 17800000,
        "ebitda": 58700000,
        "ebitdaratio": 0.0551899211,
        "operatingIncome": 41000000,
        "operatingIncomeRatio": 0.0385483265,
        "totalOtherIncomeExpensesNet": -15600000,
        "incomeBeforeTax": 25400000,
        "incomeBeforeTaxRatio": 0.0238811584,
        "incomeTaxExpense": 57100000,
        "netIncome": -26700000,
        "netIncomeRatio": -0.0251034224,
        "eps": -0.38,
        "epsdiluted": -0.38,
        "weightedAverageShsOut": 82700000,
        "weightedAverageShsOutDil": 85000000,
        "link": "https://www.sec.gov/Archives/edgar/data/97216/000009721618000024/0000097216-18-000024-index.htm",
        "finalLink": "https://www.sec.gov/Archives/edgar/data/97216/000009721618000024/tex201710-k.htm"
    },
    {
        "date": "2017-09-30",
        "symbol": "TEX",
        "reportedCurrency": "USD",
        "cik": "0000097216",
        "fillingDate": "2017-11-01",
        "acceptedDate": "2017-11-01 13:20:09",
        "calendarYear": "2017",
        "period": "Q3",
        "revenue": 1111200000,
        "costOfRevenue": 892200000,
        "grossProfit": 219000000,
        "grossProfitRatio": 0.1970842333,
        "researchAndDevelopmentExpenses": 0,
        "generalAndAdministrativeExpenses": 0,
        "sellingAndMarketingExpenses": 0,
        "sellingGeneralAndAdministrativeExpenses": 153100000,
        "otherExpenses": 0,
        "operatingExpenses": 153100000,
        "costAndExpenses": 1045300000,
        "interestIncome": 1900000,
        "interestExpense": 15500000,
        "depreciationAndAmortization": 17400000,
        "ebitda": 89600000,
        "ebitdaratio": 0.0806335493,
        "operatingIncome": 65900000,
        "operatingIncomeRatio": 0.0593052556,
        "totalOtherIncomeExpensesNet": -9200000,
        "incomeBeforeTax": 56700000,
        "incomeBeforeTaxRatio": 0.0510259179,
        "incomeTaxExpense": 100000,
        "netIncome": 59200000,
        "netIncomeRatio": 0.0532757379,
        "eps": 0.64,
        "epsdiluted": 0.63,
        "weightedAverageShsOut": 88000000,
        "weightedAverageShsOutDil": 90000000,
        "link": "https://www.sec.gov/Archives/edgar/data/97216/000009721617000223/0000097216-17-000223-index.htm",
        "finalLink": "https://www.sec.gov/Archives/edgar/data/97216/000009721617000223/tex930201710-q.htm"
    },
    {
        "date": "2017-06-30",
        "symbol": "TEX",
        "reportedCurrency": "USD",
        "cik": "0000097216",
        "fillingDate": "2017-08-02",
        "acceptedDate": "2017-08-02 13:12:21",
        "calendarYear": "2017",
        "period": "Q2",
        "revenue": 1181700000,
        "costOfRevenue": 941000000,
        "grossProfit": 240700000,
        "grossProfitRatio": 0.2036895997,
        "researchAndDevelopmentExpenses": 0,
        "generalAndAdministrativeExpenses": 0,
        "sellingAndMarketingExpenses": 0,
        "sellingGeneralAndAdministrativeExpenses": 163000000,
        "otherExpenses": 0,
        "operatingExpenses": 163000000,
        "costAndExpenses": 1104000000,
        "interestIncome": 1500000,
        "interestExpense": 15100000,
        "depreciationAndAmortization": 15000000,
        "ebitda": 148600000,
        "ebitdaratio": 0.1257510366,
        "operatingIncome": 77700000,
        "operatingIncomeRatio": 0.0657527291,
        "totalOtherIncomeExpensesNet": 40800000,
        "incomeBeforeTax": 118500000,
        "incomeBeforeTaxRatio": 0.1002792587,
        "incomeTaxExpense": 23100000,
        "netIncome": 100800000,
        "netIncomeRatio": 0.0853008378,
        "eps": 1,
        "epsdiluted": 0.98,
        "weightedAverageShsOut": 95700000,
        "weightedAverageShsOutDil": 97100000,
        "link": "https://www.sec.gov/Archives/edgar/data/97216/000009721617000180/0000097216-17-000180-index.htm",
        "finalLink": "https://www.sec.gov/Archives/edgar/data/97216/000009721617000180/tex630201710-q.htm"
    },
    {
        "date": "2017-03-31",
        "symbol": "TEX",
        "reportedCurrency": "USD",
        "cik": "0000097216",
        "fillingDate": "2017-05-03",
        "acceptedDate": "2017-05-03 13:25:04",
        "calendarYear": "2017",
        "period": "Q1",
        "revenue": 1006900000,
        "costOfRevenue": 855100000,
        "grossProfit": 151800000,
        "grossProfitRatio": 0.1507597577,
        "researchAndDevelopmentExpenses": 0,
        "generalAndAdministrativeExpenses": 0,
        "sellingAndMarketingExpenses": 0,
        "sellingGeneralAndAdministrativeExpenses": 154700000,
        "otherExpenses": 1800000,
        "operatingExpenses": 156500000,
        "costAndExpenses": 1011600000,
        "interestIncome": 1800000,
        "interestExpense": 21400000,
        "depreciationAndAmortization": 16300000,
        "ebitda": -50900000,
        "ebitdaratio": -0.0505511967,
        "operatingIncome": -4700000,
        "operatingIncomeRatio": -0.0046677922,
        "totalOtherIncomeExpensesNet": -83900000,
        "incomeBeforeTax": -88600000,
        "incomeBeforeTaxRatio": -0.0879928493,
        "incomeTaxExpense": -28300000,
        "netIncome": -4600000,
        "netIncomeRatio": -0.0045684775,
        "eps": -0.57,
        "epsdiluted": -0.57,
        "weightedAverageShsOut": 105200000,
        "weightedAverageShsOutDil": 105200000,
        "link": "https://www.sec.gov/Archives/edgar/data/97216/000009721617000131/0000097216-17-000131-index.htm",
        "finalLink": "https://www.sec.gov/Archives/edgar/data/97216/000009721617000131/tex331201710-q.htm"
    },
    {
        "date": "2016-12-31",
        "symbol": "TEX",
        "reportedCurrency": "USD",
        "cik": "0000097216",
        "fillingDate": "2017-02-27",
        "acceptedDate": "2017-02-24 20:41:53",
        "calendarYear": "2016",
        "period": "Q4",
        "revenue": 974700000,
        "costOfRevenue": 826700000,
        "grossProfit": 148000000,
        "grossProfitRatio": 0.1518415923,
        "researchAndDevelopmentExpenses": 86200000,
        "generalAndAdministrativeExpenses": 0,
        "sellingAndMarketingExpenses": 0,
        "sellingGeneralAndAdministrativeExpenses": 74800000,
        "otherExpenses": 259100000,
        "operatingExpenses": 420100000,
        "costAndExpenses": 1246800000,
        "interestIncome": 1000000,
        "interestExpense": 26400000,
        "depreciationAndAmortization": 19300000,
        "ebitda": -263300000,
        "ebitdaratio": -0.2701344003,
        "operatingIncome": -272100000,
        "operatingIncomeRatio": -0.2791628193,
        "totalOtherIncomeExpensesNet": -36900000,
        "incomeBeforeTax": -309000000,
        "incomeBeforeTaxRatio": -0.3170206217,
        "incomeTaxExpense": 5100000,
        "netIncome": -267200000,
        "netIncomeRatio": -0.2741356315,
        "eps": -2.96,
        "epsdiluted": -2.96,
        "weightedAverageShsOut": 105900000,
        "weightedAverageShsOutDil": 105900000,
        "link": "https://www.sec.gov/Archives/edgar/data/97216/000009721617000029/0000097216-17-000029-index.htm",
        "finalLink": "https://www.sec.gov/Archives/edgar/data/97216/000009721617000029/tex201610-k.htm"
    },
    {
        "date": "2016-09-30",
        "symbol": "TEX",
        "reportedCurrency": "USD",
        "cik": "0000097216",
        "fillingDate": "2016-11-01",
        "acceptedDate": "2016-11-01 13:59:39",
        "calendarYear": "2016",
        "period": "Q3",
        "revenue": 1056400000,
        "costOfRevenue": 872500000,
        "grossProfit": 183900000,
        "grossProfitRatio": 0.1740817872,
        "researchAndDevelopmentExpenses": 0,
        "generalAndAdministrativeExpenses": 0,
        "sellingAndMarketingExpenses": 0,
        "sellingGeneralAndAdministrativeExpenses": 144300000,
        "otherExpenses": 0,
        "operatingExpenses": 144300000,
        "costAndExpenses": 1016800000,
        "interestIncome": 1000000,
        "interestExpense": 25400000,
        "depreciationAndAmortization": 19700000,
        "ebitda": 59000000,
        "ebitdaratio": 0.0558500568,
        "operatingIncome": 39600000,
        "operatingIncomeRatio": 0.0374858008,
        "totalOtherIncomeExpensesNet": -25700000,
        "incomeBeforeTax": 13900000,
        "incomeBeforeTaxRatio": 0.0131578947,
        "incomeTaxExpense": -19300000,
        "netIncome": 96800000,
        "netIncomeRatio": 0.0916319576,
        "eps": 0.31,
        "epsdiluted": 0.31,
        "weightedAverageShsOut": 107600000,
        "weightedAverageShsOutDil": 108600000,
        "link": "https://www.sec.gov/Archives/edgar/data/97216/000009721616000414/0000097216-16-000414-index.htm",
        "finalLink": "https://www.sec.gov/Archives/edgar/data/97216/000009721616000414/tex930201610-q.htm"
    },
    {
        "date": "2016-06-30",
        "symbol": "TEX",
        "reportedCurrency": "USD",
        "cik": "0000097216",
        "fillingDate": "2016-08-05",
        "acceptedDate": "2016-08-04 18:01:29",
        "calendarYear": "2016",
        "period": "Q2",
        "revenue": 1297700000,
        "costOfRevenue": 1055599999,
        "grossProfit": 242100000,
        "grossProfitRatio": 0.1865608384,
        "researchAndDevelopmentExpenses": 0,
        "generalAndAdministrativeExpenses": 0,
        "sellingAndMarketingExpenses": 0,
        "sellingGeneralAndAdministrativeExpenses": 168700000,
        "otherExpenses": 0,
        "operatingExpenses": 168700000,
        "costAndExpenses": 1224300000,
        "interestIncome": 1100000,
        "interestExpense": 25500000,
        "depreciationAndAmortization": 27800000,
        "ebitda": 95800000,
        "ebitdaratio": 0.0738229175,
        "operatingIncome": 73400000,
        "operatingIncomeRatio": 0.056561609,
        "totalOtherIncomeExpensesNet": -30900000,
        "incomeBeforeTax": 42500000,
        "incomeBeforeTaxRatio": 0.0327502504,
        "incomeTaxExpense": -67099999,
        "netIncome": 65099999,
        "netIncomeRatio": 0.050165677,
        "eps": 1,
        "epsdiluted": 1,
        "weightedAverageShsOut": 109200000,
        "weightedAverageShsOutDil": 109600000,
        "link": "https://www.sec.gov/Archives/edgar/data/97216/000009721616000379/0000097216-16-000379-index.htm",
        "finalLink": "https://www.sec.gov/Archives/edgar/data/97216/000009721616000379/tex630201610-q.htm"
    },
    {
        "date": "2016-03-31",
        "symbol": "TEX",
        "reportedCurrency": "USD",
        "cik": "0000097216",
        "fillingDate": "2016-04-27",
        "acceptedDate": "2016-04-27 17:29:15",
        "calendarYear": "2016",
        "period": "Q1",
        "revenue": 1114300000,
        "costOfRevenue": 929800000,
        "grossProfit": 184500000,
        "grossProfitRatio": 0.1655748003,
        "researchAndDevelopmentExpenses": 0,
        "generalAndAdministrativeExpenses": 0,
        "sellingAndMarketingExpenses": 0,
        "sellingGeneralAndAdministrativeExpenses": 160800000,
        "otherExpenses": 12400000,
        "operatingExpenses": 173200000,
        "costAndExpenses": 1103000000,
        "interestIncome": 1300000,
        "interestExpense": 25200000,
        "depreciationAndAmortization": 29900000,
        "ebitda": 36500000,
        "ebitdaratio": 0.0327559903,
        "operatingIncome": 11300000,
        "operatingIncomeRatio": 0.0101408956,
        "totalOtherIncomeExpensesNet": -29400000,
        "incomeBeforeTax": -18100000,
        "incomeBeforeTaxRatio": -0.0162433815,
        "incomeTaxExpense": 3900000,
        "netIncome": -70800000,
        "netIncomeRatio": -0.063537647,
        "eps": -0.2,
        "epsdiluted": -0.2,
        "weightedAverageShsOut": 108800000,
        "weightedAverageShsOutDil": 108800000,
        "link": "https://www.sec.gov/Archives/edgar/data/97216/000009721616000323/0000097216-16-000323-index.htm",
        "finalLink": "https://www.sec.gov/Archives/edgar/data/97216/000009721616000323/tex331201610-q.htm"
    },
    {
        "date": "2015-12-31",
        "symbol": "TEX",
        "reportedCurrency": "USD",
        "cik": "0000097216",
        "fillingDate": "2016-02-22",
        "acceptedDate": "2016-02-22 10:50:06",
        "calendarYear": "2015",
        "period": "Q4",
        "revenue": 1167600000,
        "costOfRevenue": 952000000,
        "grossProfit": 215600000,
        "grossProfitRatio": 0.1846522782,
        "researchAndDevelopmentExpenses": 89700000,
        "generalAndAdministrativeExpenses": 0,
        "sellingAndMarketingExpenses": 0,
        "sellingGeneralAndAdministrativeExpenses": 66300000,
        "otherExpenses": 2400000,
        "operatingExpenses": 158400000,
        "costAndExpenses": 1110400000,
        "interestIncome": 1200000,
        "interestExpense": 24700000,
        "depreciationAndAmortization": 32500000,
        "ebitda": 77500000,
        "ebitdaratio": 0.0663754711,
        "operatingIncome": 57200000,
        "operatingIncomeRatio": 0.0489893799,
        "totalOtherIncomeExpensesNet": -30500000,
        "incomeBeforeTax": 26700000,
        "incomeBeforeTaxRatio": 0.0228674203,
        "incomeTaxExpense": 3000000,
        "netIncome": 16500000,
        "netIncomeRatio": 0.0141315519,
        "eps": 0.22,
        "epsdiluted": 0.22,
        "weightedAverageShsOut": 108500000,
        "weightedAverageShsOutDil": 109400000,
        "link": "https://www.sec.gov/Archives/edgar/data/97216/000009721616000245/0000097216-16-000245-index.htm",
        "finalLink": "https://www.sec.gov/Archives/edgar/data/97216/000009721616000245/tex201510-k.htm"
    },
    {
        "date": "2015-09-30",
        "symbol": "TEX",
        "reportedCurrency": "USD",
        "cik": "0000097216",
        "fillingDate": "2015-10-23",
        "acceptedDate": "2015-10-23 15:27:45",
        "calendarYear": "2015",
        "period": "Q3",
        "revenue": 1255400000,
        "costOfRevenue": 1003000000,
        "grossProfit": 252400000,
        "grossProfitRatio": 0.2010514577,
        "researchAndDevelopmentExpenses": 0,
        "generalAndAdministrativeExpenses": 0,
        "sellingAndMarketingExpenses": 0,
        "sellingGeneralAndAdministrativeExpenses": 160300000,
        "otherExpenses": 0,
        "operatingExpenses": 160300000,
        "costAndExpenses": 1163300000,
        "interestIncome": 1100000,
        "interestExpense": 24700000,
        "depreciationAndAmortization": 26900000,
        "ebitda": 108500000,
        "ebitdaratio": 0.0864266369,
        "operatingIncome": 92100000,
        "operatingIncomeRatio": 0.0733630715,
        "totalOtherIncomeExpensesNet": -36200000,
        "incomeBeforeTax": 55900000,
        "incomeBeforeTaxRatio": 0.0445276406,
        "incomeTaxExpense": 25600000,
        "netIncome": 43600000,
        "netIncomeRatio": 0.0347299665,
        "eps": 0.28,
        "epsdiluted": 0.28,
        "weightedAverageShsOut": 108500000,
        "weightedAverageShsOutDil": 109200000,
        "link": "https://www.sec.gov/Archives/edgar/data/97216/000009721615000193/0000097216-15-000193-index.htm",
        "finalLink": "https://www.sec.gov/Archives/edgar/data/97216/000009721615000193/tex930201510-q.htm"
    },
    {
        "date": "2015-06-30",
        "symbol": "TEX",
        "reportedCurrency": "USD",
        "cik": "0000097216",
        "fillingDate": "2015-07-30",
        "acceptedDate": "2015-07-30 11:52:40",
        "calendarYear": "2015",
        "period": "Q2",
        "revenue": 1442900000,
        "costOfRevenue": 1140700000,
        "grossProfit": 302200000,
        "grossProfitRatio": 0.2094393236,
        "researchAndDevelopmentExpenses": 0,
        "generalAndAdministrativeExpenses": 0,
        "sellingAndMarketingExpenses": 0,
        "sellingGeneralAndAdministrativeExpenses": 166100000,
        "otherExpenses": 0,
        "operatingExpenses": 166100000,
        "costAndExpenses": 1306800000,
        "interestIncome": 1000000,
        "interestExpense": 27000000,
        "depreciationAndAmortization": 40000000,
        "ebitda": 173600000,
        "ebitdaratio": 0.120313258,
        "operatingIncome": 136100000,
        "operatingIncomeRatio": 0.094323931,
        "totalOtherIncomeExpensesNet": -30400000,
        "incomeBeforeTax": 105700000,
        "incomeBeforeTaxRatio": 0.0732552498,
        "incomeTaxExpense": 29800000,
        "netIncome": 84800000,
        "netIncomeRatio": 0.0587705316,
        "eps": 0.71,
        "epsdiluted": 0.7,
        "weightedAverageShsOut": 106200000,
        "weightedAverageShsOutDil": 109000000,
        "link": "https://www.sec.gov/Archives/edgar/data/97216/000009721615000147/0000097216-15-000147-index.htm",
        "finalLink": "https://www.sec.gov/Archives/edgar/data/97216/000009721615000147/tex630201510-q.htm"
    },
    {
        "date": "2015-03-31",
        "symbol": "TEX",
        "reportedCurrency": "USD",
        "cik": "0000097216",
        "fillingDate": "2015-04-30",
        "acceptedDate": "2015-04-30 11:38:10",
        "calendarYear": "2015",
        "period": "Q1",
        "revenue": 1155800000,
        "costOfRevenue": 954500000,
        "grossProfit": 201300000,
        "grossProfitRatio": 0.1741650805,
        "researchAndDevelopmentExpenses": 0,
        "generalAndAdministrativeExpenses": 0,
        "sellingAndMarketingExpenses": 0,
        "sellingGeneralAndAdministrativeExpenses": 163000000,
        "otherExpenses": 0,
        "operatingExpenses": 163000000,
        "costAndExpenses": 1117500000,
        "interestIncome": 1000000,
        "interestExpense": 28200000,
        "depreciationAndAmortization": 32900000,
        "ebitda": 72500000,
        "ebitdaratio": 0.0627271154,
        "operatingIncome": 38300000,
        "operatingIncomeRatio": 0.033137221,
        "totalOtherIncomeExpensesNet": -30900000,
        "incomeBeforeTax": 7400000,
        "incomeBeforeTaxRatio": 0.0064024918,
        "incomeTaxExpense": 9100000,
        "netIncome": 1000000,
        "netIncomeRatio": 0.0008652016,
        "eps": -0.0151,
        "epsdiluted": -0.0151,
        "weightedAverageShsOut": 106206438,
        "weightedAverageShsOutDil": 106300000,
        "link": "https://www.sec.gov/Archives/edgar/data/97216/000009721615000097/0000097216-15-000097-index.htm",
        "finalLink": "https://www.sec.gov/Archives/edgar/data/97216/000009721615000097/tex331201510-q.htm"
    },
    {
        "date": "2014-12-31",
        "symbol": "TEX",
        "reportedCurrency": "USD",
        "cik": "0000097216",
        "fillingDate": "2015-02-23",
        "acceptedDate": "2015-02-23 11:07:08",
        "calendarYear": "2014",
        "period": "Q4",
        "revenue": 1789400000,
        "costOfRevenue": 1441400000,
        "grossProfit": 348000000,
        "grossProfitRatio": 0.1944785962,
        "researchAndDevelopmentExpenses": 135500000,
        "generalAndAdministrativeExpenses": 0,
        "sellingAndMarketingExpenses": 0,
        "sellingGeneralAndAdministrativeExpenses": 121600000,
        "otherExpenses": 20500000,
        "operatingExpenses": 277600000,
        "costAndExpenses": 1719000000,
        "interestIncome": 1800000,
        "interestExpense": 28200000,
        "depreciationAndAmortization": 37500000,
        "ebitda": 105100000,
        "ebitdaratio": 0.0587347714,
        "operatingIncome": 70400000,
        "operatingIncomeRatio": 0.0393427965,
        "totalOtherIncomeExpensesNet": -31000000,
        "incomeBeforeTax": 39400000,
        "incomeBeforeTaxRatio": 0.0220185537,
        "incomeTaxExpense": -41500000,
        "netIncome": 80000000,
        "netIncomeRatio": 0.0447077233,
        "eps": 0.74,
        "epsdiluted": 0.71,
        "weightedAverageShsOut": 107800000,
        "weightedAverageShsOutDil": 112200000,
        "link": "https://www.sec.gov/Archives/edgar/data/97216/000009721615000030/0000097216-15-000030-index.htm",
        "finalLink": "https://www.sec.gov/Archives/edgar/data/97216/000009721615000030/tex201410-k.htm"
    },
    {
        "date": "2014-09-30",
        "symbol": "TEX",
        "reportedCurrency": "USD",
        "cik": "0000097216",
        "fillingDate": "2014-10-30",
        "acceptedDate": "2014-10-30 15:17:13",
        "calendarYear": "2014",
        "period": "Q3",
        "revenue": 1809800000,
        "costOfRevenue": 1442500000,
        "grossProfit": 367300000,
        "grossProfitRatio": 0.2029506023,
        "researchAndDevelopmentExpenses": 0,
        "generalAndAdministrativeExpenses": 0,
        "sellingAndMarketingExpenses": 0,
        "sellingGeneralAndAdministrativeExpenses": 240500000,
        "otherExpenses": 10000000,
        "operatingExpenses": 250500000,
        "costAndExpenses": 1693000000,
        "interestIncome": 2300000,
        "interestExpense": 28800000,
        "depreciationAndAmortization": 38200000,
        "ebitda": 153400000,
        "ebitdaratio": 0.084760747,
        "operatingIncome": 116800000,
        "operatingIncomeRatio": 0.064537518,
        "totalOtherIncomeExpensesNet": -30400000,
        "incomeBeforeTax": 86400000,
        "incomeBeforeTaxRatio": 0.0477400818,
        "incomeTaxExpense": 27700000,
        "netIncome": 64200000,
        "netIncomeRatio": 0.035473533,
        "eps": 0.53,
        "epsdiluted": 0.51,
        "weightedAverageShsOut": 110200000,
        "weightedAverageShsOutDil": 115400000,
        "link": "https://www.sec.gov/Archives/edgar/data/97216/000009721614000194/0000097216-14-000194-index.htm",
        "finalLink": "https://www.sec.gov/Archives/edgar/data/97216/000009721614000194/tex930201410-q.htm"
    },
    {
        "date": "2014-06-30",
        "symbol": "TEX",
        "reportedCurrency": "USD",
        "cik": "0000097216",
        "fillingDate": "2014-07-24",
        "acceptedDate": "2014-07-24 13:43:18",
        "calendarYear": "2014",
        "period": "Q2",
        "revenue": 2055100000,
        "costOfRevenue": 1631300000,
        "grossProfit": 423800000,
        "grossProfitRatio": 0.2062186755,
        "researchAndDevelopmentExpenses": 0,
        "generalAndAdministrativeExpenses": 0,
        "sellingAndMarketingExpenses": 0,
        "sellingGeneralAndAdministrativeExpenses": 262899999,
        "otherExpenses": 0,
        "operatingExpenses": 262900000,
        "costAndExpenses": 1894200000,
        "interestIncome": 1200000,
        "interestExpense": 31700000,
        "depreciationAndAmortization": 40900000,
        "ebitda": 201000000,
        "ebitdaratio": 0.0978054596,
        "operatingIncome": 160900000,
        "operatingIncomeRatio": 0.0782930271,
        "totalOtherIncomeExpensesNet": -32500000,
        "incomeBeforeTax": 128400000,
        "incomeBeforeTaxRatio": 0.0624787115,
        "incomeTaxExpense": 40000000,
        "netIncome": 139800000,
        "netIncomeRatio": 0.0680258868,
        "eps": 0.8,
        "epsdiluted": 0.76,
        "weightedAverageShsOut": 110300000,
        "weightedAverageShsOutDil": 115800000,
        "link": "https://www.sec.gov/Archives/edgar/data/97216/000009721614000157/0000097216-14-000157-index.htm",
        "finalLink": "https://www.sec.gov/Archives/edgar/data/97216/000009721614000157/tex630201410-q.htm"
    },
    {
        "date": "2014-03-31",
        "symbol": "TEX",
        "reportedCurrency": "USD",
        "cik": "0000097216",
        "fillingDate": "2014-05-01",
        "acceptedDate": "2014-05-01 10:12:20",
        "calendarYear": "2014",
        "period": "Q1",
        "revenue": 1654600000,
        "costOfRevenue": 1321200000,
        "grossProfit": 333400000,
        "grossProfitRatio": 0.2014988517,
        "researchAndDevelopmentExpenses": 0,
        "generalAndAdministrativeExpenses": 0,
        "sellingAndMarketingExpenses": 0,
        "sellingGeneralAndAdministrativeExpenses": 258399999,
        "otherExpenses": 0,
        "operatingExpenses": 258400000,
        "costAndExpenses": 1579600000,
        "interestIncome": 1300000,
        "interestExpense": 30400000,
        "depreciationAndAmortization": 39100000,
        "ebitda": 112500000,
        "ebitdaratio": 0.067992264,
        "operatingIncome": 75000000,
        "operatingIncomeRatio": 0.045328176,
        "totalOtherIncomeExpensesNet": -32000000,
        "incomeBeforeTax": 43000000,
        "incomeBeforeTaxRatio": 0.0259881542,
        "incomeTaxExpense": 11500000,
        "netIncome": 35000000,
        "netIncomeRatio": 0.0211531488,
        "eps": 0.29,
        "epsdiluted": 0.28,
        "weightedAverageShsOut": 110800000,
        "weightedAverageShsOutDil": 117300000,
        "link": "https://www.sec.gov/Archives/edgar/data/97216/000009721614000103/0000097216-14-000103-index.htm",
        "finalLink": "https://www.sec.gov/Archives/edgar/data/97216/000009721614000103/tex331201410-q.htm"
    },
    {
        "date": "2013-12-31",
        "symbol": "TEX",
        "reportedCurrency": "USD",
        "cik": "0000097216",
        "fillingDate": "2014-02-25",
        "acceptedDate": "2014-02-24 21:44:41",
        "calendarYear": "2013",
        "period": "Q4",
        "revenue": 1811800000,
        "costOfRevenue": 1415100000,
        "grossProfit": 396700000,
        "grossProfitRatio": 0.2189535269,
        "researchAndDevelopmentExpenses": 85300000,
        "generalAndAdministrativeExpenses": 0,
        "sellingAndMarketingExpenses": 0,
        "sellingGeneralAndAdministrativeExpenses": 155200000,
        "otherExpenses": 24800000,
        "operatingExpenses": 265300000,
        "costAndExpenses": 1680400000,
        "interestIncome": 1700000,
        "interestExpense": 29500000,
        "depreciationAndAmortization": 34700000,
        "ebitda": 163800000,
        "ebitdaratio": 0.0904073297,
        "operatingIncome": 131400000,
        "operatingIncomeRatio": 0.0725245612,
        "totalOtherIncomeExpensesNet": -25400000,
        "incomeBeforeTax": 106000000,
        "incomeBeforeTaxRatio": 0.0585053538,
        "incomeTaxExpense": 22300000,
        "netIncome": 86400000,
        "netIncomeRatio": 0.0476873827,
        "eps": 0.76,
        "epsdiluted": 0.73,
        "weightedAverageShsOut": 111300000,
        "weightedAverageShsOutDil": 117400000,
        "link": "https://www.sec.gov/Archives/edgar/data/97216/000009721614000027/0000097216-14-000027-index.htm",
        "finalLink": "https://www.sec.gov/Archives/edgar/data/97216/000009721614000027/tex201310-k.htm"
    },
    {
        "date": "2013-09-30",
        "symbol": "TEX",
        "reportedCurrency": "USD",
        "cik": "0000097216",
        "fillingDate": "2013-10-25",
        "acceptedDate": "2013-10-25 15:53:44",
        "calendarYear": "2013",
        "period": "Q3",
        "revenue": 1757000000,
        "costOfRevenue": 1375600000,
        "grossProfit": 381400000,
        "grossProfitRatio": 0.2170745589,
        "researchAndDevelopmentExpenses": 0,
        "generalAndAdministrativeExpenses": 0,
        "sellingAndMarketingExpenses": 0,
        "sellingGeneralAndAdministrativeExpenses": 242800000,
        "otherExpenses": 0,
        "operatingExpenses": 242800000,
        "costAndExpenses": 1618400000,
        "interestIncome": 1500000,
        "interestExpense": 31800000,
        "depreciationAndAmortization": 39300000,
        "ebitda": 177700000,
        "ebitdaratio": 0.1011383039,
        "operatingIncome": 138600000,
        "operatingIncomeRatio": 0.0788844622,
        "totalOtherIncomeExpensesNet": -32000000,
        "incomeBeforeTax": 106600000,
        "incomeBeforeTaxRatio": 0.0606715993,
        "incomeTaxExpense": 22800000,
        "netIncome": 94400000,
        "netIncomeRatio": 0.0537279454,
        "eps": 0.76,
        "epsdiluted": 0.73,
        "weightedAverageShsOut": 111300000,
        "weightedAverageShsOutDil": 116200000,
        "link": "https://www.sec.gov/Archives/edgar/data/97216/000009721613000221/0000097216-13-000221-index.htm",
        "finalLink": "https://www.sec.gov/Archives/edgar/data/97216/000009721613000221/tex930201310-q.htm"
    },
    {
        "date": "2013-06-30",
        "symbol": "TEX",
        "reportedCurrency": "USD",
        "cik": "0000097216",
        "fillingDate": "2013-07-26",
        "acceptedDate": "2013-07-26 16:15:21",
        "calendarYear": "2013",
        "period": "Q2",
        "revenue": 1861500000,
        "costOfRevenue": 1495300000,
        "grossProfit": 366200000,
        "grossProfitRatio": 0.1967230728,
        "researchAndDevelopmentExpenses": 0,
        "generalAndAdministrativeExpenses": 0,
        "sellingAndMarketingExpenses": 0,
        "sellingGeneralAndAdministrativeExpenses": 290200000,
        "otherExpenses": 0,
        "operatingExpenses": 290200000,
        "costAndExpenses": 1785500000,
        "interestIncome": 1800000,
        "interestExpense": 31400000,
        "depreciationAndAmortization": 39900000,
        "ebitda": 117700000,
        "ebitdaratio": 0.0632285791,
        "operatingIncome": 96500000,
        "operatingIncomeRatio": 0.051839914,
        "totalOtherIncomeExpensesNet": -50100000,
        "incomeBeforeTax": 46400000,
        "incomeBeforeTaxRatio": 0.0249261348,
        "incomeTaxExpense": 27700000,
        "netIncome": 20400000,
        "netIncomeRatio": 0.0109589041,
        "eps": 0.18,
        "epsdiluted": 0.17,
        "weightedAverageShsOut": 111200000,
        "weightedAverageShsOutDil": 115800000,
        "link": "https://www.sec.gov/Archives/edgar/data/97216/000009721613000178/0000097216-13-000178-index.htm",
        "finalLink": "https://www.sec.gov/Archives/edgar/data/97216/000009721613000178/tex630201310-q.htm"
    },
    {
        "date": "2013-03-31",
        "symbol": "TEX",
        "reportedCurrency": "USD",
        "cik": "0000097216",
        "fillingDate": "2013-04-26",
        "acceptedDate": "2013-04-26 17:28:55",
        "calendarYear": "2013",
        "period": "Q1",
        "revenue": 1653700000,
        "costOfRevenue": 1332500000,
        "grossProfit": 321200000,
        "grossProfitRatio": 0.1942311181,
        "researchAndDevelopmentExpenses": 0,
        "generalAndAdministrativeExpenses": 0,
        "sellingAndMarketingExpenses": 0,
        "sellingGeneralAndAdministrativeExpenses": 257200000,
        "otherExpenses": 0,
        "operatingExpenses": 257200000,
        "costAndExpenses": 1589700000,
        "interestIncome": 1700000,
        "interestExpense": 33400000,
        "depreciationAndAmortization": 38400000,
        "ebitda": 104100000,
        "ebitdaratio": 0.062949749,
        "operatingIncome": 65599999,
        "operatingIncomeRatio": 0.0396686213,
        "totalOtherIncomeExpensesNet": -33300000,
        "incomeBeforeTax": 32299999,
        "incomeBeforeTaxRatio": 0.019531958,
        "incomeTaxExpense": 14600000,
        "netIncome": 19300000,
        "netIncomeRatio": 0.0116707988,
        "eps": 0.17,
        "epsdiluted": 0.17,
        "weightedAverageShsOut": 110800000,
        "weightedAverageShsOutDil": 116100000,
        "link": "https://www.sec.gov/Archives/edgar/data/97216/000009721613000127/0000097216-13-000127-index.htm",
        "finalLink": "https://www.sec.gov/Archives/edgar/data/97216/000009721613000127/tex331201310-q.htm"
    },
    {
        "date": "2012-12-31",
        "symbol": "TEX",
        "reportedCurrency": "USD",
        "cik": "0000097216",
        "fillingDate": "2013-02-28",
        "acceptedDate": "2013-02-27 21:40:18",
        "calendarYear": "2012",
        "period": "Q4",
        "revenue": 1329300000,
        "costOfRevenue": 1058800000,
        "grossProfit": 270500000,
        "grossProfitRatio": 0.2034905589,
        "researchAndDevelopmentExpenses": 71700000,
        "generalAndAdministrativeExpenses": 0,
        "sellingAndMarketingExpenses": 0,
        "sellingGeneralAndAdministrativeExpenses": 175600000,
        "otherExpenses": 0,
        "operatingExpenses": 294500000,
        "costAndExpenses": 1353300000,
        "interestIncome": 2400000,
        "interestExpense": 34600000,
        "depreciationAndAmortization": 40700000,
        "ebitda": 38800000,
        "ebitdaratio": 0.0291882946,
        "operatingIncome": 23200000,
        "operatingIncomeRatio": 0.0174527947,
        "totalOtherIncomeExpensesNet": -89000000,
        "incomeBeforeTax": -65800000,
        "incomeBeforeTaxRatio": -0.0494997367,
        "incomeTaxExpense": 10200000,
        "netIncome": -57300000,
        "netIncomeRatio": -0.0431053938,
        "eps": -0.52,
        "epsdiluted": -0.52,
        "weightedAverageShsOut": 110500000,
        "weightedAverageShsOutDil": 110500000,
        "link": "https://www.sec.gov/Archives/edgar/data/97216/000009721613000040/0000097216-13-000040-index.htm",
        "finalLink": "https://www.sec.gov/Archives/edgar/data/97216/000009721613000040/tex201210-k.htm"
    },
    {
        "date": "2012-09-30",
        "symbol": "TEX",
        "reportedCurrency": "USD",
        "cik": "0000097216",
        "fillingDate": "2012-10-29",
        "acceptedDate": "2012-10-29 14:05:59",
        "calendarYear": "2012",
        "period": "Q3",
        "revenue": 1822000000,
        "costOfRevenue": 1443400000,
        "grossProfit": 378600000,
        "grossProfitRatio": 0.2077936334,
        "researchAndDevelopmentExpenses": 0,
        "generalAndAdministrativeExpenses": 0,
        "sellingAndMarketingExpenses": 0,
        "sellingGeneralAndAdministrativeExpenses": 246700000,
        "otherExpenses": 0,
        "operatingExpenses": 246700000,
        "costAndExpenses": 1690100000,
        "interestIncome": 1300000,
        "interestExpense": 42600000,
        "depreciationAndAmortization": 35700000,
        "ebitda": 115400000,
        "ebitdaratio": 0.0633369923,
        "operatingIncome": 131900000,
        "operatingIncomeRatio": 0.0723929748,
        "totalOtherIncomeExpensesNet": -94800000,
        "incomeBeforeTax": 37100000,
        "incomeBeforeTaxRatio": 0.0203622393,
        "incomeTaxExpense": 8800000,
        "netIncome": 30200000,
        "netIncomeRatio": 0.0165751921,
        "eps": 0.27,
        "epsdiluted": 0.27,
        "weightedAverageShsOut": 110500000,
        "weightedAverageShsOutDil": 113300000,
        "link": "https://www.sec.gov/Archives/edgar/data/97216/000009721612000244/0000097216-12-000244-index.htm",
        "finalLink": "https://www.sec.gov/Archives/edgar/data/97216/000009721612000244/tex930201210-q.htm"
    },
    {
        "date": "2012-06-30",
        "symbol": "TEX",
        "reportedCurrency": "USD",
        "cik": "0000097216",
        "fillingDate": "2012-08-07",
        "acceptedDate": "2012-08-06 19:02:49",
        "calendarYear": "2012",
        "period": "Q2",
        "revenue": 2011500000,
        "costOfRevenue": 1582900000,
        "grossProfit": 428600000,
        "grossProfitRatio": 0.2130748198,
        "researchAndDevelopmentExpenses": 0,
        "generalAndAdministrativeExpenses": 0,
        "sellingAndMarketingExpenses": 0,
        "sellingGeneralAndAdministrativeExpenses": 253600000,
        "otherExpenses": 0,
        "operatingExpenses": 253600000,
        "costAndExpenses": 1836500000,
        "interestIncome": 2500000,
        "interestExpense": 46900000,
        "depreciationAndAmortization": 37800000,
        "ebitda": 209300000,
        "ebitdaratio": 0.1040517027,
        "operatingIncome": 175000000,
        "operatingIncomeRatio": 0.0869997514,
        "totalOtherIncomeExpensesNet": -50400000,
        "incomeBeforeTax": 124600000,
        "incomeBeforeTaxRatio": 0.061943823,
        "incomeTaxExpense": 44100000,
        "netIncome": 85900000,
        "netIncomeRatio": 0.0427044494,
        "eps": 0.78,
        "epsdiluted": 0.77,
        "weightedAverageShsOut": 110400000,
        "weightedAverageShsOutDil": 111400000,
        "link": "https://www.sec.gov/Archives/edgar/data/97216/000009721612000195/0000097216-12-000195-index.htm",
        "finalLink": "https://www.sec.gov/Archives/edgar/data/97216/000009721612000195/tex630201210-q.htm"
    },
    {
        "date": "2012-03-31",
        "symbol": "TEX",
        "reportedCurrency": "USD",
        "cik": "0000097216",
        "fillingDate": "2012-04-30",
        "acceptedDate": "2012-04-30 13:50:06",
        "calendarYear": "2012",
        "period": "Q1",
        "revenue": 1819400000,
        "costOfRevenue": 1488600000,
        "grossProfit": 330800000,
        "grossProfitRatio": 0.1818181818,
        "researchAndDevelopmentExpenses": 0,
        "generalAndAdministrativeExpenses": 0,
        "sellingAndMarketingExpenses": 0,
        "sellingGeneralAndAdministrativeExpenses": 267000000,
        "otherExpenses": 0,
        "operatingExpenses": 267000000,
        "costAndExpenses": 1755600000,
        "interestIncome": 2600000,
        "interestExpense": 40500000,
        "depreciationAndAmortization": 38800000,
        "ebitda": 109700000,
        "ebitdaratio": 0.0602946026,
        "operatingIncome": 63800000,
        "operatingIncomeRatio": 0.0350665054,
        "totalOtherIncomeExpensesNet": -33400000,
        "incomeBeforeTax": 30400000,
        "incomeBeforeTaxRatio": 0.0167088051,
        "incomeTaxExpense": 8800000,
        "netIncome": 23000000,
        "netIncomeRatio": 0.0126415302,
        "eps": 0.21,
        "epsdiluted": 0.2,
        "weightedAverageShsOut": 109900000,
        "weightedAverageShsOutDil": 114300000,
        "link": "https://www.sec.gov/Archives/edgar/data/97216/000009721612000137/0000097216-12-000137-index.htm",
        "finalLink": "https://www.sec.gov/Archives/edgar/data/97216/000009721612000137/tex331201210-q.htm"
    },
    {
        "date": "2011-12-31",
        "symbol": "TEX",
        "reportedCurrency": "USD",
        "cik": "0000097216",
        "fillingDate": "2012-02-29",
        "acceptedDate": "2012-02-29 12:07:35",
        "calendarYear": "2011",
        "period": "Q4",
        "revenue": 1956600000,
        "costOfRevenue": 1653100000,
        "grossProfit": 303500000,
        "grossProfitRatio": 0.1551160176,
        "researchAndDevelopmentExpenses": 0,
        "generalAndAdministrativeExpenses": 0,
        "sellingAndMarketingExpenses": 0,
        "sellingGeneralAndAdministrativeExpenses": 271500000,
        "otherExpenses": 0,
        "operatingExpenses": 271500000,
        "costAndExpenses": 1924600000,
        "interestIncome": 6000000,
        "interestExpense": 41700000,
        "depreciationAndAmortization": 37300000,
        "ebitda": 69500000,
        "ebitdaratio": 0.0355208014,
        "operatingIncome": 32000000,
        "operatingIncomeRatio": 0.0163549014,
        "totalOtherIncomeExpensesNet": -39700000,
        "incomeBeforeTax": -8600000,
        "incomeBeforeTaxRatio": -0.0043953797,
        "incomeTaxExpense": -5100000,
        "netIncome": -2700000,
        "netIncomeRatio": -0.0013799448,
        "eps": -0.0246,
        "epsdiluted": -0.0246,
        "weightedAverageShsOut": 109700000,
        "weightedAverageShsOutDil": 109700000,
        "link": "https://www.sec.gov/Archives/edgar/data/97216/000009721612000047/0000097216-12-000047-index.htm",
        "finalLink": "https://www.sec.gov/Archives/edgar/data/97216/000009721612000047/tex201110-k.htm"
    },
    {
        "date": "2011-09-30",
        "symbol": "TEX",
        "reportedCurrency": "USD",
        "cik": "0000097216",
        "fillingDate": "2011-11-04",
        "acceptedDate": "2011-11-03 20:13:23",
        "calendarYear": "2011",
        "period": "Q3",
        "revenue": 1803600000,
        "costOfRevenue": 1528000000,
        "grossProfit": 275600000,
        "grossProfitRatio": 0.1528055001,
        "researchAndDevelopmentExpenses": 0,
        "generalAndAdministrativeExpenses": 0,
        "sellingAndMarketingExpenses": 0,
        "sellingGeneralAndAdministrativeExpenses": 223000000,
        "otherExpenses": 0,
        "operatingExpenses": 223000000,
        "costAndExpenses": 1751000000,
        "interestIncome": 3200000,
        "interestExpense": 37100000,
        "depreciationAndAmortization": 36200000,
        "ebitda": 140600000,
        "ebitdaratio": 0.0779552007,
        "operatingIncome": 52600000,
        "operatingIncomeRatio": 0.0291638944,
        "totalOtherIncomeExpensesNet": 14700000,
        "incomeBeforeTax": 67300000,
        "incomeBeforeTaxRatio": 0.0373142604,
        "incomeTaxExpense": 34200000,
        "netIncome": 36900000,
        "netIncomeRatio": 0.0204590818,
        "eps": 0.34,
        "epsdiluted": 0.34,
        "weightedAverageShsOut": 109600000,
        "weightedAverageShsOutDil": 110300000,
        "link": "https://www.sec.gov/Archives/edgar/data/97216/000009721611000273/0000097216-11-000273-index.htm",
        "finalLink": "https://www.sec.gov/Archives/edgar/data/97216/000009721611000273/tex-93011x10q.htm"
    },
    {
        "date": "2011-06-30",
        "symbol": "TEX",
        "reportedCurrency": "USD",
        "cik": "0000097216",
        "fillingDate": "2011-08-01",
        "acceptedDate": "2011-07-29 21:52:29",
        "calendarYear": "2011",
        "period": "Q2",
        "revenue": 1488200000,
        "costOfRevenue": 1273300000,
        "grossProfit": 214900000,
        "grossProfitRatio": 0.1444026341,
        "researchAndDevelopmentExpenses": 0,
        "generalAndAdministrativeExpenses": 0,
        "sellingAndMarketingExpenses": 0,
        "sellingGeneralAndAdministrativeExpenses": 208100000,
        "otherExpenses": 0,
        "operatingExpenses": 208100000,
        "costAndExpenses": 1481400000,
        "interestIncome": 3000000,
        "interestExpense": 27900000,
        "depreciationAndAmortization": 26900000,
        "ebitda": 71300000,
        "ebitdaratio": 0.0479102271,
        "operatingIncome": 6800000,
        "operatingIncomeRatio": 0.0045692783,
        "totalOtherIncomeExpensesNet": 9700000,
        "incomeBeforeTax": 16500000,
        "incomeBeforeTaxRatio": 0.0110872195,
        "incomeTaxExpense": 16300000,
        "netIncome": -500000,
        "netIncomeRatio": -0.0003359763,
        "eps": -0.0046,
        "epsdiluted": -0.0044,
        "weightedAverageShsOut": 109500000,
        "weightedAverageShsOutDil": 114800000,
        "link": "https://www.sec.gov/Archives/edgar/data/97216/000009721611000212/0000097216-11-000212-index.htm",
        "finalLink": "https://www.sec.gov/Archives/edgar/data/97216/000009721611000212/tex-63011x10q.htm"
    },
    {
        "date": "2011-03-31",
        "symbol": "TEX",
        "reportedCurrency": "USD",
        "cik": "0000097216",
        "fillingDate": "2011-04-28",
        "acceptedDate": "2011-04-28 15:10:34",
        "calendarYear": "2011",
        "period": "Q1",
        "revenue": 1256200000,
        "costOfRevenue": 1089000000,
        "grossProfit": 167200000,
        "grossProfitRatio": 0.1330998249,
        "researchAndDevelopmentExpenses": 0,
        "generalAndAdministrativeExpenses": 0,
        "sellingAndMarketingExpenses": 0,
        "sellingGeneralAndAdministrativeExpenses": 176500000,
        "otherExpenses": 0,
        "operatingExpenses": 176500000,
        "costAndExpenses": 1265500000,
        "interestIncome": 2100000,
        "interestExpense": 28200000,
        "depreciationAndAmortization": 26200000,
        "ebitda": 64600000,
        "ebitdaratio": 0.0514249323,
        "operatingIncome": -9300000,
        "operatingIncomeRatio": -0.0074032797,
        "totalOtherIncomeExpensesNet": 19500000,
        "incomeBeforeTax": 10200000,
        "incomeBeforeTaxRatio": 0.0081197262,
        "incomeTaxExpense": 6000000,
        "netIncome": 11700000,
        "netIncomeRatio": 0.0093138035,
        "eps": 0.11,
        "epsdiluted": 0.1,
        "weightedAverageShsOut": 109200000,
        "weightedAverageShsOutDil": 116600000,
        "link": "https://www.sec.gov/Archives/edgar/data/97216/000009721611000142/0000097216-11-000142-index.htm",
        "finalLink": "https://www.sec.gov/Archives/edgar/data/97216/000009721611000142/tex3311110q.htm"
    },
    {
        "date": "2010-12-31",
        "symbol": "TEX",
        "reportedCurrency": "USD",
        "cik": "0000097216",
        "fillingDate": "2011-02-18",
        "acceptedDate": "2011-02-18 10:16:37",
        "calendarYear": "2010",
        "period": "Q4",
        "revenue": 1326600000,
        "costOfRevenue": 1141000000,
        "grossProfit": 185600000,
        "grossProfitRatio": 0.139906528,
        "researchAndDevelopmentExpenses": 0,
        "generalAndAdministrativeExpenses": 0,
        "sellingAndMarketingExpenses": 0,
        "sellingGeneralAndAdministrativeExpenses": 186100000,
        "otherExpenses": 0,
        "operatingExpenses": 186100000,
        "costAndExpenses": 1327100000,
        "interestIncome": 3900000,
        "interestExpense": 38000000,
        "depreciationAndAmortization": 30500000,
        "ebitda": 30900000,
        "ebitdaratio": 0.0232926278,
        "operatingIncome": -500000,
        "operatingIncomeRatio": -0.0003769034,
        "totalOtherIncomeExpensesNet": -37100000,
        "incomeBeforeTax": -37600000,
        "incomeBeforeTaxRatio": -0.0283431328,
        "incomeTaxExpense": -4900000,
        "netIncome": -45300000,
        "netIncomeRatio": -0.0341474446,
        "eps": -0.41,
        "epsdiluted": -0.39,
        "weightedAverageShsOut": 109200000,
        "weightedAverageShsOutDil": 116600000,
        "link": "https://www.sec.gov/Archives/edgar/data/97216/000110465911008249/0001104659-11-008249-index.htm",
        "finalLink": "https://www.sec.gov/Archives/edgar/data/97216/000110465911008249/a11-2438_110k.htm"
    },
    {
        "date": "2010-09-30",
        "symbol": "TEX",
        "reportedCurrency": "USD",
        "cik": "0000097216",
        "fillingDate": "2010-11-02",
        "acceptedDate": "2010-11-01 19:50:24",
        "calendarYear": "2010",
        "period": "Q3",
        "revenue": 1075800000,
        "costOfRevenue": 912000000,
        "grossProfit": 163800000,
        "grossProfitRatio": 0.1522587842,
        "researchAndDevelopmentExpenses": 0,
        "generalAndAdministrativeExpenses": 0,
        "sellingAndMarketingExpenses": 0,
        "sellingGeneralAndAdministrativeExpenses": 160800000,
        "otherExpenses": 0,
        "operatingExpenses": 160800000,
        "costAndExpenses": 1072800000,
        "interestIncome": 2800000,
        "interestExpense": 36100000,
        "depreciationAndAmortization": 24900000,
        "ebitda": 9800000,
        "ebitdaratio": 0.0091094999,
        "operatingIncome": 3000000,
        "operatingIncomeRatio": 0.0027886224,
        "totalOtherIncomeExpensesNet": -54800000,
        "incomeBeforeTax": -51800000,
        "incomeBeforeTaxRatio": -0.0481502138,
        "incomeTaxExpense": 36300000,
        "netIncome": -94100000,
        "netIncomeRatio": -0.0874697899,
        "eps": -0.86,
        "epsdiluted": -0.86,
        "weightedAverageShsOut": 108800000,
        "weightedAverageShsOutDil": 108800000,
        "link": "https://www.sec.gov/Archives/edgar/data/97216/000009721610000205/0000097216-10-000205-index.htm",
        "finalLink": "https://www.sec.gov/Archives/edgar/data/97216/000009721610000205/f10q09302010.htm"
    },
    {
        "date": "2010-06-30",
        "symbol": "TEX",
        "reportedCurrency": "USD",
        "cik": "0000097216",
        "fillingDate": "2010-06-30",
        "acceptedDate": "2010-06-29 20:00:00",
        "calendarYear": "2010",
        "period": "Q2",
        "revenue": 1079900000,
        "costOfRevenue": 925000000,
        "grossProfit": 154900000,
        "grossProfitRatio": 0.1434392073,
        "researchAndDevelopmentExpenses": 0,
        "generalAndAdministrativeExpenses": 0,
        "sellingAndMarketingExpenses": 0,
        "sellingGeneralAndAdministrativeExpenses": 165300000,
        "otherExpenses": 0,
        "operatingExpenses": 165300000,
        "costAndExpenses": 1090300000,
        "interestIncome": 2000000,
        "interestExpense": 35400000,
        "depreciationAndAmortization": 22200000,
        "ebitda": 22300000,
        "ebitdaratio": 0.0206500602,
        "operatingIncome": -10400000,
        "operatingIncomeRatio": -0.0096305213,
        "totalOtherIncomeExpensesNet": -24900000,
        "incomeBeforeTax": -35300000,
        "incomeBeforeTaxRatio": -0.0326882119,
        "incomeTaxExpense": -23600000,
        "netIncome": -40300000,
        "netIncomeRatio": -0.0373182702,
        "eps": -0.37,
        "epsdiluted": -0.37,
        "weightedAverageShsOut": 108700000,
        "weightedAverageShsOutDil": 108700000,
        "link": "",
        "finalLink": ""
    },
    {
        "date": "2010-03-31",
        "symbol": "TEX",
        "reportedCurrency": "USD",
        "cik": "0000097216",
        "fillingDate": "2010-04-30",
        "acceptedDate": "2010-04-30 11:48:24",
        "calendarYear": "2010",
        "period": "Q1",
        "revenue": 935900000,
        "costOfRevenue": 837400000,
        "grossProfit": 98500000,
        "grossProfitRatio": 0.105246287,
        "researchAndDevelopmentExpenses": 0,
        "generalAndAdministrativeExpenses": 0,
        "sellingAndMarketingExpenses": 0,
        "sellingGeneralAndAdministrativeExpenses": 165000000,
        "otherExpenses": 0,
        "operatingExpenses": 165000000,
        "costAndExpenses": 1002400000,
        "interestIncome": 1100000,
        "interestExpense": 35900000,
        "depreciationAndAmortization": 27200000,
        "ebitda": -51100000,
        "ebitdaratio": -0.0545998504,
        "operatingIncome": -66500000,
        "operatingIncomeRatio": -0.0710545999,
        "totalOtherIncomeExpensesNet": -47700000,
        "incomeBeforeTax": -114200000,
        "incomeBeforeTaxRatio": -0.1220215835,
        "incomeTaxExpense": -36900000,
        "netIncome": 539900000,
        "netIncomeRatio": 0.5768778716,
        "eps": 4.98,
        "epsdiluted": 4.98,
        "weightedAverageShsOut": 108400000,
        "weightedAverageShsOutDil": 108400000,
        "link": "https://www.sec.gov/Archives/edgar/data/97216/000009721610000110/0000097216-10-000110-index.htm",
        "finalLink": "https://www.sec.gov/Archives/edgar/data/97216/000009721610000110/f10q03312010.htm"
    },
    {
        "date": "2009-12-31",
        "symbol": "TEX",
        "reportedCurrency": "USD",
        "cik": "0000097216",
        "fillingDate": "2010-02-24",
        "acceptedDate": "2010-02-24 15:30:29",
        "calendarYear": "2009",
        "period": "Q4",
        "revenue": 194200000,
        "costOfRevenue": 301300000,
        "grossProfit": -107100000,
        "grossProfitRatio": -0.5514933059,
        "researchAndDevelopmentExpenses": 0,
        "generalAndAdministrativeExpenses": 0,
        "sellingAndMarketingExpenses": 0,
        "sellingGeneralAndAdministrativeExpenses": 100100000,
        "otherExpenses": 0,
        "operatingExpenses": 100100000,
        "costAndExpenses": 401400000,
        "interestIncome": 1400000,
        "interestExpense": 38000000,
        "depreciationAndAmortization": 19800000,
        "ebitda": -190000000,
        "ebitdaratio": -0.9783728115,
        "operatingIncome": -207200000,
        "operatingIncomeRatio": -1.0669412976,
        "totalOtherIncomeExpensesNet": -40600000,
        "incomeBeforeTax": -247800000,
        "incomeBeforeTaxRatio": -1.2760041195,
        "incomeTaxExpense": -52800000,
        "netIncome": -142800000,
        "netIncomeRatio": -0.7353244078,
        "eps": -1.32,
        "epsdiluted": -1.32,
        "weightedAverageShsOut": 108300000,
        "weightedAverageShsOutDil": 108400000,
        "link": "https://www.sec.gov/Archives/edgar/data/97216/000110465910009153/0001104659-10-009153-index.htm",
        "finalLink": "https://www.sec.gov/Archives/edgar/data/97216/000110465910009153/a10-4350_110k.htm"
    },
    {
        "date": "2009-09-30",
        "symbol": "TEX",
        "reportedCurrency": "USD",
        "cik": "0000097216",
        "fillingDate": "2009-10-29",
        "acceptedDate": "2009-10-29 16:05:22",
        "calendarYear": "2009",
        "period": "Q3",
        "revenue": 1226100000,
        "costOfRevenue": 1116500000,
        "grossProfit": 109600000,
        "grossProfitRatio": 0.08938912,
        "researchAndDevelopmentExpenses": 0,
        "generalAndAdministrativeExpenses": 0,
        "sellingAndMarketingExpenses": 0,
        "sellingGeneralAndAdministrativeExpenses": 204100000,
        "otherExpenses": 0,
        "operatingExpenses": 204100000,
        "costAndExpenses": 1320600000,
        "interestIncome": 1400000,
        "interestExpense": 32600000,
        "depreciationAndAmortization": 24200000,
        "ebitda": -76300000,
        "ebitdaratio": -0.0622298344,
        "operatingIncome": -94500000,
        "operatingIncomeRatio": -0.0770736482,
        "totalOtherIncomeExpensesNet": -26600000,
        "incomeBeforeTax": -126900000,
        "incomeBeforeTaxRatio": -0.1034988989,
        "incomeTaxExpense": -24500000,
        "netIncome": -103100000,
        "netIncomeRatio": -0.0840877579,
        "eps": -0.95,
        "epsdiluted": -0.95,
        "weightedAverageShsOut": 108100000,
        "weightedAverageShsOutDil": 108100000,
        "link": "https://www.sec.gov/Archives/edgar/data/97216/000009721609000219/0000097216-09-000219-index.htm",
        "finalLink": "https://www.sec.gov/Archives/edgar/data/97216/000009721609000219/f10q093009.htm"
    },
    {
        "date": "2009-06-30",
        "symbol": "TEX",
        "reportedCurrency": "USD",
        "cik": "0000097216",
        "fillingDate": "2009-07-30",
        "acceptedDate": "2009-07-30 16:22:44",
        "calendarYear": "2009",
        "period": "Q2",
        "revenue": 1320200000,
        "costOfRevenue": 1192300000,
        "grossProfit": 127900000,
        "grossProfitRatio": 0.0968792607,
        "researchAndDevelopmentExpenses": 0,
        "generalAndAdministrativeExpenses": 0,
        "sellingAndMarketingExpenses": 0,
        "sellingGeneralAndAdministrativeExpenses": 213600000,
        "otherExpenses": 0,
        "operatingExpenses": 213600000,
        "costAndExpenses": 1405900000,
        "interestIncome": 900000,
        "interestExpense": 25300000,
        "depreciationAndAmortization": 18800000,
        "ebitda": -94600000,
        "ebitdaratio": -0.0716558097,
        "operatingIncome": -85700000,
        "operatingIncomeRatio": -0.0649144069,
        "totalOtherIncomeExpensesNet": 6600000,
        "incomeBeforeTax": -108500000,
        "incomeBeforeTaxRatio": -0.0821845175,
        "incomeTaxExpense": -30800000,
        "netIncome": -77700000,
        "netIncomeRatio": -0.058854719,
        "eps": -0.78,
        "epsdiluted": -0.78,
        "weightedAverageShsOut": 99100000,
        "weightedAverageShsOutDil": 99100000,
        "link": "https://www.sec.gov/Archives/edgar/data/97216/000009721609000168/0000097216-09-000168-index.htm",
        "finalLink": "https://www.sec.gov/Archives/edgar/data/97216/000009721609000168/f10q063009.htm"
    },
    {
        "date": "2009-03-31",
        "symbol": "TEX",
        "reportedCurrency": "USD",
        "cik": "0000097216",
        "fillingDate": "2009-04-30",
        "acceptedDate": "2009-04-30 14:58:19",
        "calendarYear": "2009",
        "period": "Q1",
        "revenue": 1302600000,
        "costOfRevenue": 1158100000,
        "grossProfit": 144500000,
        "grossProfitRatio": 0.1109319822,
        "researchAndDevelopmentExpenses": 0,
        "generalAndAdministrativeExpenses": 0,
        "sellingAndMarketingExpenses": 0,
        "sellingGeneralAndAdministrativeExpenses": 217000000,
        "otherExpenses": 0,
        "operatingExpenses": 217000000,
        "costAndExpenses": 1375100000,
        "interestIncome": 1200000,
        "interestExpense": 23500000,
        "depreciationAndAmortization": 21400000,
        "ebitda": -91700000,
        "ebitdaratio": -0.0703976662,
        "operatingIncome": -72500000,
        "operatingIncomeRatio": -0.0556579149,
        "totalOtherIncomeExpensesNet": 12500000,
        "incomeBeforeTax": -98500000,
        "incomeBeforeTaxRatio": -0.0756179948,
        "incomeTaxExpense": -24000000,
        "netIncome": -74900000,
        "netIncomeRatio": -0.0575003838,
        "eps": -0.79,
        "epsdiluted": -0.79,
        "weightedAverageShsOut": 94800000,
        "weightedAverageShsOutDil": 94800000,
        "link": "https://www.sec.gov/Archives/edgar/data/97216/000009721609000110/0000097216-09-000110-index.htm",
        "finalLink": "https://www.sec.gov/Archives/edgar/data/97216/000009721609000110/f10q033109.htm"
    },
    {
        "date": "2008-12-31",
        "symbol": "TEX",
        "reportedCurrency": "USD",
        "cik": "0000097216",
        "fillingDate": "2009-02-27",
        "acceptedDate": "2009-02-26 18:07:01",
        "calendarYear": "2008",
        "period": "Q4",
        "revenue": 2076400000,
        "costOfRevenue": 1760100000,
        "grossProfit": 316300000,
        "grossProfitRatio": 0.1523309574,
        "researchAndDevelopmentExpenses": 0,
        "generalAndAdministrativeExpenses": 0,
        "sellingAndMarketingExpenses": 0,
        "sellingGeneralAndAdministrativeExpenses": 248200000,
        "otherExpenses": 0,
        "operatingExpenses": 248200000,
        "costAndExpenses": 2008300000,
        "interestIncome": 0,
        "interestExpense": 0,
        "depreciationAndAmortization": 23800000,
        "ebitda": -353400000,
        "ebitdaratio": -0.1701984203,
        "operatingIncome": -391800000,
        "operatingIncomeRatio": -0.1886919669,
        "totalOtherIncomeExpensesNet": -32400000,
        "incomeBeforeTax": -424200000,
        "incomeBeforeTaxRatio": -0.2042958967,
        "incomeTaxExpense": -2700000,
        "netIncome": -421500000,
        "netIncomeRatio": -0.2029955693,
        "eps": -4.45,
        "epsdiluted": -4.45,
        "weightedAverageShsOut": 94800000,
        "weightedAverageShsOutDil": 94800000,
        "link": "https://www.sec.gov/Archives/edgar/data/97216/000114420409011131/0001144204-09-011131-index.htm",
        "finalLink": "https://www.sec.gov/Archives/edgar/data/97216/000114420409011131/v141334_10k.htm"
    },
    {
        "date": "2008-09-30",
        "symbol": "TEX",
        "reportedCurrency": "USD",
        "cik": "0000097216",
        "fillingDate": "2008-11-03",
        "acceptedDate": "2008-11-03 15:50:20",
        "calendarYear": "2008",
        "period": "Q3",
        "revenue": 2514600000,
        "costOfRevenue": 2068400000,
        "grossProfit": 446200000,
        "grossProfitRatio": 0.1774437286,
        "researchAndDevelopmentExpenses": 0,
        "generalAndAdministrativeExpenses": 0,
        "sellingAndMarketingExpenses": 0,
        "sellingGeneralAndAdministrativeExpenses": 279000000,
        "otherExpenses": 0,
        "operatingExpenses": 279000000,
        "costAndExpenses": 2347400000,
        "interestIncome": 0,
        "interestExpense": 0,
        "depreciationAndAmortization": 27000000,
        "ebitda": 194200000,
        "ebitdaratio": 0.0772289827,
        "operatingIncome": 167200000,
        "operatingIncomeRatio": 0.0664916885,
        "totalOtherIncomeExpensesNet": -28500000,
        "incomeBeforeTax": 138700000,
        "incomeBeforeTaxRatio": 0.055157878,
        "incomeTaxExpense": 44900000,
        "netIncome": 93800000,
        "netIncomeRatio": 0.0373021554,
        "eps": 0.98,
        "epsdiluted": 0.96,
        "weightedAverageShsOut": 96100000,
        "weightedAverageShsOutDil": 98100000,
        "link": "https://www.sec.gov/Archives/edgar/data/97216/000009721608000273/0000097216-08-000273-index.htm",
        "finalLink": "https://www.sec.gov/Archives/edgar/data/97216/000009721608000273/f10q093008.htm"
    },
    {
        "date": "2008-06-30",
        "symbol": "TEX",
        "reportedCurrency": "USD",
        "cik": "0000097216",
        "fillingDate": "2008-08-01",
        "acceptedDate": "2008-08-01 14:12:26",
        "calendarYear": "2008",
        "period": "Q2",
        "revenue": 2935900000,
        "costOfRevenue": 2284700000,
        "grossProfit": 651200000,
        "grossProfitRatio": 0.2218059198,
        "researchAndDevelopmentExpenses": 0,
        "generalAndAdministrativeExpenses": 0,
        "sellingAndMarketingExpenses": 0,
        "sellingGeneralAndAdministrativeExpenses": 280300000,
        "otherExpenses": 0,
        "operatingExpenses": 280300000,
        "costAndExpenses": 2565000000,
        "interestIncome": 0,
        "interestExpense": 0,
        "depreciationAndAmortization": 24500000,
        "ebitda": 395400000,
        "ebitdaratio": 0.1346776116,
        "operatingIncome": 370900000,
        "operatingIncomeRatio": 0.1263326408,
        "totalOtherIncomeExpensesNet": -17800000,
        "incomeBeforeTax": 353100000,
        "incomeBeforeTaxRatio": 0.120269764,
        "incomeTaxExpense": 116800000,
        "netIncome": 236300000,
        "netIncomeRatio": 0.0804863926,
        "eps": 2.35,
        "epsdiluted": 2.32,
        "weightedAverageShsOut": 100500000,
        "weightedAverageShsOutDil": 102000000,
        "link": "https://www.sec.gov/Archives/edgar/data/97216/000009721608000214/0000097216-08-000214-index.htm",
        "finalLink": "https://www.sec.gov/Archives/edgar/data/97216/000009721608000214/f10q063008.htm"
    },
    {
        "date": "2008-03-31",
        "symbol": "TEX",
        "reportedCurrency": "USD",
        "cik": "0000097216",
        "fillingDate": "2008-05-06",
        "acceptedDate": "2008-05-06 16:42:20",
        "calendarYear": "2008",
        "period": "Q1",
        "revenue": 2362700000,
        "costOfRevenue": 1848700000,
        "grossProfit": 514000000,
        "grossProfitRatio": 0.2175477208,
        "researchAndDevelopmentExpenses": 0,
        "generalAndAdministrativeExpenses": 0,
        "sellingAndMarketingExpenses": 0,
        "sellingGeneralAndAdministrativeExpenses": 257700000,
        "otherExpenses": 0,
        "operatingExpenses": 257700000,
        "costAndExpenses": 2106400000,
        "interestIncome": 9100000,
        "interestExpense": 25500000,
        "depreciationAndAmortization": 22400000,
        "ebitda": 295400000,
        "ebitdaratio": 0.1250264528,
        "operatingIncome": 256300000,
        "operatingIncomeRatio": 0.1084775892,
        "totalOtherIncomeExpensesNet": -8800000,
        "incomeBeforeTax": 246500000,
        "incomeBeforeTaxRatio": 0.1043297922,
        "incomeTaxExpense": 83200000,
        "netIncome": 163300000,
        "netIncomeRatio": 0.069115842,
        "eps": 1.62,
        "epsdiluted": 1.59,
        "weightedAverageShsOut": 101100000,
        "weightedAverageShsOutDil": 103000000,
        "link": "https://www.sec.gov/Archives/edgar/data/97216/000009721608000151/0000097216-08-000151-index.htm",
        "finalLink": "https://www.sec.gov/Archives/edgar/data/97216/000009721608000151/f10q033108.htm"
    },
    {
        "date": "2007-12-31",
        "symbol": "TEX",
        "reportedCurrency": "USD",
        "cik": "0000097216",
        "fillingDate": "2008-02-27",
        "acceptedDate": "2008-02-27 17:31:01",
        "calendarYear": "2007",
        "period": "Q4",
        "revenue": 2586300000,
        "costOfRevenue": 2087700000,
        "grossProfit": 498600000,
        "grossProfitRatio": 0.1927850597,
        "researchAndDevelopmentExpenses": 0,
        "generalAndAdministrativeExpenses": 0,
        "sellingAndMarketingExpenses": 0,
        "sellingGeneralAndAdministrativeExpenses": 258700000,
        "otherExpenses": 0,
        "operatingExpenses": 258700000,
        "costAndExpenses": 2346400000,
        "interestIncome": 0,
        "interestExpense": 0,
        "depreciationAndAmortization": 22000000,
        "ebitda": 261900000,
        "ebitdaratio": 0.1012643545,
        "operatingIncome": 239900000,
        "operatingIncomeRatio": 0.092757994,
        "totalOtherIncomeExpensesNet": -3900000,
        "incomeBeforeTax": 236000000,
        "incomeBeforeTaxRatio": 0.0912500483,
        "incomeTaxExpense": 62000000,
        "netIncome": 174000000,
        "netIncomeRatio": 0.067277578,
        "eps": 1.72,
        "epsdiluted": 1.69,
        "weightedAverageShsOut": 101100000,
        "weightedAverageShsOutDil": 103000000,
        "link": "https://www.sec.gov/Archives/edgar/data/97216/000114420408012125/0001144204-08-012125-index.htm",
        "finalLink": "https://www.sec.gov/Archives/edgar/data/97216/000114420408012125/v105140_10k.htm"
    },
    {
        "date": "2007-09-30",
        "symbol": "TEX",
        "reportedCurrency": "USD",
        "cik": "0000097216",
        "fillingDate": "2007-11-05",
        "acceptedDate": "2007-11-05 10:05:53",
        "calendarYear": "2007",
        "period": "Q3",
        "revenue": 2196500000,
        "costOfRevenue": 1732200000,
        "grossProfit": 464300000,
        "grossProfitRatio": 0.2113817437,
        "researchAndDevelopmentExpenses": 0,
        "generalAndAdministrativeExpenses": 0,
        "sellingAndMarketingExpenses": 0,
        "sellingGeneralAndAdministrativeExpenses": 228000000,
        "otherExpenses": 0,
        "operatingExpenses": 228000000,
        "costAndExpenses": 1960200000,
        "interestIncome": 0,
        "interestExpense": 0,
        "depreciationAndAmortization": 17600000,
        "ebitda": 253900000,
        "ebitdaratio": 0.1155929888,
        "operatingIncome": 236300000,
        "operatingIncomeRatio": 0.1075802413,
        "totalOtherIncomeExpensesNet": -6300000,
        "incomeBeforeTax": 230000000,
        "incomeBeforeTaxRatio": 0.1047120419,
        "incomeTaxExpense": 78500000,
        "netIncome": 151500000,
        "netIncomeRatio": 0.0689733667,
        "eps": 1.48,
        "epsdiluted": 1.45,
        "weightedAverageShsOut": 102600000,
        "weightedAverageShsOutDil": 104600000,
        "link": "https://www.sec.gov/Archives/edgar/data/97216/000009721607000333/0000097216-07-000333-index.htm",
        "finalLink": "https://www.sec.gov/Archives/edgar/data/97216/000009721607000333/f10q093007.htm"
    },
    {
        "date": "2007-06-30",
        "symbol": "TEX",
        "reportedCurrency": "USD",
        "cik": "0000097216",
        "fillingDate": "2007-08-03",
        "acceptedDate": "2007-08-03 17:27:23",
        "calendarYear": "2007",
        "period": "Q2",
        "revenue": 2342200000,
        "costOfRevenue": 1835100000,
        "grossProfit": 507100000,
        "grossProfitRatio": 0.2165058492,
        "researchAndDevelopmentExpenses": 0,
        "generalAndAdministrativeExpenses": 0,
        "sellingAndMarketingExpenses": 0,
        "sellingGeneralAndAdministrativeExpenses": 222600000,
        "otherExpenses": 0,
        "operatingExpenses": 222600000,
        "costAndExpenses": 2057700000,
        "interestIncome": 0,
        "interestExpense": 0,
        "depreciationAndAmortization": 18300000,
        "ebitda": 302800000,
        "ebitdaratio": 0.1292801639,
        "operatingIncome": 284500000,
        "operatingIncomeRatio": 0.1214669968,
        "totalOtherIncomeExpensesNet": -13200000,
        "incomeBeforeTax": 271300000,
        "incomeBeforeTaxRatio": 0.1158312697,
        "incomeTaxExpense": 96700000,
        "netIncome": 174600000,
        "netIncomeRatio": 0.0745452993,
        "eps": 1.7,
        "epsdiluted": 1.66,
        "weightedAverageShsOut": 102800000,
        "weightedAverageShsOutDil": 104900000,
        "link": "https://www.sec.gov/Archives/edgar/data/97216/000009721607000243/0000097216-07-000243-index.htm",
        "finalLink": "https://www.sec.gov/Archives/edgar/data/97216/000009721607000243/f10q08032007.htm"
    },
    {
        "date": "2007-03-31",
        "symbol": "TEX",
        "reportedCurrency": "USD",
        "cik": "0000097216",
        "fillingDate": "2007-05-04",
        "acceptedDate": "2007-05-03 18:59:16",
        "calendarYear": "2007",
        "period": "Q1",
        "revenue": 2012700000,
        "costOfRevenue": 1600700000,
        "grossProfit": 412000000,
        "grossProfitRatio": 0.204700154,
        "researchAndDevelopmentExpenses": 0,
        "generalAndAdministrativeExpenses": 0,
        "sellingAndMarketingExpenses": 0,
        "sellingGeneralAndAdministrativeExpenses": 211300000,
        "otherExpenses": 0,
        "operatingExpenses": 211300000,
        "costAndExpenses": 1812000000,
        "interestIncome": 0,
        "interestExpense": 0,
        "depreciationAndAmortization": 18300000,
        "ebitda": 219000000,
        "ebitdaratio": 0.1088090625,
        "operatingIncome": 200700000,
        "operatingIncomeRatio": 0.0997167983,
        "totalOtherIncomeExpensesNet": -18700000,
        "incomeBeforeTax": 182000000,
        "incomeBeforeTaxRatio": 0.0904257962,
        "incomeTaxExpense": 68200000,
        "netIncome": 113800000,
        "netIncomeRatio": 0.0565409649,
        "eps": 1.11,
        "epsdiluted": 1.09,
        "weightedAverageShsOut": 102200000,
        "weightedAverageShsOutDil": 104700000,
        "link": "https://www.sec.gov/Archives/edgar/data/97216/000009721607000138/0000097216-07-000138-index.htm",
        "finalLink": "https://www.sec.gov/Archives/edgar/data/97216/000009721607000138/f10q03312007.htm"
    },
    {
        "date": "2006-12-31",
        "symbol": "TEX",
        "reportedCurrency": "USD",
        "cik": "0000097216",
        "fillingDate": "2007-02-28",
        "acceptedDate": "2007-02-28 16:50:36",
        "calendarYear": "2006",
        "period": "Q4",
        "revenue": 2029500000,
        "costOfRevenue": 1654000000,
        "grossProfit": 375500000,
        "grossProfitRatio": 0.1850209411,
        "researchAndDevelopmentExpenses": 0,
        "generalAndAdministrativeExpenses": 0,
        "sellingAndMarketingExpenses": 0,
        "sellingGeneralAndAdministrativeExpenses": 206100000,
        "otherExpenses": 0,
        "operatingExpenses": 206100000,
        "costAndExpenses": 1860100000,
        "interestIncome": 0,
        "interestExpense": 0,
        "depreciationAndAmortization": 18600000,
        "ebitda": 188000000,
        "ebitdaratio": 0.0926336536,
        "operatingIncome": 169400000,
        "operatingIncomeRatio": 0.0834688347,
        "totalOtherIncomeExpensesNet": -12400000,
        "incomeBeforeTax": 157000000,
        "incomeBeforeTaxRatio": 0.0773589554,
        "incomeTaxExpense": 56100000,
        "netIncome": 101500000,
        "netIncomeRatio": 0.0500123183,
        "eps": 0.99,
        "epsdiluted": 0.97,
        "weightedAverageShsOut": 102200000,
        "weightedAverageShsOutDil": 104700000,
        "link": "https://www.sec.gov/Archives/edgar/data/97216/000093041307001796/0000930413-07-001796-index.htm",
        "finalLink": "https://www.sec.gov/Archives/edgar/data/97216/000093041307001796/c47041.htm"
    },
    {
        "date": "2006-09-30",
        "symbol": "TEX",
        "reportedCurrency": "USD",
        "cik": "0000097216",
        "fillingDate": "2006-11-03",
        "acceptedDate": "2006-11-03 17:26:34",
        "calendarYear": "2006",
        "period": "Q3",
        "revenue": 1903700000,
        "costOfRevenue": 1536300000,
        "grossProfit": 367400000,
        "grossProfitRatio": 0.1929925934,
        "researchAndDevelopmentExpenses": 0,
        "generalAndAdministrativeExpenses": 0,
        "sellingAndMarketingExpenses": 0,
        "sellingGeneralAndAdministrativeExpenses": 176300000,
        "otherExpenses": 0,
        "operatingExpenses": 176300000,
        "costAndExpenses": 1712600000,
        "interestIncome": 0,
        "interestExpense": 0,
        "depreciationAndAmortization": 17600000,
        "ebitda": 208700000,
        "ebitdaratio": 0.109628618,
        "operatingIncome": 191100000,
        "operatingIncomeRatio": 0.1003834638,
        "totalOtherIncomeExpensesNet": -32300000,
        "incomeBeforeTax": 158800000,
        "incomeBeforeTaxRatio": 0.0834165047,
        "incomeTaxExpense": 53200000,
        "netIncome": 101000000,
        "netIncomeRatio": 0.0530545779,
        "eps": 1,
        "epsdiluted": 0.98,
        "weightedAverageShsOut": 101000000,
        "weightedAverageShsOutDil": 103200000,
        "link": "https://www.sec.gov/Archives/edgar/data/97216/000009721606000353/0000097216-06-000353-index.htm",
        "finalLink": "https://www.sec.gov/Archives/edgar/data/97216/000009721606000353/f10q09302006.htm"
    },
    {
        "date": "2006-06-30",
        "symbol": "TEX",
        "reportedCurrency": "USD",
        "cik": "0000097216",
        "fillingDate": "2006-08-07",
        "acceptedDate": "2006-08-04 18:48:38",
        "calendarYear": "2006",
        "period": "Q2",
        "revenue": 2080600000,
        "costOfRevenue": 1673400000,
        "grossProfit": 407200000,
        "grossProfitRatio": 0.1957127752,
        "researchAndDevelopmentExpenses": 0,
        "generalAndAdministrativeExpenses": 0,
        "sellingAndMarketingExpenses": 0,
        "sellingGeneralAndAdministrativeExpenses": 194000000,
        "otherExpenses": 0,
        "operatingExpenses": 194000000,
        "costAndExpenses": 1867400000,
        "interestIncome": 0,
        "interestExpense": 0,
        "depreciationAndAmortization": 18100000,
        "ebitda": 225300000,
        "ebitdaratio": 0.1082860713,
        "operatingIncome": 213200000,
        "operatingIncomeRatio": 0.1024704412,
        "totalOtherIncomeExpensesNet": -23000000,
        "incomeBeforeTax": 184200000,
        "incomeBeforeTaxRatio": 0.0885321542,
        "incomeTaxExpense": 65000000,
        "netIncome": 119200000,
        "netIncomeRatio": 0.057291166,
        "eps": 1.19,
        "epsdiluted": 1.16,
        "weightedAverageShsOut": 100000000,
        "weightedAverageShsOutDil": 102600000,
        "link": "https://www.sec.gov/Archives/edgar/data/97216/000009721606000279/0000097216-06-000279-index.htm",
        "finalLink": "https://www.sec.gov/Archives/edgar/data/97216/000009721606000279/f10q06302006.htm"
    },
    {
        "date": "2006-03-31",
        "symbol": "TEX",
        "reportedCurrency": "USD",
        "cik": "0000097216",
        "fillingDate": "2006-05-31",
        "acceptedDate": "2006-05-30 21:54:19",
        "calendarYear": "2006",
        "period": "Q1",
        "revenue": 1749200000,
        "costOfRevenue": 1433900000,
        "grossProfit": 315300000,
        "grossProfitRatio": 0.1802538303,
        "researchAndDevelopmentExpenses": 0,
        "generalAndAdministrativeExpenses": 0,
        "sellingAndMarketingExpenses": 0,
        "sellingGeneralAndAdministrativeExpenses": 170500000,
        "otherExpenses": 0,
        "operatingExpenses": 170500000,
        "costAndExpenses": 1604400000,
        "interestIncome": 0,
        "interestExpense": 0,
        "depreciationAndAmortization": 18700000,
        "ebitda": 160600000,
        "ebitdaratio": 0.0918134004,
        "operatingIncome": 144800000,
        "operatingIncomeRatio": 0.0827806997,
        "totalOtherIncomeExpensesNet": -18400000,
        "incomeBeforeTax": 123500000,
        "incomeBeforeTaxRatio": 0.0706037046,
        "incomeTaxExpense": 44700000,
        "netIncome": 78800000,
        "netIncomeRatio": 0.0450491653,
        "eps": 0.79,
        "epsdiluted": 0.77,
        "weightedAverageShsOut": 100000000,
        "weightedAverageShsOutDil": 102600000,
        "link": "https://www.sec.gov/Archives/edgar/data/97216/000009721606000168/0000097216-06-000168-index.htm",
        "finalLink": "https://www.sec.gov/Archives/edgar/data/97216/000009721606000168/f10q033106.htm"
    },
    {
        "date": "2005-12-31",
        "symbol": "TEX",
        "reportedCurrency": "USD",
        "cik": "0000097216",
        "fillingDate": "2006-05-17",
        "acceptedDate": "2006-05-17 12:03:53",
        "calendarYear": "2005",
        "period": "Q4",
        "revenue": 1628800000,
        "costOfRevenue": 1382300000,
        "grossProfit": 246500000,
        "grossProfitRatio": 0.1513384086,
        "researchAndDevelopmentExpenses": 0,
        "generalAndAdministrativeExpenses": 0,
        "sellingAndMarketingExpenses": 0,
        "sellingGeneralAndAdministrativeExpenses": 178100000,
        "otherExpenses": 3300000,
        "operatingExpenses": 181400000,
        "costAndExpenses": 1563700000,
        "interestIncome": 0,
        "interestExpense": 0,
        "depreciationAndAmortization": 18800000,
        "ebitda": 83900000,
        "ebitdaratio": 0.0515103143,
        "operatingIncome": 65100000,
        "operatingIncomeRatio": 0.0399680747,
        "totalOtherIncomeExpensesNet": -18900000,
        "incomeBeforeTax": 46200000,
        "incomeBeforeTaxRatio": 0.0283644401,
        "incomeTaxExpense": 11400000,
        "netIncome": 34800000,
        "netIncomeRatio": 0.0213654224,
        "eps": 0.35,
        "epsdiluted": 0.34,
        "weightedAverageShsOut": 100000000,
        "weightedAverageShsOutDil": 102600000,
        "link": "https://www.sec.gov/Archives/edgar/data/97216/000112528206002894/0001125282-06-002894-index.htm",
        "finalLink": "https://www.sec.gov/Archives/edgar/data/97216/000112528206002894/b413313-10k.htm"
    },
    {
        "date": "2005-09-30",
        "symbol": "TEX",
        "reportedCurrency": "USD",
        "cik": "0000097216",
        "fillingDate": "2006-05-17",
        "acceptedDate": "2006-05-17 11:59:18",
        "calendarYear": "2005",
        "period": "Q3",
        "revenue": 1541400000,
        "costOfRevenue": 1298300000,
        "grossProfit": 243100000,
        "grossProfitRatio": 0.1577137667,
        "researchAndDevelopmentExpenses": 0,
        "generalAndAdministrativeExpenses": 0,
        "sellingAndMarketingExpenses": 0,
        "sellingGeneralAndAdministrativeExpenses": 141600000,
        "otherExpenses": 0,
        "operatingExpenses": 141600000,
        "costAndExpenses": 1439900000,
        "interestIncome": 0,
        "interestExpense": 0,
        "depreciationAndAmortization": 18900000,
        "ebitda": 121500000,
        "ebitdaratio": 0.0788244453,
        "operatingIncome": 101500000,
        "operatingIncomeRatio": 0.065849228,
        "totalOtherIncomeExpensesNet": -19100000,
        "incomeBeforeTax": 82400000,
        "incomeBeforeTaxRatio": 0.0534578954,
        "incomeTaxExpense": 30500000,
        "netIncome": 51900000,
        "netIncomeRatio": 0.033670689,
        "eps": 0.52,
        "epsdiluted": 0.51,
        "weightedAverageShsOut": 100000000,
        "weightedAverageShsOutDil": 102600000,
        "link": "https://www.sec.gov/Archives/edgar/data/97216/000112528206002893/0001125282-06-002893-index.htm",
        "finalLink": "https://www.sec.gov/Archives/edgar/data/97216/000112528206002893/b413317-10q.htm"
    },
    {
        "date": "2005-06-30",
        "symbol": "TEX",
        "reportedCurrency": "USD",
        "cik": "0000097216",
        "fillingDate": "2006-05-17",
        "acceptedDate": "2006-05-17 11:55:55",
        "calendarYear": "2005",
        "period": "Q2",
        "revenue": 1759100000,
        "costOfRevenue": 1476900000,
        "grossProfit": 282200000,
        "grossProfitRatio": 0.1604229436,
        "researchAndDevelopmentExpenses": 0,
        "generalAndAdministrativeExpenses": 0,
        "sellingAndMarketingExpenses": 0,
        "sellingGeneralAndAdministrativeExpenses": 145300000,
        "otherExpenses": 0,
        "operatingExpenses": 145300000,
        "costAndExpenses": 1622200000,
        "interestIncome": 0,
        "interestExpense": 0,
        "depreciationAndAmortization": 19300000,
        "ebitda": 156200000,
        "ebitdaratio": 0.0887954067,
        "operatingIncome": 136900000,
        "operatingIncomeRatio": 0.0778238872,
        "totalOtherIncomeExpensesNet": -22900000,
        "incomeBeforeTax": 114000000,
        "incomeBeforeTaxRatio": 0.0648058666,
        "incomeTaxExpense": 42800000,
        "netIncome": 71200000,
        "netIncomeRatio": 0.040475243,
        "eps": 0.71,
        "epsdiluted": 0.69,
        "weightedAverageShsOut": 100000000,
        "weightedAverageShsOutDil": 102600000,
        "link": "https://www.sec.gov/Archives/edgar/data/97216/000112528206002892/0001125282-06-002892-index.htm",
        "finalLink": "https://www.sec.gov/Archives/edgar/data/97216/000112528206002892/b413316-10q.htm"
    },
    {
        "date": "2005-03-31",
        "symbol": "TEX",
        "reportedCurrency": "USD",
        "cik": "0000097216",
        "fillingDate": "2006-05-17",
        "acceptedDate": "2006-05-17 11:53:01",
        "calendarYear": "2005",
        "period": "Q1",
        "revenue": 1451100000,
        "costOfRevenue": 1244900000,
        "grossProfit": 206200000,
        "grossProfitRatio": 0.1420990972,
        "researchAndDevelopmentExpenses": 0,
        "generalAndAdministrativeExpenses": 0,
        "sellingAndMarketingExpenses": 0,
        "sellingGeneralAndAdministrativeExpenses": 134700000,
        "otherExpenses": 0,
        "operatingExpenses": 134700000,
        "costAndExpenses": 1379600000,
        "interestIncome": 0,
        "interestExpense": 0,
        "depreciationAndAmortization": 18600000,
        "ebitda": 90100000,
        "ebitdaratio": 0.0620908276,
        "operatingIncome": 71500000,
        "operatingIncomeRatio": 0.0492729653,
        "totalOtherIncomeExpensesNet": -24300000,
        "incomeBeforeTax": 47200000,
        "incomeBeforeTaxRatio": 0.0325270484,
        "incomeTaxExpense": 16600000,
        "netIncome": 30600000,
        "netIncomeRatio": 0.0210874509,
        "eps": 0.31,
        "epsdiluted": 0.3,
        "weightedAverageShsOut": 99000000,
        "weightedAverageShsOutDil": 102000000,
        "link": "https://www.sec.gov/Archives/edgar/data/97216/000112528206002891/0001125282-06-002891-index.htm",
        "finalLink": "https://www.sec.gov/Archives/edgar/data/97216/000112528206002891/b413314-10q.htm"
    },
    {
        "date": "2004-12-31",
        "symbol": "TEX",
        "reportedCurrency": "USD",
        "cik": "0000097216",
        "fillingDate": "2006-02-17",
        "acceptedDate": "2006-02-17 16:53:11",
        "calendarYear": "2004",
        "period": "Q4",
        "revenue": 1375700000,
        "costOfRevenue": 1211900000,
        "grossProfit": 163800000,
        "grossProfitRatio": 0.119066657,
        "researchAndDevelopmentExpenses": 0,
        "generalAndAdministrativeExpenses": 0,
        "sellingAndMarketingExpenses": 0,
        "sellingGeneralAndAdministrativeExpenses": 141400000,
        "otherExpenses": 0,
        "operatingExpenses": 141400000,
        "costAndExpenses": 1353300000,
        "interestIncome": 0,
        "interestExpense": 0,
        "depreciationAndAmortization": 13900000,
        "ebitda": 36300000,
        "ebitdaratio": 0.0263865668,
        "operatingIncome": 22400000,
        "operatingIncomeRatio": 0.0162826198,
        "totalOtherIncomeExpensesNet": -18500000,
        "incomeBeforeTax": 3900000,
        "incomeBeforeTaxRatio": 0.0028349204,
        "incomeTaxExpense": -193500000,
        "netIncome": 197400000,
        "netIncomeRatio": 0.1434905866,
        "eps": 1.99,
        "epsdiluted": 1.94,
        "weightedAverageShsOut": 99000000,
        "weightedAverageShsOutDil": 102000000,
        "link": "https://www.sec.gov/Archives/edgar/data/97216/000112528206001131/0001125282-06-001131-index.htm",
        "finalLink": "https://www.sec.gov/Archives/edgar/data/97216/000112528206001131/b411618_10k.txt"
    },
    {
        "date": "2004-09-30",
        "symbol": "TEX",
        "reportedCurrency": "USD",
        "cik": "0000097216",
        "fillingDate": "2006-02-17",
        "acceptedDate": "2006-02-17 16:51:36",
        "calendarYear": "2004",
        "period": "Q3",
        "revenue": 1252200000,
        "costOfRevenue": 1066000000,
        "grossProfit": 186200000,
        "grossProfitRatio": 0.148698291,
        "researchAndDevelopmentExpenses": 0,
        "generalAndAdministrativeExpenses": 0,
        "sellingAndMarketingExpenses": 0,
        "sellingGeneralAndAdministrativeExpenses": 115000000,
        "otherExpenses": 0,
        "operatingExpenses": 115000000,
        "costAndExpenses": 1181000000,
        "interestIncome": 0,
        "interestExpense": 0,
        "depreciationAndAmortization": 17100000,
        "ebitda": 88300000,
        "ebitdaratio": 0.070515892,
        "operatingIncome": 71200000,
        "operatingIncomeRatio": 0.0568599265,
        "totalOtherIncomeExpensesNet": -22600000,
        "incomeBeforeTax": 48600000,
        "incomeBeforeTaxRatio": 0.0388116914,
        "incomeTaxExpense": 3900000,
        "netIncome": 44700000,
        "netIncomeRatio": 0.035697173,
        "eps": 0.46,
        "epsdiluted": 0.44,
        "weightedAverageShsOut": 98600000,
        "weightedAverageShsOutDil": 102600000,
        "link": "https://www.sec.gov/Archives/edgar/data/97216/000112528206001130/0001125282-06-001130-index.htm",
        "finalLink": "https://www.sec.gov/Archives/edgar/data/97216/000112528206001130/b411616_10q.txt"
    },
    {
        "date": "2004-06-30",
        "symbol": "TEX",
        "reportedCurrency": "USD",
        "cik": "0000097216",
        "fillingDate": "2004-08-06",
        "acceptedDate": "2004-08-06 16:27:20",
        "calendarYear": "2004",
        "period": "Q2",
        "revenue": 1336400000,
        "costOfRevenue": 1141400000,
        "grossProfit": 195000000,
        "grossProfitRatio": 0.1459143969,
        "researchAndDevelopmentExpenses": 0,
        "generalAndAdministrativeExpenses": 0,
        "sellingAndMarketingExpenses": 0,
        "sellingGeneralAndAdministrativeExpenses": 119200000,
        "otherExpenses": 0,
        "operatingExpenses": 119200000,
        "costAndExpenses": 1260600000,
        "interestIncome": 0,
        "interestExpense": 0,
        "depreciationAndAmortization": 21500000,
        "ebitda": 94600000,
        "ebitdaratio": 0.0707871895,
        "operatingIncome": 75800000,
        "operatingIncomeRatio": 0.056719545,
        "totalOtherIncomeExpensesNet": -2200000,
        "incomeBeforeTax": 73600000,
        "incomeBeforeTaxRatio": 0.0550733313,
        "incomeTaxExpense": 14500000,
        "netIncome": 59100000,
        "netIncomeRatio": 0.0442232864,
        "eps": 0.65,
        "epsdiluted": 0.62,
        "weightedAverageShsOut": 98200000,
        "weightedAverageShsOutDil": 102000000,
        "link": "https://www.sec.gov/Archives/edgar/data/97216/000009721604000274/0000097216-04-000274-index.htm",
        "finalLink": "https://www.sec.gov/Archives/edgar/data/97216/000009721604000274/f10q06302004.txt"
    },
    {
        "date": "2004-03-31",
        "symbol": "TEX",
        "reportedCurrency": "USD",
        "cik": "0000097216",
        "fillingDate": "2004-05-07",
        "acceptedDate": "2004-05-07 17:11:23",
        "calendarYear": "2004",
        "period": "Q1",
        "revenue": 1043800000,
        "costOfRevenue": 883500000,
        "grossProfit": 160300000,
        "grossProfitRatio": 0.1535734815,
        "researchAndDevelopmentExpenses": 0,
        "generalAndAdministrativeExpenses": 0,
        "sellingAndMarketingExpenses": 0,
        "sellingGeneralAndAdministrativeExpenses": 112000000,
        "otherExpenses": 0,
        "operatingExpenses": 112000000,
        "costAndExpenses": 995500000,
        "interestIncome": 0,
        "interestExpense": 0,
        "depreciationAndAmortization": 21100000,
        "ebitda": 69000000,
        "ebitdaratio": 0.0661046177,
        "operatingIncome": 48300000,
        "operatingIncomeRatio": 0.0462732324,
        "totalOtherIncomeExpensesNet": -23900000,
        "incomeBeforeTax": 24400000,
        "incomeBeforeTaxRatio": 0.0233761257,
        "incomeTaxExpense": 7400000,
        "netIncome": 17000000,
        "netIncomeRatio": 0.016286645,
        "eps": 0.19,
        "epsdiluted": 0.19,
        "weightedAverageShsOut": 97600000,
        "weightedAverageShsOutDil": 101600000,
        "link": "https://www.sec.gov/Archives/edgar/data/97216/000009721604000189/0000097216-04-000189-index.htm",
        "finalLink": "https://www.sec.gov/Archives/edgar/data/97216/000009721604000189/f10q03312004.txt"
    },
    {
        "date": "2003-12-31",
        "symbol": "TEX",
        "reportedCurrency": "USD",
        "cik": "0000097216",
        "fillingDate": "2004-03-15",
        "acceptedDate": "2004-03-15 14:48:25",
        "calendarYear": "2003",
        "period": "Q4",
        "revenue": 1138100000,
        "costOfRevenue": 985400000,
        "grossProfit": 152700000,
        "grossProfitRatio": 0.1341709867,
        "researchAndDevelopmentExpenses": 0,
        "generalAndAdministrativeExpenses": 0,
        "sellingAndMarketingExpenses": 0,
        "sellingGeneralAndAdministrativeExpenses": 129600000,
        "otherExpenses": 0,
        "operatingExpenses": 129600000,
        "costAndExpenses": 1115000000,
        "interestIncome": 0,
        "interestExpense": 0,
        "depreciationAndAmortization": 20300000,
        "ebitda": 43400000,
        "ebitdaratio": 0.0381337317,
        "operatingIncome": 23100000,
        "operatingIncomeRatio": 0.0202969862,
        "totalOtherIncomeExpensesNet": -32700000,
        "incomeBeforeTax": -9600000,
        "incomeBeforeTaxRatio": -0.0084351112,
        "incomeTaxExpense": -8300000,
        "netIncome": -3400000,
        "netIncomeRatio": -0.0029874352,
        "eps": -0.0347,
        "epsdiluted": -0.0336,
        "weightedAverageShsOut": 98000000,
        "weightedAverageShsOutDil": 101200000,
        "link": "https://www.sec.gov/Archives/edgar/data/97216/000009721604000127/0000097216-04-000127-index.htm",
        "finalLink": "https://www.sec.gov/Archives/edgar/data/97216/000009721604000127/f10k2003final.txt"
    },
    {
        "date": "2003-09-30",
        "symbol": "TEX",
        "reportedCurrency": "USD",
        "cik": "0000097216",
        "fillingDate": "2003-11-13",
        "acceptedDate": "2003-11-13 16:30:22",
        "calendarYear": "2003",
        "period": "Q3",
        "revenue": 872300000,
        "costOfRevenue": 743500000,
        "grossProfit": 128800000,
        "grossProfitRatio": 0.1476556231,
        "researchAndDevelopmentExpenses": 0,
        "generalAndAdministrativeExpenses": 0,
        "sellingAndMarketingExpenses": 0,
        "sellingGeneralAndAdministrativeExpenses": 86500000,
        "otherExpenses": 0,
        "operatingExpenses": 86500000,
        "costAndExpenses": 830000000,
        "interestIncome": 0,
        "interestExpense": 0,
        "depreciationAndAmortization": 16700000,
        "ebitda": 59000000,
        "ebitdaratio": 0.0676372808,
        "operatingIncome": 42300000,
        "operatingIncomeRatio": 0.0484924911,
        "totalOtherIncomeExpensesNet": -23300000,
        "incomeBeforeTax": 19000000,
        "incomeBeforeTaxRatio": 0.0217814972,
        "incomeTaxExpense": 5300000,
        "netIncome": 14500000,
        "netIncomeRatio": 0.0166227215,
        "eps": 0.15,
        "epsdiluted": 0.14,
        "weightedAverageShsOut": 96800000,
        "weightedAverageShsOutDil": 99400000,
        "link": "https://www.sec.gov/Archives/edgar/data/97216/000009721603000126/0000097216-03-000126-index.htm",
        "finalLink": "https://www.sec.gov/Archives/edgar/data/97216/000009721603000126/f10q093003.txt"
    },
    {
        "date": "2003-06-30",
        "symbol": "TEX",
        "reportedCurrency": "USD",
        "cik": "0000097216",
        "fillingDate": "2003-08-13",
        "acceptedDate": "2003-08-13 17:02:00",
        "calendarYear": "2003",
        "period": "Q2",
        "revenue": 1007400000,
        "costOfRevenue": 895300000,
        "grossProfit": 112100000,
        "grossProfitRatio": 0.1112765535,
        "researchAndDevelopmentExpenses": 0,
        "generalAndAdministrativeExpenses": 0,
        "sellingAndMarketingExpenses": 0,
        "sellingGeneralAndAdministrativeExpenses": 92800000,
        "otherExpenses": 51300000,
        "operatingExpenses": 144100000,
        "costAndExpenses": 1039400000,
        "interestIncome": 0,
        "interestExpense": 0,
        "depreciationAndAmortization": 17800000,
        "ebitda": -17700000,
        "ebitdaratio": -0.0175699821,
        "operatingIncome": -32000000,
        "operatingIncomeRatio": -0.0317649394,
        "totalOtherIncomeExpensesNet": -29400000,
        "incomeBeforeTax": -61200000,
        "incomeBeforeTaxRatio": -0.0607504467,
        "incomeTaxExpense": -11500000,
        "netIncome": -49100000,
        "netIncomeRatio": -0.048739329,
        "eps": -0.52,
        "epsdiluted": -0.52,
        "weightedAverageShsOut": 95200000,
        "weightedAverageShsOutDil": 95200000,
        "link": "https://www.sec.gov/Archives/edgar/data/97216/000009721603000048/0000097216-03-000048-index.htm",
        "finalLink": "https://www.sec.gov/Archives/edgar/data/97216/000009721603000048/f10q0603.txt"
    },
    {
        "date": "2003-03-31",
        "symbol": "TEX",
        "reportedCurrency": "USD",
        "cik": "0000097216",
        "fillingDate": "2003-05-15",
        "acceptedDate": "2003-05-15 17:07:11",
        "calendarYear": "2003",
        "period": "Q1",
        "revenue": 927700000,
        "costOfRevenue": 798000000,
        "grossProfit": 129700000,
        "grossProfitRatio": 0.1398081276,
        "researchAndDevelopmentExpenses": 0,
        "generalAndAdministrativeExpenses": 0,
        "sellingAndMarketingExpenses": 0,
        "sellingGeneralAndAdministrativeExpenses": 88400000,
        "otherExpenses": 0,
        "operatingExpenses": 88400000,
        "costAndExpenses": 886400000,
        "interestIncome": 0,
        "interestExpense": 0,
        "depreciationAndAmortization": 15600000,
        "ebitda": 56900000,
        "ebitdaratio": 0.0613344831,
        "operatingIncome": 41300000,
        "operatingIncomeRatio": 0.0445187022,
        "totalOtherIncomeExpensesNet": -23900000,
        "incomeBeforeTax": 17400000,
        "incomeBeforeTaxRatio": 0.0187560634,
        "incomeTaxExpense": 4900000,
        "netIncome": 12500000,
        "netIncomeRatio": 0.0134741835,
        "eps": 0.13,
        "epsdiluted": 0.13,
        "weightedAverageShsOut": 95600000,
        "weightedAverageShsOutDil": 98000000,
        "link": "https://www.sec.gov/Archives/edgar/data/97216/000009721603000020/0000097216-03-000020-index.htm",
        "finalLink": "https://www.sec.gov/Archives/edgar/data/97216/000009721603000020/f10q0303.txt"
    },
    {
        "date": "2002-12-31",
        "symbol": "TEX",
        "reportedCurrency": "USD",
        "cik": "0000097216",
        "fillingDate": "2003-03-28",
        "acceptedDate": "2003-03-28 15:31:40",
        "calendarYear": "2002",
        "period": "Q4",
        "revenue": 851100000,
        "costOfRevenue": 786300000,
        "grossProfit": 64800000,
        "grossProfitRatio": 0.0761367642,
        "researchAndDevelopmentExpenses": 0,
        "generalAndAdministrativeExpenses": 0,
        "sellingAndMarketingExpenses": 0,
        "sellingGeneralAndAdministrativeExpenses": 100300000,
        "otherExpenses": 0,
        "operatingExpenses": 100300000,
        "costAndExpenses": 886600000,
        "interestIncome": 0,
        "interestExpense": 0,
        "depreciationAndAmortization": 15900000,
        "ebitda": -19600000,
        "ebitdaratio": -0.0230290213,
        "operatingIncome": -35500000,
        "operatingIncomeRatio": -0.0417107273,
        "totalOtherIncomeExpensesNet": -23800000,
        "incomeBeforeTax": -59300000,
        "incomeBeforeTaxRatio": -0.0696745388,
        "incomeTaxExpense": -19000000,
        "netIncome": -40300000,
        "netIncomeRatio": -0.0473504876,
        "eps": -0.42,
        "epsdiluted": -0.41,
        "weightedAverageShsOut": 95600000,
        "weightedAverageShsOutDil": 98000000,
        "link": "https://www.sec.gov/Archives/edgar/data/97216/000009721603000012/0000097216-03-000012-index.htm",
        "finalLink": "https://www.sec.gov/Archives/edgar/data/97216/000009721603000012/f10k2002final.txt"
    },
    {
        "date": "2002-09-30",
        "symbol": "TEX",
        "reportedCurrency": "USD",
        "cik": "0000097216",
        "fillingDate": "2002-11-14",
        "acceptedDate": "2002-11-14 16:48:30",
        "calendarYear": "2002",
        "period": "Q3",
        "revenue": 674100000,
        "costOfRevenue": 585400000,
        "grossProfit": 88700000,
        "grossProfitRatio": 0.1315828512,
        "researchAndDevelopmentExpenses": 0,
        "generalAndAdministrativeExpenses": 54700000,
        "sellingAndMarketingExpenses": 0,
        "sellingGeneralAndAdministrativeExpenses": 54700000,
        "otherExpenses": 0,
        "operatingExpenses": 54700000,
        "costAndExpenses": 640100000,
        "interestIncome": 0,
        "interestExpense": 0,
        "depreciationAndAmortization": 10600000,
        "ebitda": 44800000,
        "ebitdaratio": 0.0664589823,
        "operatingIncome": 34000000,
        "operatingIncomeRatio": 0.0504376205,
        "totalOtherIncomeExpensesNet": -17600000,
        "incomeBeforeTax": 16700000,
        "incomeBeforeTaxRatio": 0.0247737724,
        "incomeTaxExpense": 5300000,
        "netIncome": 9800000,
        "netIncomeRatio": 0.0145379024,
        "eps": 0.045,
        "epsdiluted": 0.045,
        "weightedAverageShsOut": 178000000,
        "weightedAverageShsOutDil": 180800000,
        "link": "https://www.sec.gov/Archives/edgar/data/97216/000009721602000036/0000097216-02-000036-index.htm",
        "finalLink": "https://www.sec.gov/Archives/edgar/data/97216/000009721602000036/f10q09002.txt"
    },
    {
        "date": "2002-06-30",
        "symbol": "TEX",
        "reportedCurrency": "USD",
        "cik": "0000097216",
        "fillingDate": "2002-08-09",
        "acceptedDate": "2002-08-09 16:26:59",
        "calendarYear": "2002",
        "period": "Q2",
        "revenue": 690200000,
        "costOfRevenue": 578300000,
        "grossProfit": 111900000,
        "grossProfitRatio": 0.1621269197,
        "researchAndDevelopmentExpenses": 0,
        "generalAndAdministrativeExpenses": 73300000,
        "sellingAndMarketingExpenses": 0,
        "sellingGeneralAndAdministrativeExpenses": 73300000,
        "otherExpenses": 0,
        "operatingExpenses": 73300000,
        "costAndExpenses": 651600000,
        "interestIncome": 0,
        "interestExpense": 0,
        "depreciationAndAmortization": 10200000,
        "ebitda": 48800000,
        "ebitdaratio": 0.0707041437,
        "operatingIncome": 38600000,
        "operatingIncomeRatio": 0.0559258186,
        "totalOtherIncomeExpensesNet": -30900000,
        "incomeBeforeTax": 7700000,
        "incomeBeforeTaxRatio": 0.0111561866,
        "incomeTaxExpense": 2500000,
        "netIncome": 5200000,
        "netIncomeRatio": 0.0075340481,
        "eps": 0.0364,
        "epsdiluted": 0.0356,
        "weightedAverageShsOut": 143000000,
        "weightedAverageShsOutDil": 146000000,
        "link": "https://www.sec.gov/Archives/edgar/data/97216/000009721602000022/0000097216-02-000022-index.htm",
        "finalLink": "https://www.sec.gov/Archives/edgar/data/97216/000009721602000022/f10q0602.txt"
    },
    {
        "date": "2002-03-31",
        "symbol": "TEX",
        "reportedCurrency": "USD",
        "cik": "0000097216",
        "fillingDate": "2002-05-15",
        "acceptedDate": "2002-05-14 18:11:55",
        "calendarYear": "2002",
        "period": "Q1",
        "revenue": 582000000,
        "costOfRevenue": 490700000,
        "grossProfit": 91300000,
        "grossProfitRatio": 0.1568728522,
        "researchAndDevelopmentExpenses": 0,
        "generalAndAdministrativeExpenses": 59800000,
        "sellingAndMarketingExpenses": 0,
        "sellingGeneralAndAdministrativeExpenses": 59800000,
        "otherExpenses": 0,
        "operatingExpenses": 59800000,
        "costAndExpenses": 550500000,
        "interestIncome": 0,
        "interestExpense": 0,
        "depreciationAndAmortization": 8300000,
        "ebitda": 39800000,
        "ebitdaratio": 0.0683848797,
        "operatingIncome": 31500000,
        "operatingIncomeRatio": 0.0541237113,
        "totalOtherIncomeExpensesNet": -22400000,
        "incomeBeforeTax": 9100000,
        "incomeBeforeTaxRatio": 0.0156357388,
        "incomeTaxExpense": 2900000,
        "netIncome": 16900000,
        "netIncomeRatio": 0.0290378007,
        "eps": 0.12,
        "epsdiluted": 0.12,
        "weightedAverageShsOut": 143000000,
        "weightedAverageShsOutDil": 146000000,
        "link": "https://www.sec.gov/Archives/edgar/data/97216/000009721602000008/0000097216-02-000008-index.htm",
        "finalLink": "https://www.sec.gov/Archives/edgar/data/97216/000009721602000008/f10q0302.txt"
    },
    {
        "date": "2001-12-31",
        "symbol": "TEX",
        "reportedCurrency": "USD",
        "cik": "0000097216",
        "fillingDate": "2002-03-28",
        "acceptedDate": "2002-03-28 00:00:00",
        "calendarYear": "2001",
        "period": "Q4",
        "revenue": 442100000,
        "costOfRevenue": 369800000,
        "grossProfit": 72300000,
        "grossProfitRatio": 0.1635376612,
        "researchAndDevelopmentExpenses": 0,
        "generalAndAdministrativeExpenses": 49000000,
        "sellingAndMarketingExpenses": 0,
        "sellingGeneralAndAdministrativeExpenses": 49000000,
        "otherExpenses": 3800000,
        "operatingExpenses": 52800000,
        "costAndExpenses": 422600000,
        "interestIncome": 0,
        "interestExpense": 0,
        "depreciationAndAmortization": 11100000,
        "ebitda": 30600000,
        "ebitdaratio": 0.0692151097,
        "operatingIncome": 19500000,
        "operatingIncomeRatio": 0.0441076679,
        "totalOtherIncomeExpensesNet": -14800000,
        "incomeBeforeTax": 4700000,
        "incomeBeforeTaxRatio": 0.0106310789,
        "incomeTaxExpense": 1500000,
        "netIncome": 1600000,
        "netIncomeRatio": 0.0036190907,
        "eps": 0.0112,
        "epsdiluted": 0.011,
        "weightedAverageShsOut": 143000000,
        "weightedAverageShsOutDil": 146000000,
        "link": "https://www.sec.gov/Archives/edgar/data/97216/000009721602000003/0000097216-02-000003-index.htm",
        "finalLink": "https://www.sec.gov/Archives/edgar/data/97216/000009721602000003/f10k2001.txt"
    },
    {
        "date": "2001-09-30",
        "symbol": "TEX",
        "reportedCurrency": "USD",
        "cik": "0000097216",
        "fillingDate": "2001-11-14",
        "acceptedDate": "2001-11-14 00:00:00",
        "calendarYear": "2001",
        "period": "Q3",
        "revenue": 453700000,
        "costOfRevenue": 408200000,
        "grossProfit": 45500000,
        "grossProfitRatio": 0.100286533,
        "researchAndDevelopmentExpenses": 0,
        "generalAndAdministrativeExpenses": 41800000,
        "sellingAndMarketingExpenses": 0,
        "sellingGeneralAndAdministrativeExpenses": 41800000,
        "otherExpenses": 0,
        "operatingExpenses": 41800000,
        "costAndExpenses": 450000000,
        "interestIncome": 0,
        "interestExpense": 0,
        "depreciationAndAmortization": 9800000,
        "ebitda": 13500000,
        "ebitdaratio": 0.0297553449,
        "operatingIncome": 3700000,
        "operatingIncomeRatio": 0.0081551686,
        "totalOtherIncomeExpensesNet": -19700000,
        "incomeBeforeTax": -16000000,
        "incomeBeforeTaxRatio": -0.035265594,
        "incomeTaxExpense": -5100000,
        "netIncome": -10900000,
        "netIncomeRatio": -0.0240246859,
        "eps": -0.0762,
        "epsdiluted": -0.0747,
        "weightedAverageShsOut": 143000000,
        "weightedAverageShsOutDil": 146000000,
        "link": "https://www.sec.gov/Archives/edgar/data/97216/000009721601500039/0000097216-01-500039-index.htm",
        "finalLink": "https://www.sec.gov/Archives/edgar/data/97216/000009721601500039/f10q_0901.txt"
    },
    {
        "date": "2001-06-30",
        "symbol": "TEX",
        "reportedCurrency": "USD",
        "cik": "0000097216",
        "fillingDate": "2001-08-14",
        "acceptedDate": "2001-08-14 00:00:00",
        "calendarYear": "2001",
        "period": "Q2",
        "revenue": 439300000,
        "costOfRevenue": 359100000,
        "grossProfit": 80200000,
        "grossProfitRatio": 0.1825631687,
        "researchAndDevelopmentExpenses": 0,
        "generalAndAdministrativeExpenses": 41000000,
        "sellingAndMarketingExpenses": 0,
        "sellingGeneralAndAdministrativeExpenses": 41000000,
        "otherExpenses": 0,
        "operatingExpenses": 41000000,
        "costAndExpenses": 400100000,
        "interestIncome": 0,
        "interestExpense": 0,
        "depreciationAndAmortization": 9600000,
        "ebitda": 48800000,
        "ebitdaratio": 0.1110858183,
        "operatingIncome": 39200000,
        "operatingIncomeRatio": 0.0892328705,
        "totalOtherIncomeExpensesNet": -21500000,
        "incomeBeforeTax": 17700000,
        "incomeBeforeTaxRatio": 0.0402913726,
        "incomeTaxExpense": 5700000,
        "netIncome": 12000000,
        "netIncomeRatio": 0.0273161848,
        "eps": 0.0839,
        "epsdiluted": 0.0822,
        "weightedAverageShsOut": 143000000,
        "weightedAverageShsOutDil": 146000000,
        "link": "https://www.sec.gov/Archives/edgar/data/97216/000009721601500028/0000097216-01-500028-index.htm",
        "finalLink": "https://www.sec.gov/Archives/edgar/data/97216/000009721601500028/f10q_0601.txt"
    },
    {
        "date": "2001-03-31",
        "symbol": "TEX",
        "reportedCurrency": "USD",
        "cik": "0000097216",
        "fillingDate": "2001-05-15",
        "acceptedDate": "2001-05-15 00:00:00",
        "calendarYear": "2001",
        "period": "Q1",
        "revenue": 477400000,
        "costOfRevenue": 398800000,
        "grossProfit": 78600000,
        "grossProfitRatio": 0.1646418098,
        "researchAndDevelopmentExpenses": 0,
        "generalAndAdministrativeExpenses": 40600000,
        "sellingAndMarketingExpenses": 0,
        "sellingGeneralAndAdministrativeExpenses": 40600000,
        "otherExpenses": 0,
        "operatingExpenses": 40600000,
        "costAndExpenses": 439400000,
        "interestIncome": 0,
        "interestExpense": 0,
        "depreciationAndAmortization": 9800000,
        "ebitda": 47800000,
        "ebitdaratio": 0.1001256808,
        "operatingIncome": 38000000,
        "operatingIncomeRatio": 0.0795978215,
        "totalOtherIncomeExpensesNet": -19800000,
        "incomeBeforeTax": 18200000,
        "incomeBeforeTaxRatio": 0.0381231672,
        "incomeTaxExpense": 5800000,
        "netIncome": 10100000,
        "netIncomeRatio": 0.0211562631,
        "eps": 0.0706,
        "epsdiluted": 0.0692,
        "weightedAverageShsOut": 143000000,
        "weightedAverageShsOutDil": 146000000,
        "link": "https://www.sec.gov/Archives/edgar/data/97216/000009721601500010/0000097216-01-500010-index.htm",
        "finalLink": "https://www.sec.gov/Archives/edgar/data/97216/000009721601500010/form10q03-01.txt"
    },
    {
        "date": "2000-12-31",
        "symbol": "TEX",
        "reportedCurrency": "USD",
        "cik": "0000097216",
        "fillingDate": "2001-03-22",
        "acceptedDate": "2001-03-22 00:00:00",
        "calendarYear": "2000",
        "period": "Q4",
        "revenue": 446600000,
        "costOfRevenue": 366400000,
        "grossProfit": 80200000,
        "grossProfitRatio": 0.1795790416,
        "researchAndDevelopmentExpenses": 0,
        "generalAndAdministrativeExpenses": 41200000,
        "sellingAndMarketingExpenses": 0,
        "sellingGeneralAndAdministrativeExpenses": 41200000,
        "otherExpenses": 10100000,
        "operatingExpenses": 51300000,
        "costAndExpenses": 417700000,
        "interestIncome": 0,
        "interestExpense": 0,
        "depreciationAndAmortization": 10100000,
        "ebitda": 39000000,
        "ebitdaratio": 0.0873264666,
        "operatingIncome": 28900000,
        "operatingIncomeRatio": 0.0647111509,
        "totalOtherIncomeExpensesNet": -17000000,
        "incomeBeforeTax": 11900000,
        "incomeBeforeTaxRatio": 0.026645768,
        "incomeTaxExpense": 3800000,
        "netIncome": -700000,
        "netIncomeRatio": -0.0015673981,
        "eps": -0.0049,
        "epsdiluted": -0.0048,
        "weightedAverageShsOut": 143000000,
        "weightedAverageShsOutDil": 146000000,
        "link": "https://www.sec.gov/Archives/edgar/data/97216/000009721601000031/0000097216-01-000031-index.htm",
        "finalLink": "https://www.sec.gov/Archives/edgar/data/97216/000009721601000031/0000097216-01-000031-0001.txt"
    },
    {
        "date": "2000-09-30",
        "symbol": "TEX",
        "reportedCurrency": "USD",
        "cik": "0000097216",
        "fillingDate": "2000-11-14",
        "acceptedDate": "2000-11-14 00:00:00",
        "calendarYear": "2000",
        "period": "Q3",
        "revenue": 475100000,
        "costOfRevenue": 378300000,
        "grossProfit": 96800000,
        "grossProfitRatio": 0.2037465797,
        "researchAndDevelopmentExpenses": 0,
        "generalAndAdministrativeExpenses": 39300000,
        "sellingAndMarketingExpenses": 0,
        "sellingGeneralAndAdministrativeExpenses": 39300000,
        "otherExpenses": 10100000,
        "operatingExpenses": 49400000,
        "costAndExpenses": 427700000,
        "interestIncome": 0,
        "interestExpense": 0,
        "depreciationAndAmortization": 10100000,
        "ebitda": 57500000,
        "ebitdaratio": 0.1210271522,
        "operatingIncome": 47400000,
        "operatingIncomeRatio": 0.0997684698,
        "totalOtherIncomeExpensesNet": 32600000,
        "incomeBeforeTax": 80000000,
        "incomeBeforeTaxRatio": 0.168385603,
        "incomeTaxExpense": 30300000,
        "netIncome": 49700000,
        "netIncomeRatio": 0.1046095559,
        "eps": 0.46,
        "epsdiluted": 0.45,
        "weightedAverageShsOut": 108000000,
        "weightedAverageShsOutDil": 111200000,
        "link": "https://www.sec.gov/Archives/edgar/data/97216/000009721600500019/0000097216-00-500019-index.htm",
        "finalLink": "https://www.sec.gov/Archives/edgar/data/97216/000009721600500019/0000097216-00-500019-0001.txt"
    },
    {
        "date": "2000-06-30",
        "symbol": "TEX",
        "reportedCurrency": "USD",
        "cik": "0000097216",
        "fillingDate": "2000-08-11",
        "acceptedDate": "2000-08-11 00:00:00",
        "calendarYear": "2000",
        "period": "Q2",
        "revenue": 593500000,
        "costOfRevenue": 476800000,
        "grossProfit": 116700000,
        "grossProfitRatio": 0.1966301601,
        "researchAndDevelopmentExpenses": 0,
        "generalAndAdministrativeExpenses": 43100000,
        "sellingAndMarketingExpenses": 0,
        "sellingGeneralAndAdministrativeExpenses": 43100000,
        "otherExpenses": 10100000,
        "operatingExpenses": 53200000,
        "costAndExpenses": 530000000,
        "interestIncome": 0,
        "interestExpense": 0,
        "depreciationAndAmortization": 10100000,
        "ebitda": 73600000,
        "ebitdaratio": 0.1240101095,
        "operatingIncome": 63500000,
        "operatingIncomeRatio": 0.1069924179,
        "totalOtherIncomeExpensesNet": -25300000,
        "incomeBeforeTax": 38200000,
        "incomeBeforeTaxRatio": 0.0643639427,
        "incomeTaxExpense": 12200000,
        "netIncome": 26000000,
        "netIncomeRatio": 0.0438079191,
        "eps": 0.24,
        "epsdiluted": 0.23,
        "weightedAverageShsOut": 109600000,
        "weightedAverageShsOutDil": 112400000,
        "link": "https://www.sec.gov/Archives/edgar/data/97216/000009721600000037/0000097216-00-000037-index.htm",
        "finalLink": "https://www.sec.gov/Archives/edgar/data/97216/000009721600000037/0000097216-00-000037-0001.txt"
    },
    {
        "date": "2000-03-31",
        "symbol": "TEX",
        "reportedCurrency": "USD",
        "cik": "0000097216",
        "fillingDate": "2000-05-11",
        "acceptedDate": "2000-05-11 00:00:00",
        "calendarYear": "2000",
        "period": "Q1",
        "revenue": 553500000,
        "costOfRevenue": 445600000,
        "grossProfit": 107900000,
        "grossProfitRatio": 0.1949412827,
        "researchAndDevelopmentExpenses": 0,
        "generalAndAdministrativeExpenses": 41700000,
        "sellingAndMarketingExpenses": 0,
        "sellingGeneralAndAdministrativeExpenses": 41700000,
        "otherExpenses": 11200000,
        "operatingExpenses": 52900000,
        "costAndExpenses": 498500000,
        "interestIncome": 0,
        "interestExpense": 0,
        "depreciationAndAmortization": 11200000,
        "ebitda": 66200000,
        "ebitdaratio": 0.1196025294,
        "operatingIncome": 55000000,
        "operatingIncomeRatio": 0.0993676603,
        "totalOtherIncomeExpensesNet": -25500000,
        "incomeBeforeTax": 29500000,
        "incomeBeforeTaxRatio": 0.0532971996,
        "incomeTaxExpense": 9400000,
        "netIncome": 20100000,
        "netIncomeRatio": 0.0363143631,
        "eps": 0.37,
        "epsdiluted": 0.36,
        "weightedAverageShsOut": 55000000,
        "weightedAverageShsOutDil": 56800000,
        "link": "https://www.sec.gov/Archives/edgar/data/97216/000009721600000027/0000097216-00-000027-index.html",
        "finalLink": "https://www.sec.gov/Archives/edgar/data/97216/000009721600000027/"
    },
    {
        "date": "1999-12-31",
        "symbol": "TEX",
        "reportedCurrency": "USD",
        "cik": "0000097216",
        "fillingDate": "2000-03-24",
        "acceptedDate": "2000-03-24 00:00:00",
        "calendarYear": "1999",
        "period": "Q4",
        "revenue": 489600000,
        "costOfRevenue": 399300000,
        "grossProfit": 90300000,
        "grossProfitRatio": 0.1844362745,
        "researchAndDevelopmentExpenses": 0,
        "generalAndAdministrativeExpenses": 39600000,
        "sellingAndMarketingExpenses": 0,
        "sellingGeneralAndAdministrativeExpenses": 39600000,
        "otherExpenses": 12300000,
        "operatingExpenses": 51900000,
        "costAndExpenses": 451200000,
        "interestIncome": 0,
        "interestExpense": 0,
        "depreciationAndAmortization": 12300000,
        "ebitda": 50700000,
        "ebitdaratio": 0.1035539216,
        "operatingIncome": 38400000,
        "operatingIncomeRatio": 0.0784313725,
        "totalOtherIncomeExpensesNet": -28900000,
        "incomeBeforeTax": 9500000,
        "incomeBeforeTaxRatio": 0.0194035948,
        "incomeTaxExpense": -77100000,
        "netIncome": 86600000,
        "netIncomeRatio": 0.176879085,
        "eps": 1.57,
        "epsdiluted": 1.52,
        "weightedAverageShsOut": 55000000,
        "weightedAverageShsOutDil": 56800000,
        "link": "https://www.sec.gov/Archives/edgar/data/97216/000009721600000022/0000097216-00-000022-index.html",
        "finalLink": "https://www.sec.gov/Archives/edgar/data/97216/000009721600000022/"
    },
    {
        "date": "1999-09-30",
        "symbol": "TEX",
        "reportedCurrency": "USD",
        "cik": "0000097216",
        "fillingDate": "1999-11-10",
        "acceptedDate": "1999-11-10 00:00:00",
        "calendarYear": "1999",
        "period": "Q3",
        "revenue": 495600000,
        "costOfRevenue": 399000000,
        "grossProfit": 96600000,
        "grossProfitRatio": 0.1949152542,
        "researchAndDevelopmentExpenses": 0,
        "generalAndAdministrativeExpenses": 38700000,
        "sellingAndMarketingExpenses": 0,
        "sellingGeneralAndAdministrativeExpenses": 38700000,
        "otherExpenses": 8100000,
        "operatingExpenses": 46800000,
        "costAndExpenses": 445800000,
        "interestIncome": 0,
        "interestExpense": 0,
        "depreciationAndAmortization": 8100000,
        "ebitda": 57900000,
        "ebitdaratio": 0.1168280872,
        "operatingIncome": 49800000,
        "operatingIncomeRatio": 0.1004842615,
        "totalOtherIncomeExpensesNet": -18800000,
        "incomeBeforeTax": 31000000,
        "incomeBeforeTaxRatio": 0.0625504439,
        "incomeTaxExpense": 1100000,
        "netIncome": 29900000,
        "netIncomeRatio": 0.060330912,
        "eps": 0.28,
        "epsdiluted": 0.27,
        "weightedAverageShsOut": 55000000,
        "weightedAverageShsOutDil": 55000000,
        "link": "https://www.sec.gov/Archives/edgar/data/97216/000009721699000094/0000097216-99-000094-index.html",
        "finalLink": "https://www.sec.gov/Archives/edgar/data/97216/000009721699000094/"
    },
    {
        "date": "1999-06-30",
        "symbol": "TEX",
        "reportedCurrency": "USD",
        "cik": "0000097216",
        "fillingDate": "1999-08-12",
        "acceptedDate": "1999-08-12 00:00:00",
        "calendarYear": "1999",
        "period": "Q2",
        "revenue": 448100000,
        "costOfRevenue": 365500000,
        "grossProfit": 82600000,
        "grossProfitRatio": 0.1843338541,
        "researchAndDevelopmentExpenses": 0,
        "generalAndAdministrativeExpenses": 29700000,
        "sellingAndMarketingExpenses": 0,
        "sellingGeneralAndAdministrativeExpenses": 29700000,
        "otherExpenses": 5900000,
        "operatingExpenses": 35600000,
        "costAndExpenses": 401100000,
        "interestIncome": 0,
        "interestExpense": 0,
        "depreciationAndAmortization": 5900000,
        "ebitda": 52900000,
        "ebitdaratio": 0.1180540058,
        "operatingIncome": 47000000,
        "operatingIncomeRatio": 0.1048873019,
        "totalOtherIncomeExpensesNet": -15900000,
        "incomeBeforeTax": 31100000,
        "incomeBeforeTaxRatio": 0.0694041509,
        "incomeTaxExpense": 700000,
        "netIncome": 30400000,
        "netIncomeRatio": 0.0678419996,
        "eps": 0.35,
        "epsdiluted": 0.33,
        "weightedAverageShsOut": 49800000,
        "weightedAverageShsOutDil": 49800000,
        "link": "https://www.sec.gov/Archives/edgar/data/97216/000009721699000075/0000097216-99-000075-index.html",
        "finalLink": "https://www.sec.gov/Archives/edgar/data/97216/000009721699000075/"
    },
    {
        "date": "1999-03-31",
        "symbol": "TEX",
        "reportedCurrency": "USD",
        "cik": "0000097216",
        "fillingDate": "1999-05-14",
        "acceptedDate": "1999-05-14 00:00:00",
        "calendarYear": "1999",
        "period": "Q1",
        "revenue": 423300000,
        "costOfRevenue": 346500000,
        "grossProfit": 76800000,
        "grossProfitRatio": 0.1814316088,
        "researchAndDevelopmentExpenses": 0,
        "generalAndAdministrativeExpenses": 30400000,
        "sellingAndMarketingExpenses": 0,
        "sellingGeneralAndAdministrativeExpenses": 30400000,
        "otherExpenses": 5900000,
        "operatingExpenses": 36300000,
        "costAndExpenses": 382800000,
        "interestIncome": 0,
        "interestExpense": 0,
        "depreciationAndAmortization": 5900000,
        "ebitda": 46400000,
        "ebitdaratio": 0.1096149303,
        "operatingIncome": 40500000,
        "operatingIncomeRatio": 0.0956768249,
        "totalOtherIncomeExpensesNet": -13700000,
        "incomeBeforeTax": 26800000,
        "incomeBeforeTaxRatio": 0.0633120718,
        "incomeTaxExpense": 800000,
        "netIncome": 26000000,
        "netIncomeRatio": 0.0614221592,
        "eps": 0.31,
        "epsdiluted": 0.29,
        "weightedAverageShsOut": 41800000,
        "weightedAverageShsOutDil": 41800000,
        "link": "https://www.sec.gov/Archives/edgar/data/97216/000009721699000044/0000097216-99-000044-index.html",
        "finalLink": "https://www.sec.gov/Archives/edgar/data/97216/"
    },
    {
        "date": "1998-12-31",
        "symbol": "TEX",
        "reportedCurrency": "USD",
        "cik": "0000097216",
        "fillingDate": "1999-03-31",
        "acceptedDate": "1999-03-31 00:00:00",
        "calendarYear": "1998",
        "period": "Q4",
        "revenue": 320400000,
        "costOfRevenue": 254900000,
        "grossProfit": 65500000,
        "grossProfitRatio": 0.20443196,
        "researchAndDevelopmentExpenses": 0,
        "generalAndAdministrativeExpenses": 29400000,
        "sellingAndMarketingExpenses": 0,
        "sellingGeneralAndAdministrativeExpenses": 29400000,
        "otherExpenses": 5900000,
        "operatingExpenses": 35300000,
        "costAndExpenses": 290200000,
        "interestIncome": 0,
        "interestExpense": 0,
        "depreciationAndAmortization": 5900000,
        "ebitda": 36100000,
        "ebitdaratio": 0.1126716604,
        "operatingIncome": 30200000,
        "operatingIncomeRatio": 0.0942571785,
        "totalOtherIncomeExpensesNet": -11300000,
        "incomeBeforeTax": 18900000,
        "incomeBeforeTaxRatio": 0.058988764,
        "incomeTaxExpense": 800000,
        "netIncome": 18100000,
        "netIncomeRatio": 0.0564918851,
        "eps": 0.43,
        "epsdiluted": 0.43,
        "weightedAverageShsOut": 41600000,
        "weightedAverageShsOutDil": 41800000,
        "link": "https://www.sec.gov/Archives/edgar/data/97216/000009721699000031/0000097216-99-000031-index.html",
        "finalLink": "https://www.sec.gov/Archives/edgar/data/97216/"
    },
    {
        "date": "1998-09-30",
        "symbol": "TEX",
        "reportedCurrency": "USD",
        "cik": "0000097216",
        "fillingDate": "1998-11-16",
        "acceptedDate": "1998-11-16 00:00:00",
        "calendarYear": "1998",
        "period": "Q3",
        "revenue": 318700000,
        "costOfRevenue": 255500000,
        "grossProfit": 63200000,
        "grossProfitRatio": 0.1983056166,
        "researchAndDevelopmentExpenses": 0,
        "generalAndAdministrativeExpenses": 26000000,
        "sellingAndMarketingExpenses": 0,
        "sellingGeneralAndAdministrativeExpenses": 26000000,
        "otherExpenses": 4500000,
        "operatingExpenses": 30500000,
        "costAndExpenses": 286000000,
        "interestIncome": 0,
        "interestExpense": 0,
        "depreciationAndAmortization": 4500000,
        "ebitda": 37200000,
        "ebitdaratio": 0.116724192,
        "operatingIncome": 32700000,
        "operatingIncomeRatio": 0.1026043301,
        "totalOtherIncomeExpensesNet": -12700000,
        "incomeBeforeTax": 20000000,
        "incomeBeforeTaxRatio": 0.062754942,
        "incomeTaxExpense": 300000,
        "netIncome": 19700000,
        "netIncomeRatio": 0.0618136178,
        "eps": 0.24,
        "epsdiluted": 0.22,
        "weightedAverageShsOut": 41600000,
        "weightedAverageShsOutDil": 41600000,
        "link": "https://www.sec.gov/Archives/edgar/data/97216/000009721698000099/0000097216-98-000099-index.html",
        "finalLink": "https://www.sec.gov/Archives/edgar/data/97216/"
    },
    {
        "date": "1998-06-30",
        "symbol": "TEX",
        "reportedCurrency": "USD",
        "cik": "0000097216",
        "fillingDate": "1998-08-14",
        "acceptedDate": "1998-08-14 00:00:00",
        "calendarYear": "1998",
        "period": "Q2",
        "revenue": 333500000,
        "costOfRevenue": 268800000,
        "grossProfit": 64700000,
        "grossProfitRatio": 0.1940029985,
        "researchAndDevelopmentExpenses": 0,
        "generalAndAdministrativeExpenses": 27400000,
        "sellingAndMarketingExpenses": 0,
        "sellingGeneralAndAdministrativeExpenses": 27400000,
        "otherExpenses": 4100000,
        "operatingExpenses": 31500000,
        "costAndExpenses": 300300000,
        "interestIncome": 0,
        "interestExpense": 0,
        "depreciationAndAmortization": 4100000,
        "ebitda": 37300000,
        "ebitdaratio": 0.111844078,
        "operatingIncome": 33200000,
        "operatingIncomeRatio": 0.0995502249,
        "totalOtherIncomeExpensesNet": -12200000,
        "incomeBeforeTax": 21000000,
        "incomeBeforeTaxRatio": 0.0629685157,
        "incomeTaxExpense": 400000,
        "netIncome": 20600000,
        "netIncomeRatio": 0.0617691154,
        "eps": 0.25,
        "epsdiluted": 0.23,
        "weightedAverageShsOut": 41600000,
        "weightedAverageShsOutDil": 41600000,
        "link": "https://www.sec.gov/Archives/edgar/data/97216/000009721698000078/0000097216-98-000078-index.html",
        "finalLink": "https://www.sec.gov/Archives/edgar/data/97216/"
    },
    {
        "date": "1998-03-31",
        "symbol": "TEX",
        "reportedCurrency": "USD",
        "cik": "0000097216",
        "fillingDate": "1998-05-15",
        "acceptedDate": "1998-05-15 00:00:00",
        "calendarYear": "1998",
        "period": "Q1",
        "revenue": 260600000,
        "costOfRevenue": 211900000,
        "grossProfit": 48700000,
        "grossProfitRatio": 0.186876439,
        "researchAndDevelopmentExpenses": 0,
        "generalAndAdministrativeExpenses": 21000000,
        "sellingAndMarketingExpenses": 0,
        "sellingGeneralAndAdministrativeExpenses": 21000000,
        "otherExpenses": 3900000,
        "operatingExpenses": 24900000,
        "costAndExpenses": 236800000,
        "interestIncome": 0,
        "interestExpense": 0,
        "depreciationAndAmortization": 3900000,
        "ebitda": 27700000,
        "ebitdaratio": 0.1062931696,
        "operatingIncome": 23800000,
        "operatingIncomeRatio": 0.0913277053,
        "totalOtherIncomeExpensesNet": -9200000,
        "incomeBeforeTax": 14600000,
        "incomeBeforeTaxRatio": 0.0560245587,
        "incomeTaxExpense": 200000,
        "netIncome": -23900000,
        "netIncomeRatio": -0.0917114351,
        "eps": -0.58,
        "epsdiluted": -0.58,
        "weightedAverageShsOut": 41200000,
        "weightedAverageShsOutDil": 41200000,
        "link": "https://www.sec.gov/Archives/edgar/data/97216/000009721698000030/0000097216-98-000030-index.html",
        "finalLink": "https://www.sec.gov/Archives/edgar/data/97216/"
    },
    {
        "date": "1997-12-31",
        "symbol": "TEX",
        "reportedCurrency": "USD",
        "cik": "0000097216",
        "fillingDate": "1998-03-30",
        "acceptedDate": "1998-03-30 00:00:00",
        "calendarYear": "1997",
        "period": "Q4",
        "revenue": 219700000,
        "costOfRevenue": 181600000,
        "grossProfit": 38100000,
        "grossProfitRatio": 0.1734182977,
        "researchAndDevelopmentExpenses": 0,
        "generalAndAdministrativeExpenses": 17400000,
        "sellingAndMarketingExpenses": 0,
        "sellingGeneralAndAdministrativeExpenses": 17400000,
        "otherExpenses": 3900000,
        "operatingExpenses": 21300000,
        "costAndExpenses": 202900000,
        "interestIncome": 0,
        "interestExpense": 0,
        "depreciationAndAmortization": 3900000,
        "ebitda": 20700000,
        "ebitdaratio": 0.0942193901,
        "operatingIncome": 16800000,
        "operatingIncomeRatio": 0.0764679108,
        "totalOtherIncomeExpensesNet": -6500000,
        "incomeBeforeTax": 10300000,
        "incomeBeforeTaxRatio": 0.046882112,
        "incomeTaxExpense": 300000,
        "netIncome": 10000000,
        "netIncomeRatio": 0.0455166136,
        "eps": 0.24,
        "epsdiluted": 0.24,
        "weightedAverageShsOut": 41000000,
        "weightedAverageShsOutDil": 41200000,
        "link": "https://www.sec.gov/Archives/edgar/data/97216/000009721698000015/0000097216-98-000015-index.html",
        "finalLink": "https://www.sec.gov/Archives/edgar/data/97216/"
    },
    {
        "date": "1997-09-30",
        "symbol": "TEX",
        "reportedCurrency": "USD",
        "cik": "0000097216",
        "fillingDate": "1997-11-14",
        "acceptedDate": "1997-11-14 00:00:00",
        "calendarYear": "1997",
        "period": "Q3",
        "revenue": 214100000,
        "costOfRevenue": 173900000,
        "grossProfit": 40200000,
        "grossProfitRatio": 0.1877627277,
        "researchAndDevelopmentExpenses": 0,
        "generalAndAdministrativeExpenses": 17800000,
        "sellingAndMarketingExpenses": 0,
        "sellingGeneralAndAdministrativeExpenses": 17800000,
        "otherExpenses": 3200000,
        "operatingExpenses": 21000000,
        "costAndExpenses": 194900000,
        "interestIncome": 0,
        "interestExpense": 0,
        "depreciationAndAmortization": 3400000,
        "ebitda": 22600000,
        "ebitdaratio": 0.1055581504,
        "operatingIncome": 19200000,
        "operatingIncomeRatio": 0.0896777207,
        "totalOtherIncomeExpensesNet": -900000,
        "incomeBeforeTax": 18300000,
        "incomeBeforeTaxRatio": 0.0854740775,
        "incomeTaxExpense": 22700000,
        "netIncome": -3500000,
        "netIncomeRatio": -0.0163475012,
        "eps": -0.0888,
        "epsdiluted": -0.0888,
        "weightedAverageShsOut": 39400000,
        "weightedAverageShsOutDil": 39400000,
        "link": "https://www.sec.gov/Archives/edgar/data/97216/000009721697000059/0000097216-97-000059-index.html",
        "finalLink": "https://www.sec.gov/Archives/edgar/data/97216/"
    },
    {
        "date": "1997-06-30",
        "symbol": "TEX",
        "reportedCurrency": "USD",
        "cik": "0000097216",
        "fillingDate": "1997-08-14",
        "acceptedDate": "1997-08-14 00:00:00",
        "calendarYear": "1997",
        "period": "Q2",
        "revenue": 232200000,
        "costOfRevenue": 189900000,
        "grossProfit": 42300000,
        "grossProfitRatio": 0.1821705426,
        "researchAndDevelopmentExpenses": 0,
        "generalAndAdministrativeExpenses": 19200000,
        "sellingAndMarketingExpenses": 0,
        "sellingGeneralAndAdministrativeExpenses": 19200000,
        "otherExpenses": 4000000,
        "operatingExpenses": 23200000,
        "costAndExpenses": 213100000,
        "interestIncome": 0,
        "interestExpense": 0,
        "depreciationAndAmortization": 4000000,
        "ebitda": 23100000,
        "ebitdaratio": 0.0994832041,
        "operatingIncome": 19100000,
        "operatingIncomeRatio": 0.0822566753,
        "totalOtherIncomeExpensesNet": -11200000,
        "incomeBeforeTax": 7900000,
        "incomeBeforeTaxRatio": 0.0340223945,
        "incomeTaxExpense": 200000,
        "netIncome": 5100000,
        "netIncomeRatio": 0.0219638243,
        "eps": 0.0825,
        "epsdiluted": 0.0775,
        "weightedAverageShsOut": 27600000,
        "weightedAverageShsOutDil": 40306000,
        "link": "https://www.sec.gov/Archives/edgar/data/97216/000009721697000046/0000097216-97-000046-index.html",
        "finalLink": "https://www.sec.gov/Archives/edgar/data/97216/"
    },
    {
        "date": "1997-03-31",
        "symbol": "TEX",
        "reportedCurrency": "USD",
        "cik": "0000097216",
        "fillingDate": "1997-05-14",
        "acceptedDate": "1997-05-14 00:00:00",
        "calendarYear": "1997",
        "period": "Q1",
        "revenue": 176300000,
        "costOfRevenue": 145800000,
        "grossProfit": 30500000,
        "grossProfitRatio": 0.1730005672,
        "researchAndDevelopmentExpenses": 0,
        "generalAndAdministrativeExpenses": 14100000,
        "sellingAndMarketingExpenses": 0,
        "sellingGeneralAndAdministrativeExpenses": 14100000,
        "otherExpenses": 3000000,
        "operatingExpenses": 17100000,
        "costAndExpenses": 162900000,
        "interestIncome": 0,
        "interestExpense": 0,
        "depreciationAndAmortization": 3000000,
        "ebitda": 16400000,
        "ebitdaratio": 0.0930232558,
        "operatingIncome": 13400000,
        "operatingIncomeRatio": 0.0760068066,
        "totalOtherIncomeExpensesNet": -9300000,
        "incomeBeforeTax": 4100000,
        "incomeBeforeTaxRatio": 0.023255814,
        "incomeTaxExpense": 200000,
        "netIncome": 3900000,
        "netIncomeRatio": 0.022121384,
        "eps": 0.065,
        "epsdiluted": 0.0968,
        "weightedAverageShsOut": 26600000,
        "weightedAverageShsOutDil": 40306000,
        "link": "https://www.sec.gov/Archives/edgar/data/97216/000009721697000029/0000097216-97-000029-index.html",
        "finalLink": "https://www.sec.gov/Archives/edgar/data/97216/"
    },
    {
        "date": "1996-12-31",
        "symbol": "TEX",
        "reportedCurrency": "USD",
        "cik": "0000097216",
        "fillingDate": "1997-03-28",
        "acceptedDate": "1997-03-28 00:00:00",
        "calendarYear": "1996",
        "period": "Q4",
        "revenue": 156800000,
        "costOfRevenue": 159600000,
        "grossProfit": -2800000,
        "grossProfitRatio": -0.0178571429,
        "researchAndDevelopmentExpenses": 0,
        "generalAndAdministrativeExpenses": 16800000,
        "sellingAndMarketingExpenses": 0,
        "sellingGeneralAndAdministrativeExpenses": 16800000,
        "otherExpenses": 2100000,
        "operatingExpenses": 18900000,
        "costAndExpenses": 178500000,
        "interestIncome": 0,
        "interestExpense": 0,
        "depreciationAndAmortization": 2100000,
        "ebitda": -19600000,
        "ebitdaratio": -0.125,
        "operatingIncome": -21700000,
        "operatingIncomeRatio": -0.1383928571,
        "totalOtherIncomeExpensesNet": 21700000,
        "incomeBeforeTax": 0,
        "incomeBeforeTaxRatio": 0,
        "incomeTaxExpense": -63000000,
        "netIncome": 41300000,
        "netIncomeRatio": 0.2633928571,
        "eps": 1.55,
        "epsdiluted": 1.02,
        "weightedAverageShsOut": 26400000,
        "weightedAverageShsOutDil": 40306000,
        "link": "https://www.sec.gov/Archives/edgar/data/97216/000009721697000020/0000097216-97-000020-index.html",
        "finalLink": "https://www.sec.gov/Archives/edgar/data/97216/"
    },
    {
        "date": "1996-09-30",
        "symbol": "TEX",
        "reportedCurrency": "USD",
        "cik": "0000097216",
        "fillingDate": "1996-11-14",
        "acceptedDate": "1996-11-14 00:00:00",
        "calendarYear": "1996",
        "period": "Q3",
        "revenue": 165700000,
        "costOfRevenue": 137100000,
        "grossProfit": 28600000,
        "grossProfitRatio": 0.1726010863,
        "researchAndDevelopmentExpenses": 0,
        "generalAndAdministrativeExpenses": 14800000,
        "sellingAndMarketingExpenses": 0,
        "sellingGeneralAndAdministrativeExpenses": 14800000,
        "otherExpenses": 4900000,
        "operatingExpenses": 19700000,
        "costAndExpenses": 156800000,
        "interestIncome": 0,
        "interestExpense": 0,
        "depreciationAndAmortization": 4900000,
        "ebitda": 13800000,
        "ebitdaratio": 0.0832830416,
        "operatingIncome": 8900000,
        "operatingIncomeRatio": 0.0537115269,
        "totalOtherIncomeExpensesNet": -500000,
        "incomeBeforeTax": 8400000,
        "incomeBeforeTaxRatio": 0.0506940253,
        "incomeTaxExpense": 7500000,
        "netIncome": 1400000,
        "netIncomeRatio": 0.0084490042,
        "eps": -0.0175,
        "epsdiluted": 0.0347,
        "weightedAverageShsOut": 23000000,
        "weightedAverageShsOutDil": 40306000,
        "link": "https://www.sec.gov/Archives/edgar/data/97216/000009721696000077/0000097216-96-000077-index.html",
        "finalLink": "https://www.sec.gov/Archives/edgar/data/97216/"
    },
    {
        "date": "1996-06-30",
        "symbol": "TEX",
        "reportedCurrency": "USD",
        "cik": "0000097216",
        "fillingDate": "1996-08-14",
        "acceptedDate": "1996-08-14 00:00:00",
        "calendarYear": "1996",
        "period": "Q2",
        "revenue": 182800000,
        "costOfRevenue": 156200000,
        "grossProfit": 26600000,
        "grossProfitRatio": 0.1455142232,
        "researchAndDevelopmentExpenses": 0,
        "generalAndAdministrativeExpenses": 16300000,
        "sellingAndMarketingExpenses": 0,
        "sellingGeneralAndAdministrativeExpenses": 16300000,
        "otherExpenses": -400000,
        "operatingExpenses": 15900000,
        "costAndExpenses": 172100000,
        "interestIncome": 0,
        "interestExpense": 0,
        "depreciationAndAmortization": -400000,
        "ebitda": 10300000,
        "ebitdaratio": 0.056345733,
        "operatingIncome": 10700000,
        "operatingIncomeRatio": 0.0585339168,
        "totalOtherIncomeExpensesNet": -10700000,
        "incomeBeforeTax": 9700000,
        "incomeBeforeTaxRatio": 0.0530634573,
        "incomeTaxExpense": 6200000,
        "netIncome": 4500000,
        "netIncomeRatio": 0.0246170678,
        "eps": 0.0475,
        "epsdiluted": 0.11,
        "weightedAverageShsOut": 23000000,
        "weightedAverageShsOutDil": 40306000,
        "link": "https://www.sec.gov/Archives/edgar/data/97216/000009721696000048/0000097216-96-000048-index.html",
        "finalLink": "https://www.sec.gov/Archives/edgar/data/97216/"
    },
    {
        "date": "1996-03-31",
        "symbol": "TEX",
        "reportedCurrency": "USD",
        "cik": "0000097216",
        "fillingDate": "1996-05-15",
        "acceptedDate": "1996-05-15 00:00:00",
        "calendarYear": "1996",
        "period": "Q1",
        "revenue": 282000000,
        "costOfRevenue": 240200000,
        "grossProfit": 41800000,
        "grossProfitRatio": 0.1482269504,
        "researchAndDevelopmentExpenses": 0,
        "generalAndAdministrativeExpenses": 23900000,
        "sellingAndMarketingExpenses": 0,
        "sellingGeneralAndAdministrativeExpenses": 23900000,
        "otherExpenses": 7100000,
        "operatingExpenses": 31000000,
        "costAndExpenses": 271200000,
        "interestIncome": 0,
        "interestExpense": 0,
        "depreciationAndAmortization": 7100000,
        "ebitda": 17900000,
        "ebitdaratio": 0.0634751773,
        "operatingIncome": 10800000,
        "operatingIncomeRatio": 0.0382978723,
        "totalOtherIncomeExpensesNet": 1200000,
        "incomeBeforeTax": 12000000,
        "incomeBeforeTaxRatio": 0.0425531915,
        "incomeTaxExpense": 10300000,
        "netIncome": 500000,
        "netIncomeRatio": 0.0017730496,
        "eps": -0.0325,
        "epsdiluted": 0.0124,
        "weightedAverageShsOut": 21200000,
        "weightedAverageShsOutDil": 40306000,
        "link": "https://www.sec.gov/Archives/edgar/data/97216/000009721696000029/0000097216-96-000029-index.html",
        "finalLink": "https://www.sec.gov/Archives/edgar/data/97216/"
    },
    {
        "date": "1995-12-31",
        "symbol": "TEX",
        "reportedCurrency": "USD",
        "cik": "0000097216",
        "fillingDate": "1996-03-29",
        "acceptedDate": "1996-03-29 00:00:00",
        "calendarYear": "1995",
        "period": "Q4",
        "revenue": 263300000,
        "costOfRevenue": 225000000,
        "grossProfit": 38300000,
        "grossProfitRatio": 0.1454614508,
        "researchAndDevelopmentExpenses": 0,
        "generalAndAdministrativeExpenses": 21900000,
        "sellingAndMarketingExpenses": 0,
        "sellingGeneralAndAdministrativeExpenses": 21900000,
        "otherExpenses": 6500000,
        "operatingExpenses": 28400000,
        "costAndExpenses": 253400000,
        "interestIncome": 0,
        "interestExpense": 0,
        "depreciationAndAmortization": 6500000,
        "ebitda": 16400000,
        "ebitdaratio": 0.0622863654,
        "operatingIncome": 9900000,
        "operatingIncomeRatio": 0.0375996962,
        "totalOtherIncomeExpensesNet": -700000,
        "incomeBeforeTax": 9200000,
        "incomeBeforeTaxRatio": 0.0349411318,
        "incomeTaxExpense": 11700000,
        "netIncome": -1800000,
        "netIncomeRatio": -0.0068363084,
        "eps": -0.0849,
        "epsdiluted": -0.0447,
        "weightedAverageShsOut": 21200000,
        "weightedAverageShsOutDil": 40306000,
        "link": "https://www.sec.gov/Archives/edgar/data/97216/000009721696000012/0000097216-96-000012-index.html",
        "finalLink": "https://www.sec.gov/Archives/edgar/data/97216/"
    },
    {
        "date": "1995-09-30",
        "symbol": "TEX",
        "reportedCurrency": "USD",
        "cik": "0000097216",
        "fillingDate": "1995-11-14",
        "acceptedDate": "1995-11-14 00:00:00",
        "calendarYear": "1995",
        "period": "Q3",
        "revenue": 283300000,
        "costOfRevenue": 245600000,
        "grossProfit": 37700000,
        "grossProfitRatio": 0.1330744794,
        "researchAndDevelopmentExpenses": 0,
        "generalAndAdministrativeExpenses": 23000000,
        "sellingAndMarketingExpenses": 0,
        "sellingGeneralAndAdministrativeExpenses": 23000000,
        "otherExpenses": 6900000,
        "operatingExpenses": 29900000,
        "costAndExpenses": 275500000,
        "interestIncome": 0,
        "interestExpense": 0,
        "depreciationAndAmortization": 6900000,
        "ebitda": 14700000,
        "ebitdaratio": 0.0518884575,
        "operatingIncome": 7800000,
        "operatingIncomeRatio": 0.0275326509,
        "totalOtherIncomeExpensesNet": -3700000,
        "incomeBeforeTax": 4100000,
        "incomeBeforeTaxRatio": 0.0144722909,
        "incomeTaxExpense": 15600000,
        "netIncome": -7800000,
        "netIncomeRatio": -0.0275326509,
        "eps": -0.38,
        "epsdiluted": -0.19,
        "weightedAverageShsOut": 20718000,
        "weightedAverageShsOutDil": 40306000,
        "link": "https://www.sec.gov/Archives/edgar/data/97216/000009721695000014/0000097216-95-000014-index.html",
        "finalLink": "https://www.sec.gov/Archives/edgar/data/97216/"
    },
    {
        "date": "1995-06-30",
        "symbol": "TEX",
        "reportedCurrency": "USD",
        "cik": "0000097216",
        "fillingDate": "1995-08-15",
        "acceptedDate": "1995-08-15 00:00:00",
        "calendarYear": "1995",
        "period": "Q2",
        "revenue": 269400000,
        "costOfRevenue": 235600000,
        "grossProfit": 33800000,
        "grossProfitRatio": 0.1254639941,
        "researchAndDevelopmentExpenses": 0,
        "generalAndAdministrativeExpenses": 23200000,
        "sellingAndMarketingExpenses": 0,
        "sellingGeneralAndAdministrativeExpenses": 23200000,
        "otherExpenses": 9600000,
        "operatingExpenses": 32800000,
        "costAndExpenses": 268400000,
        "interestIncome": 0,
        "interestExpense": 0,
        "depreciationAndAmortization": 9600000,
        "ebitda": 10600000,
        "ebitdaratio": 0.0393466964,
        "operatingIncome": 1000000,
        "operatingIncomeRatio": 0.0037119525,
        "totalOtherIncomeExpensesNet": -17300000,
        "incomeBeforeTax": -16300000,
        "incomeBeforeTaxRatio": -0.0605048255,
        "incomeTaxExpense": 100000,
        "netIncome": -23900000,
        "netIncomeRatio": -0.0887156644,
        "eps": -1.16,
        "epsdiluted": -0.59,
        "weightedAverageShsOut": 20628000,
        "weightedAverageShsOutDil": 40306000,
        "link": "https://www.sec.gov/Archives/edgar/data/97216/000009721695000011/0000097216-95-000011-index.html",
        "finalLink": "https://www.sec.gov/Archives/edgar/data/97216/"
    },
    {
        "date": "1995-03-31",
        "symbol": "TEX",
        "reportedCurrency": "USD",
        "cik": "0000097216",
        "fillingDate": "1995-05-15",
        "acceptedDate": "1995-05-15 00:00:00",
        "calendarYear": "1995",
        "period": "Q1",
        "revenue": 214100000,
        "costOfRevenue": 188200000,
        "grossProfit": 25900000,
        "grossProfitRatio": 0.1209715086,
        "researchAndDevelopmentExpenses": 0,
        "generalAndAdministrativeExpenses": 15200000,
        "sellingAndMarketingExpenses": 0,
        "sellingGeneralAndAdministrativeExpenses": 15200000,
        "otherExpenses": 4700000,
        "operatingExpenses": 19900000,
        "costAndExpenses": 208100000,
        "interestIncome": 0,
        "interestExpense": 0,
        "depreciationAndAmortization": 4700000,
        "ebitda": 10700000,
        "ebitdaratio": 0.0499766464,
        "operatingIncome": 6000000,
        "operatingIncomeRatio": 0.0280242877,
        "totalOtherIncomeExpensesNet": -7800000,
        "incomeBeforeTax": -1800000,
        "incomeBeforeTaxRatio": -0.0084072863,
        "incomeTaxExpense": 100000,
        "netIncome": -1900000,
        "netIncomeRatio": -0.0088743578,
        "eps": -0.0921,
        "epsdiluted": -0.0471,
        "weightedAverageShsOut": 20628000,
        "weightedAverageShsOutDil": 40306000,
        "link": "https://www.sec.gov/Archives/edgar/data/97216/000009721695000007/0000097216-95-000007-index.html",
        "finalLink": "https://www.sec.gov/Archives/edgar/data/97216/"
    },
    {
        "date": "1994-12-31",
        "symbol": "TEX",
        "reportedCurrency": "USD",
        "cik": "0000097216",
        "fillingDate": "1995-03-31",
        "acceptedDate": "1995-03-31 00:00:00",
        "calendarYear": "1994",
        "period": "Q4",
        "revenue": 213400000,
        "costOfRevenue": 185700000,
        "grossProfit": 27700000,
        "grossProfitRatio": 0.1298031865,
        "researchAndDevelopmentExpenses": 0,
        "generalAndAdministrativeExpenses": 14800000,
        "sellingAndMarketingExpenses": 0,
        "sellingGeneralAndAdministrativeExpenses": 14800000,
        "otherExpenses": 3800000,
        "operatingExpenses": 18600000,
        "costAndExpenses": 204300000,
        "interestIncome": 0,
        "interestExpense": 0,
        "depreciationAndAmortization": 3800000,
        "ebitda": 12900000,
        "ebitdaratio": 0.0604498594,
        "operatingIncome": 9100000,
        "operatingIncomeRatio": 0.0426429241,
        "totalOtherIncomeExpensesNet": -8500000,
        "incomeBeforeTax": 600000,
        "incomeBeforeTaxRatio": 0.0028116214,
        "incomeTaxExpense": 0,
        "netIncome": 300000,
        "netIncomeRatio": 0.0014058107,
        "eps": 0.015,
        "epsdiluted": 0.0074,
        "weightedAverageShsOut": 20606000,
        "weightedAverageShsOutDil": 40306000,
        "link": "https://www.sec.gov/Archives/edgar/data/97216/000009721695000002/0000097216-95-000002-index.html",
        "finalLink": "https://www.sec.gov/Archives/edgar/data/97216/"
    },
    {
        "date": "1994-09-30",
        "symbol": "TEX",
        "reportedCurrency": "USD",
        "cik": "0000097216",
        "fillingDate": "1994-11-10",
        "acceptedDate": "1994-11-10 00:00:00",
        "calendarYear": "1994",
        "period": "Q3",
        "revenue": 207100000,
        "costOfRevenue": 179000000,
        "grossProfit": 28100000,
        "grossProfitRatio": 0.1356832448,
        "researchAndDevelopmentExpenses": 0,
        "generalAndAdministrativeExpenses": 17600000,
        "sellingAndMarketingExpenses": 0,
        "sellingGeneralAndAdministrativeExpenses": 17600000,
        "otherExpenses": 4400000,
        "operatingExpenses": 22000000,
        "costAndExpenses": 201000000,
        "interestIncome": 0,
        "interestExpense": 0,
        "depreciationAndAmortization": 4900000,
        "ebitda": 11000000,
        "ebitdaratio": 0.0531144375,
        "operatingIncome": 6100000,
        "operatingIncomeRatio": 0.0294543699,
        "totalOtherIncomeExpensesNet": 2900000,
        "incomeBeforeTax": 9000000,
        "incomeBeforeTaxRatio": 0.043457267,
        "incomeTaxExpense": 5100000,
        "netIncome": 1000000,
        "netIncomeRatio": 0.0048285852,
        "eps": -0.0125,
        "epsdiluted": -0.0125,
        "weightedAverageShsOut": 41212000,
        "weightedAverageShsOutDil": 41212000,
        "link": "https://www.sec.gov/Archives/edgar/data/97216/000009721694000042/0000097216-94-000042-index.html",
        "finalLink": "https://www.sec.gov/Archives/edgar/data/97216/"
    },
    {
        "date": "1994-06-30",
        "symbol": "TEX",
        "reportedCurrency": "USD",
        "cik": "0000097216",
        "fillingDate": "1994-08-15",
        "acceptedDate": "1994-08-15 00:00:00",
        "calendarYear": "1994",
        "period": "Q2",
        "revenue": 198200000,
        "costOfRevenue": 175100000,
        "grossProfit": 23100000,
        "grossProfitRatio": 0.1165489405,
        "researchAndDevelopmentExpenses": 0,
        "generalAndAdministrativeExpenses": 22000000,
        "sellingAndMarketingExpenses": 0,
        "sellingGeneralAndAdministrativeExpenses": 22000000,
        "otherExpenses": 3600000,
        "operatingExpenses": 25600000,
        "costAndExpenses": 200700000,
        "interestIncome": 0,
        "interestExpense": 0,
        "depreciationAndAmortization": 3600000,
        "ebitda": 1100000,
        "ebitdaratio": 0.0055499495,
        "operatingIncome": -2500000,
        "operatingIncomeRatio": -0.0126135217,
        "totalOtherIncomeExpensesNet": 13600000,
        "incomeBeforeTax": 11100000,
        "incomeBeforeTaxRatio": 0.0560040363,
        "incomeTaxExpense": 800000,
        "netIncome": 10100000,
        "netIncomeRatio": 0.0509586276,
        "eps": 0.16,
        "epsdiluted": 0.33,
        "weightedAverageShsOut": 55356000,
        "weightedAverageShsOutDil": 30909000,
        "link": "https://www.sec.gov/Archives/edgar/data/97216/000009721694000032/0000097216-94-000032-index.html",
        "finalLink": "https://www.sec.gov/Archives/edgar/data/97216/"
    },
    {
        "date": "1994-03-31",
        "symbol": "TEX",
        "reportedCurrency": "USD",
        "cik": "0000097216",
        "fillingDate": "1994-05-16",
        "acceptedDate": "1994-05-16 00:00:00",
        "calendarYear": "1994",
        "period": "Q1",
        "revenue": 168100000,
        "costOfRevenue": 149200000,
        "grossProfit": 18900000,
        "grossProfitRatio": 0.1124330756,
        "researchAndDevelopmentExpenses": 0,
        "generalAndAdministrativeExpenses": 0,
        "sellingAndMarketingExpenses": 0,
        "sellingGeneralAndAdministrativeExpenses": 21400000,
        "otherExpenses": 4800000,
        "operatingExpenses": 26200000,
        "costAndExpenses": 175400000,
        "interestIncome": 0,
        "interestExpense": 0,
        "depreciationAndAmortization": 4800000,
        "ebitda": -2500000,
        "ebitdaratio": -0.0148720999,
        "operatingIncome": -7300000,
        "operatingIncomeRatio": -0.0434265318,
        "totalOtherIncomeExpensesNet": 4000000,
        "incomeBeforeTax": -3300000,
        "incomeBeforeTaxRatio": -0.0196311719,
        "incomeTaxExpense": 3500000,
        "netIncome": -10800000,
        "netIncomeRatio": -0.0642474717,
        "eps": -0.52,
        "epsdiluted": -0.52,
        "weightedAverageShsOut": 20606000,
        "weightedAverageShsOutDil": 20606000,
        "link": "https://www.sec.gov/Archives/edgar/data/97216/000009721694000019/0000097216-94-000019-index.html",
        "finalLink": "https://www.sec.gov/Archives/edgar/data/97216/"
    },
    {
        "date": "1993-12-31",
        "symbol": "TEX",
        "reportedCurrency": "USD",
        "cik": "0000097216",
        "fillingDate": "1993-12-31",
        "acceptedDate": "1993-12-30 19:00:00",
        "calendarYear": "1993",
        "period": "Q4",
        "revenue": 150800000,
        "costOfRevenue": 141700000,
        "grossProfit": 9100000,
        "grossProfitRatio": 0.0603448276,
        "researchAndDevelopmentExpenses": 0,
        "generalAndAdministrativeExpenses": 0,
        "sellingAndMarketingExpenses": 0,
        "sellingGeneralAndAdministrativeExpenses": 15100000,
        "otherExpenses": 4800000,
        "operatingExpenses": 19900000,
        "costAndExpenses": 161600000,
        "interestIncome": 0,
        "interestExpense": 0,
        "depreciationAndAmortization": 4800000,
        "ebitda": -6000000,
        "ebitdaratio": -0.0397877984,
        "operatingIncome": -10800000,
        "operatingIncomeRatio": -0.0716180371,
        "totalOtherIncomeExpensesNet": -9500000,
        "incomeBeforeTax": -20300000,
        "incomeBeforeTaxRatio": -0.1346153846,
        "incomeTaxExpense": 0,
        "netIncome": -21800000,
        "netIncomeRatio": -0.1445623342,
        "eps": -1.06,
        "epsdiluted": -1.06,
        "weightedAverageShsOut": 20606000,
        "weightedAverageShsOutDil": 20606000,
        "link": "",
        "finalLink": ""
    },
    {
        "date": "1993-09-30",
        "symbol": "TEX",
        "reportedCurrency": "USD",
        "cik": "0000097216",
        "fillingDate": "1993-09-30",
        "acceptedDate": "1993-09-29 20:00:00",
        "calendarYear": "1993",
        "period": "Q3",
        "revenue": 164100000,
        "costOfRevenue": 145800000,
        "grossProfit": 18300000,
        "grossProfitRatio": 0.1115173675,
        "researchAndDevelopmentExpenses": 0,
        "generalAndAdministrativeExpenses": 0,
        "sellingAndMarketingExpenses": 0,
        "sellingGeneralAndAdministrativeExpenses": 20100000,
        "otherExpenses": 5900000,
        "operatingExpenses": 26000000,
        "costAndExpenses": 171800000,
        "interestIncome": 0,
        "interestExpense": 0,
        "depreciationAndAmortization": 4300000,
        "ebitda": -1800000,
        "ebitdaratio": -0.0109689214,
        "operatingIncome": -7700000,
        "operatingIncomeRatio": -0.0469226082,
        "totalOtherIncomeExpensesNet": 73800000,
        "incomeBeforeTax": 66100000,
        "incomeBeforeTaxRatio": 0.4028031688,
        "incomeTaxExpense": 100000,
        "netIncome": 66000000,
        "netIncomeRatio": 0.4021937843,
        "eps": 1.66,
        "epsdiluted": 1.66,
        "weightedAverageShsOut": 19906000,
        "weightedAverageShsOutDil": 19906000,
        "link": "",
        "finalLink": ""
    },
    {
        "date": "1993-06-30",
        "symbol": "TEX",
        "reportedCurrency": "USD",
        "cik": "0000097216",
        "fillingDate": "1993-06-30",
        "acceptedDate": "1993-06-29 20:00:00",
        "calendarYear": "1993",
        "period": "Q2",
        "revenue": 172300000,
        "costOfRevenue": 151300000,
        "grossProfit": 21000000,
        "grossProfitRatio": 0.1218804411,
        "researchAndDevelopmentExpenses": 0,
        "generalAndAdministrativeExpenses": 0,
        "sellingAndMarketingExpenses": 0,
        "sellingGeneralAndAdministrativeExpenses": 21700000,
        "otherExpenses": 6600000,
        "operatingExpenses": 28300000,
        "costAndExpenses": 179600000,
        "interestIncome": 0,
        "interestExpense": 0,
        "depreciationAndAmortization": 5300000,
        "ebitda": -700000,
        "ebitdaratio": -0.0040626814,
        "operatingIncome": -7300000,
        "operatingIncomeRatio": -0.0423679629,
        "totalOtherIncomeExpensesNet": -8200000,
        "incomeBeforeTax": -83000000,
        "incomeBeforeTaxRatio": -0.4817179338,
        "incomeTaxExpense": 100000,
        "netIncome": -83100000,
        "netIncomeRatio": -0.4822983169,
        "eps": -4.17,
        "epsdiluted": -4.17,
        "weightedAverageShsOut": 19906000,
        "weightedAverageShsOutDil": 19906000,
        "link": "",
        "finalLink": ""
    },
    {
        "date": "1993-03-31",
        "symbol": "TEX",
        "reportedCurrency": "USD",
        "cik": "0000097216",
        "fillingDate": "1993-03-31",
        "acceptedDate": "1993-03-30 19:00:00",
        "calendarYear": "1993",
        "period": "Q1",
        "revenue": 261400000,
        "costOfRevenue": 232600000,
        "grossProfit": 28800000,
        "grossProfitRatio": 0.1101759755,
        "researchAndDevelopmentExpenses": 0,
        "generalAndAdministrativeExpenses": 0,
        "sellingAndMarketingExpenses": 0,
        "sellingGeneralAndAdministrativeExpenses": 33600000,
        "otherExpenses": 8000000,
        "operatingExpenses": 41600000,
        "costAndExpenses": 274200000,
        "interestIncome": 0,
        "interestExpense": 0,
        "depreciationAndAmortization": 8000000,
        "ebitda": -4800000,
        "ebitdaratio": -0.0183626626,
        "operatingIncome": -12800000,
        "operatingIncomeRatio": -0.0489671002,
        "totalOtherIncomeExpensesNet": -14400000,
        "incomeBeforeTax": -27200000,
        "incomeBeforeTaxRatio": -0.104055088,
        "incomeTaxExpense": 400000,
        "netIncome": -27600000,
        "netIncomeRatio": -0.1055853099,
        "eps": -1.39,
        "epsdiluted": -1.39,
        "weightedAverageShsOut": 19906000,
        "weightedAverageShsOutDil": 19906000,
        "link": "",
        "finalLink": ""
    },
    {
        "date": "1992-12-31",
        "symbol": "TEX",
        "reportedCurrency": "USD",
        "cik": "0000097216",
        "fillingDate": "1992-12-31",
        "acceptedDate": "1992-12-30 19:00:00",
        "calendarYear": "1992",
        "period": "Q4",
        "revenue": 310500000,
        "costOfRevenue": 271600000,
        "grossProfit": 38900000,
        "grossProfitRatio": 0.1252818035,
        "researchAndDevelopmentExpenses": 0,
        "generalAndAdministrativeExpenses": 0,
        "sellingAndMarketingExpenses": 0,
        "sellingGeneralAndAdministrativeExpenses": 36700000,
        "otherExpenses": 11300000,
        "operatingExpenses": 48000000,
        "costAndExpenses": 319600000,
        "interestIncome": 0,
        "interestExpense": 0,
        "depreciationAndAmortization": 11300000,
        "ebitda": 2200000,
        "ebitdaratio": 0.0070853462,
        "operatingIncome": -9100000,
        "operatingIncomeRatio": -0.0293075684,
        "totalOtherIncomeExpensesNet": -15700000,
        "incomeBeforeTax": -24800000,
        "incomeBeforeTaxRatio": -0.0798711755,
        "incomeTaxExpense": -400000,
        "netIncome": -24400000,
        "netIncomeRatio": -0.0785829308,
        "eps": -1.23,
        "epsdiluted": -1.23,
        "weightedAverageShsOut": 19890000,
        "weightedAverageShsOutDil": 19906000,
        "link": "",
        "finalLink": ""
    },
    {
        "date": "1992-09-30",
        "symbol": "TEX",
        "reportedCurrency": "USD",
        "cik": "0000097216",
        "fillingDate": "1992-09-30",
        "acceptedDate": "1992-09-29 20:00:00",
        "calendarYear": "1992",
        "period": "Q3",
        "revenue": 265400000,
        "costOfRevenue": 238400000,
        "grossProfit": 27000000,
        "grossProfitRatio": 0.1017332329,
        "researchAndDevelopmentExpenses": 0,
        "generalAndAdministrativeExpenses": 0,
        "sellingAndMarketingExpenses": 0,
        "sellingGeneralAndAdministrativeExpenses": 33800000,
        "otherExpenses": 2500000,
        "operatingExpenses": 36300000,
        "costAndExpenses": 274700000,
        "interestIncome": 0,
        "interestExpense": 0,
        "depreciationAndAmortization": 2500000,
        "ebitda": -6800000,
        "ebitdaratio": -0.0256217031,
        "operatingIncome": -9300000,
        "operatingIncomeRatio": -0.0350414469,
        "totalOtherIncomeExpensesNet": -14000000,
        "incomeBeforeTax": -23300000,
        "incomeBeforeTaxRatio": -0.0877920121,
        "incomeTaxExpense": -3000000,
        "netIncome": -20300000,
        "netIncomeRatio": -0.0764883195,
        "eps": -1.02,
        "epsdiluted": -1.02,
        "weightedAverageShsOut": 19898000,
        "weightedAverageShsOutDil": 19898000,
        "link": "",
        "finalLink": ""
    },
    {
        "date": "1992-06-30",
        "symbol": "TEX",
        "reportedCurrency": "USD",
        "cik": "0000097216",
        "fillingDate": "1992-06-30",
        "acceptedDate": "1992-06-29 20:00:00",
        "calendarYear": "1992",
        "period": "Q2",
        "revenue": 209300000,
        "costOfRevenue": 188900000,
        "grossProfit": 20400000,
        "grossProfitRatio": 0.0974677496,
        "researchAndDevelopmentExpenses": 0,
        "generalAndAdministrativeExpenses": 0,
        "sellingAndMarketingExpenses": 0,
        "sellingGeneralAndAdministrativeExpenses": 24200000,
        "otherExpenses": 0,
        "operatingExpenses": 24200000,
        "costAndExpenses": 213100000,
        "interestIncome": 0,
        "interestExpense": 0,
        "depreciationAndAmortization": 0,
        "ebitda": -3800000,
        "ebitdaratio": -0.0181557573,
        "operatingIncome": -3800000,
        "operatingIncomeRatio": -0.0181557573,
        "totalOtherIncomeExpensesNet": -6900000,
        "incomeBeforeTax": -10700000,
        "incomeBeforeTaxRatio": -0.0511227903,
        "incomeTaxExpense": 200000,
        "netIncome": -10900000,
        "netIncomeRatio": -0.0520783564,
        "eps": -0.55,
        "epsdiluted": -0.55,
        "weightedAverageShsOut": 19898000,
        "weightedAverageShsOutDil": 19898000,
        "link": "",
        "finalLink": ""
    },
    {
        "date": "1992-03-31",
        "symbol": "TEX",
        "reportedCurrency": "USD",
        "cik": "0000097216",
        "fillingDate": "1992-03-31",
        "acceptedDate": "1992-03-30 19:00:00",
        "calendarYear": "1992",
        "period": "Q1",
        "revenue": 227100000,
        "costOfRevenue": 201000000,
        "grossProfit": 26100000,
        "grossProfitRatio": 0.1149273448,
        "researchAndDevelopmentExpenses": 0,
        "generalAndAdministrativeExpenses": 0,
        "sellingAndMarketingExpenses": 0,
        "sellingGeneralAndAdministrativeExpenses": 26200000,
        "otherExpenses": 3700000,
        "operatingExpenses": 29900000,
        "costAndExpenses": 230900000,
        "interestIncome": 0,
        "interestExpense": 0,
        "depreciationAndAmortization": 3700000,
        "ebitda": -100000,
        "ebitdaratio": -0.0004403347,
        "operatingIncome": -3800000,
        "operatingIncomeRatio": -0.0167327169,
        "totalOtherIncomeExpensesNet": -1600000,
        "incomeBeforeTax": -5400000,
        "incomeBeforeTaxRatio": -0.0237780713,
        "incomeTaxExpense": 100000,
        "netIncome": -5500000,
        "netIncomeRatio": -0.024218406,
        "eps": -0.28,
        "epsdiluted": -0.28,
        "weightedAverageShsOut": 19892000,
        "weightedAverageShsOutDil": 19892000,
        "link": "",
        "finalLink": ""
    },
    {
        "date": "1991-12-31",
        "symbol": "TEX",
        "reportedCurrency": "USD",
        "cik": "0000097216",
        "fillingDate": "1991-12-31",
        "acceptedDate": "1991-12-30 19:00:00",
        "calendarYear": "1991",
        "period": "Q4",
        "revenue": 200600000,
        "costOfRevenue": 177900000,
        "grossProfit": 22700000,
        "grossProfitRatio": 0.1131605184,
        "researchAndDevelopmentExpenses": 0,
        "generalAndAdministrativeExpenses": 0,
        "sellingAndMarketingExpenses": 0,
        "sellingGeneralAndAdministrativeExpenses": 44500000,
        "otherExpenses": 4400000,
        "operatingExpenses": 48900000,
        "costAndExpenses": 226800000,
        "interestIncome": 0,
        "interestExpense": 0,
        "depreciationAndAmortization": 4400000,
        "ebitda": -21800000,
        "ebitdaratio": -0.1086739781,
        "operatingIncome": -26200000,
        "operatingIncomeRatio": -0.1306081755,
        "totalOtherIncomeExpensesNet": 12000000,
        "incomeBeforeTax": -14200000,
        "incomeBeforeTaxRatio": -0.0707876371,
        "incomeTaxExpense": 100000,
        "netIncome": -14300000,
        "netIncomeRatio": -0.0712861416,
        "eps": -0.72,
        "epsdiluted": -0.72,
        "weightedAverageShsOut": 19846000,
        "weightedAverageShsOutDil": 19892000,
        "link": "",
        "finalLink": ""
    },
    {
        "date": "1991-09-30",
        "symbol": "TEX",
        "reportedCurrency": "USD",
        "cik": "0000097216",
        "fillingDate": "1991-09-30",
        "acceptedDate": "1991-09-29 20:00:00",
        "calendarYear": "1991",
        "period": "Q3",
        "revenue": 187400000,
        "costOfRevenue": 158200000,
        "grossProfit": 29200000,
        "grossProfitRatio": 0.1558164354,
        "researchAndDevelopmentExpenses": 0,
        "generalAndAdministrativeExpenses": 0,
        "sellingAndMarketingExpenses": 0,
        "sellingGeneralAndAdministrativeExpenses": 28000000,
        "otherExpenses": 3700000,
        "operatingExpenses": 31700000,
        "costAndExpenses": 189900000,
        "interestIncome": 0,
        "interestExpense": 0,
        "depreciationAndAmortization": 3900000,
        "ebitda": 1400000,
        "ebitdaratio": 0.007470651,
        "operatingIncome": -2500000,
        "operatingIncomeRatio": -0.0133404482,
        "totalOtherIncomeExpensesNet": 7800000,
        "incomeBeforeTax": 5300000,
        "incomeBeforeTaxRatio": 0.0282817503,
        "incomeTaxExpense": 500000,
        "netIncome": 4800000,
        "netIncomeRatio": 0.0256136606,
        "eps": 0.12,
        "epsdiluted": 0.12,
        "weightedAverageShsOut": 19834000,
        "weightedAverageShsOutDil": 19834000,
        "link": "",
        "finalLink": ""
    },
    {
        "date": "1991-06-30",
        "symbol": "TEX",
        "reportedCurrency": "USD",
        "cik": "0000097216",
        "fillingDate": "1991-06-30",
        "acceptedDate": "1991-06-29 20:00:00",
        "calendarYear": "1991",
        "period": "Q2",
        "revenue": 216600000,
        "costOfRevenue": 188600000,
        "grossProfit": 28000000,
        "grossProfitRatio": 0.1292705448,
        "researchAndDevelopmentExpenses": 0,
        "generalAndAdministrativeExpenses": 0,
        "sellingAndMarketingExpenses": 0,
        "sellingGeneralAndAdministrativeExpenses": 28300000,
        "otherExpenses": 3700000,
        "operatingExpenses": 32000000,
        "costAndExpenses": 220600000,
        "interestIncome": 0,
        "interestExpense": 0,
        "depreciationAndAmortization": 3400000,
        "ebitda": -300000,
        "ebitdaratio": -0.0013850416,
        "operatingIncome": -4000000,
        "operatingIncomeRatio": -0.0184672207,
        "totalOtherIncomeExpensesNet": -7200000,
        "incomeBeforeTax": -11200000,
        "incomeBeforeTaxRatio": -0.0517082179,
        "incomeTaxExpense": 200000,
        "netIncome": -11400000,
        "netIncomeRatio": -0.0526315789,
        "eps": -0.57,
        "epsdiluted": -0.57,
        "weightedAverageShsOut": 19834000,
        "weightedAverageShsOutDil": 19834000,
        "link": "",
        "finalLink": ""
    },
    {
        "date": "1991-03-31",
        "symbol": "TEX",
        "reportedCurrency": "USD",
        "cik": "0000097216",
        "fillingDate": "1991-03-31",
        "acceptedDate": "1991-03-30 19:00:00",
        "calendarYear": "1991",
        "period": "Q1",
        "revenue": 179600000,
        "costOfRevenue": 150400000,
        "grossProfit": 29200000,
        "grossProfitRatio": 0.1625835189,
        "researchAndDevelopmentExpenses": 0,
        "generalAndAdministrativeExpenses": 0,
        "sellingAndMarketingExpenses": 0,
        "sellingGeneralAndAdministrativeExpenses": 29800000,
        "otherExpenses": 3900000,
        "operatingExpenses": 33700000,
        "costAndExpenses": 184100000,
        "interestIncome": 0,
        "interestExpense": 0,
        "depreciationAndAmortization": 3900000,
        "ebitda": -600000,
        "ebitdaratio": -0.0033407572,
        "operatingIncome": -4500000,
        "operatingIncomeRatio": -0.0250556793,
        "totalOtherIncomeExpensesNet": -7900000,
        "incomeBeforeTax": -12400000,
        "incomeBeforeTaxRatio": -0.0690423163,
        "incomeTaxExpense": 100000,
        "netIncome": -12500000,
        "netIncomeRatio": -0.0695991091,
        "eps": -0.63,
        "epsdiluted": -0.63,
        "weightedAverageShsOut": 19824000,
        "weightedAverageShsOutDil": 19824000,
        "link": "",
        "finalLink": ""
    },
    {
        "date": "1990-12-31",
        "symbol": "TEX",
        "reportedCurrency": "USD",
        "cik": "0000097216",
        "fillingDate": "1990-12-31",
        "acceptedDate": "1990-12-30 19:00:00",
        "calendarYear": "1990",
        "period": "Q4",
        "revenue": 230000000,
        "costOfRevenue": 0,
        "grossProfit": 230000000,
        "grossProfitRatio": 1,
        "researchAndDevelopmentExpenses": 0,
        "generalAndAdministrativeExpenses": 0,
        "sellingAndMarketingExpenses": 0,
        "sellingGeneralAndAdministrativeExpenses": 0,
        "otherExpenses": -973000000,
        "operatingExpenses": -973000000,
        "costAndExpenses": -973000000,
        "interestIncome": 0,
        "interestExpense": 0,
        "depreciationAndAmortization": 0,
        "ebitda": -743000000,
        "ebitdaratio": -3.2304347826,
        "operatingIncome": -743000000,
        "operatingIncomeRatio": -3.2304347826,
        "totalOtherIncomeExpensesNet": 743000000,
        "incomeBeforeTax": 0,
        "incomeBeforeTaxRatio": 0,
        "incomeTaxExpense": 0,
        "netIncome": 200000,
        "netIncomeRatio": 0.0008695652,
        "eps": 0.01,
        "epsdiluted": 0.01,
        "weightedAverageShsOut": 19786000,
        "weightedAverageShsOutDil": 19824000,
        "link": "",
        "finalLink": ""
    },
    {
        "date": "1990-09-30",
        "symbol": "TEX",
        "reportedCurrency": "USD",
        "cik": "0000097216",
        "fillingDate": "1990-09-30",
        "acceptedDate": "1990-09-29 20:00:00",
        "calendarYear": "1990",
        "period": "Q3",
        "revenue": 239700000,
        "costOfRevenue": 0,
        "grossProfit": 239700000,
        "grossProfitRatio": 1,
        "researchAndDevelopmentExpenses": 0,
        "generalAndAdministrativeExpenses": 0,
        "sellingAndMarketingExpenses": 0,
        "sellingGeneralAndAdministrativeExpenses": 0,
        "otherExpenses": 0,
        "operatingExpenses": 0,
        "costAndExpenses": 0,
        "interestIncome": 0,
        "interestExpense": 0,
        "depreciationAndAmortization": 0,
        "ebitda": 239700000,
        "ebitdaratio": 1,
        "operatingIncome": 239700000,
        "operatingIncomeRatio": 1,
        "totalOtherIncomeExpensesNet": -239700000,
        "incomeBeforeTax": 0,
        "incomeBeforeTaxRatio": 0,
        "incomeTaxExpense": 0,
        "netIncome": 5200000,
        "netIncomeRatio": 0.0216937839,
        "eps": 0.13,
        "epsdiluted": 0.13,
        "weightedAverageShsOut": 19676000,
        "weightedAverageShsOutDil": 19676000,
        "link": "",
        "finalLink": ""
    },
    {
        "date": "1990-06-30",
        "symbol": "TEX",
        "reportedCurrency": "USD",
        "cik": "0000097216",
        "fillingDate": "1990-06-30",
        "acceptedDate": "1990-06-29 20:00:00",
        "calendarYear": "1990",
        "period": "Q2",
        "revenue": 287200000,
        "costOfRevenue": 0,
        "grossProfit": 287200000,
        "grossProfitRatio": 1,
        "researchAndDevelopmentExpenses": 0,
        "generalAndAdministrativeExpenses": 0,
        "sellingAndMarketingExpenses": 0,
        "sellingGeneralAndAdministrativeExpenses": 0,
        "otherExpenses": 0,
        "operatingExpenses": 0,
        "costAndExpenses": 0,
        "interestIncome": 0,
        "interestExpense": 0,
        "depreciationAndAmortization": 0,
        "ebitda": 287200000,
        "ebitdaratio": 1,
        "operatingIncome": 287200000,
        "operatingIncomeRatio": 1,
        "totalOtherIncomeExpensesNet": -287200000,
        "incomeBeforeTax": 0,
        "incomeBeforeTaxRatio": 0,
        "incomeTaxExpense": 0,
        "netIncome": 5800000,
        "netIncomeRatio": 0.0201949861,
        "eps": 0.15,
        "epsdiluted": 0.15,
        "weightedAverageShsOut": 19486000,
        "weightedAverageShsOutDil": 19486000,
        "link": "",
        "finalLink": ""
    },
    {
        "date": "1990-03-31",
        "symbol": "TEX",
        "reportedCurrency": "USD",
        "cik": "0000097216",
        "fillingDate": "1990-03-31",
        "acceptedDate": "1990-03-30 19:00:00",
        "calendarYear": "1990",
        "period": "Q1",
        "revenue": 266300000,
        "costOfRevenue": 0,
        "grossProfit": 266300000,
        "grossProfitRatio": 1,
        "researchAndDevelopmentExpenses": 0,
        "generalAndAdministrativeExpenses": 0,
        "sellingAndMarketingExpenses": 0,
        "sellingGeneralAndAdministrativeExpenses": 0,
        "otherExpenses": 0,
        "operatingExpenses": 0,
        "costAndExpenses": 0,
        "interestIncome": 0,
        "interestExpense": 0,
        "depreciationAndAmortization": 0,
        "ebitda": 266300000,
        "ebitdaratio": 1,
        "operatingIncome": 266300000,
        "operatingIncomeRatio": 1,
        "totalOtherIncomeExpensesNet": -266300000,
        "incomeBeforeTax": 0,
        "incomeBeforeTaxRatio": 0,
        "incomeTaxExpense": 0,
        "netIncome": 4300000,
        "netIncomeRatio": 0.0161472024,
        "eps": 0.086,
        "epsdiluted": 0.086,
        "weightedAverageShsOut": 19472000,
        "weightedAverageShsOutDil": 19472000,
        "link": "",
        "finalLink": ""
    },
    {
        "date": "1989-12-31",
        "symbol": "TEX",
        "reportedCurrency": "USD",
        "cik": "0000097216",
        "fillingDate": "1989-12-31",
        "acceptedDate": "1989-12-30 19:00:00",
        "calendarYear": "1989",
        "period": "Q4",
        "revenue": 304400000,
        "costOfRevenue": 0,
        "grossProfit": 304400000,
        "grossProfitRatio": 1,
        "researchAndDevelopmentExpenses": 0,
        "generalAndAdministrativeExpenses": 0,
        "sellingAndMarketingExpenses": 0,
        "sellingGeneralAndAdministrativeExpenses": 0,
        "otherExpenses": -751500000,
        "operatingExpenses": -751500000,
        "costAndExpenses": -751500000,
        "interestIncome": 0,
        "interestExpense": 0,
        "depreciationAndAmortization": 0,
        "ebitda": -447100000,
        "ebitdaratio": -1.4687910644,
        "operatingIncome": -447100000,
        "operatingIncomeRatio": -1.4687910644,
        "totalOtherIncomeExpensesNet": 447100000,
        "incomeBeforeTax": 0,
        "incomeBeforeTaxRatio": 0,
        "incomeTaxExpense": 0,
        "netIncome": 4200000,
        "netIncomeRatio": 0.0137976347,
        "eps": 0.21,
        "epsdiluted": 0.21,
        "weightedAverageShsOut": 19472000,
        "weightedAverageShsOutDil": 19472000,
        "link": "",
        "finalLink": ""
    },
    {
        "date": "1989-09-30",
        "symbol": "TEX",
        "reportedCurrency": "USD",
        "cik": "0000097216",
        "fillingDate": "1989-09-30",
        "acceptedDate": "1989-09-29 20:00:00",
        "calendarYear": "1989",
        "period": "Q3",
        "revenue": 260800000,
        "costOfRevenue": 0,
        "grossProfit": 260800000,
        "grossProfitRatio": 1,
        "researchAndDevelopmentExpenses": 0,
        "generalAndAdministrativeExpenses": 0,
        "sellingAndMarketingExpenses": 0,
        "sellingGeneralAndAdministrativeExpenses": 0,
        "otherExpenses": 0,
        "operatingExpenses": 0,
        "costAndExpenses": 0,
        "interestIncome": 0,
        "interestExpense": 0,
        "depreciationAndAmortization": 0,
        "ebitda": 260800000,
        "ebitdaratio": 1,
        "operatingIncome": 260800000,
        "operatingIncomeRatio": 1,
        "totalOtherIncomeExpensesNet": -260800000,
        "incomeBeforeTax": 0,
        "incomeBeforeTaxRatio": 0,
        "incomeTaxExpense": 0,
        "netIncome": 5700000,
        "netIncomeRatio": 0.0218558282,
        "eps": 0.12,
        "epsdiluted": 0.12,
        "weightedAverageShsOut": 19468000,
        "weightedAverageShsOutDil": 19468000,
        "link": "",
        "finalLink": ""
    },
    {
        "date": "1989-06-30",
        "symbol": "TEX",
        "reportedCurrency": "USD",
        "cik": "0000097216",
        "fillingDate": "1989-06-30",
        "acceptedDate": "1989-06-29 20:00:00",
        "calendarYear": "1989",
        "period": "Q2",
        "revenue": 122600000,
        "costOfRevenue": 0,
        "grossProfit": 122600000,
        "grossProfitRatio": 1,
        "researchAndDevelopmentExpenses": 0,
        "generalAndAdministrativeExpenses": 0,
        "sellingAndMarketingExpenses": 0,
        "sellingGeneralAndAdministrativeExpenses": 0,
        "otherExpenses": 0,
        "operatingExpenses": 0,
        "costAndExpenses": 0,
        "interestIncome": 0,
        "interestExpense": 0,
        "depreciationAndAmortization": 0,
        "ebitda": 122600000,
        "ebitdaratio": 1,
        "operatingIncome": 122600000,
        "operatingIncomeRatio": 1,
        "totalOtherIncomeExpensesNet": -122600000,
        "incomeBeforeTax": 0,
        "incomeBeforeTaxRatio": 0,
        "incomeTaxExpense": 0,
        "netIncome": 5300000,
        "netIncomeRatio": 0.0432300163,
        "eps": 0.11,
        "epsdiluted": 0.11,
        "weightedAverageShsOut": 19034000,
        "weightedAverageShsOutDil": 19034000,
        "link": "",
        "finalLink": ""
    },
    {
        "date": "1989-03-31",
        "symbol": "TEX",
        "reportedCurrency": "USD",
        "cik": "0000097216",
        "fillingDate": "1989-03-31",
        "acceptedDate": "1989-03-30 19:00:00",
        "calendarYear": "1989",
        "period": "Q1",
        "revenue": 103100000,
        "costOfRevenue": 0,
        "grossProfit": 103100000,
        "grossProfitRatio": 1,
        "researchAndDevelopmentExpenses": 0,
        "generalAndAdministrativeExpenses": 0,
        "sellingAndMarketingExpenses": 0,
        "sellingGeneralAndAdministrativeExpenses": 0,
        "otherExpenses": 0,
        "operatingExpenses": 0,
        "costAndExpenses": 0,
        "interestIncome": 0,
        "interestExpense": 0,
        "depreciationAndAmortization": 0,
        "ebitda": 103100000,
        "ebitdaratio": 1,
        "operatingIncome": 103100000,
        "operatingIncomeRatio": 1,
        "totalOtherIncomeExpensesNet": -103100000,
        "incomeBeforeTax": 0,
        "incomeBeforeTaxRatio": 0,
        "incomeTaxExpense": 0,
        "netIncome": 3600000,
        "netIncomeRatio": 0.0349175558,
        "eps": 0.074,
        "epsdiluted": 0.074,
        "weightedAverageShsOut": 19034000,
        "weightedAverageShsOutDil": 19034000,
        "link": "",
        "finalLink": ""
    },
    {
        "date": "1988-12-31",
        "symbol": "TEX",
        "reportedCurrency": "USD",
        "cik": "0000097216",
        "fillingDate": "1988-12-31",
        "acceptedDate": "1988-12-30 19:00:00",
        "calendarYear": "1988",
        "period": "Q4",
        "revenue": 107100000,
        "costOfRevenue": 0,
        "grossProfit": 107100000,
        "grossProfitRatio": 1,
        "researchAndDevelopmentExpenses": 0,
        "generalAndAdministrativeExpenses": 0,
        "sellingAndMarketingExpenses": 0,
        "sellingGeneralAndAdministrativeExpenses": 0,
        "otherExpenses": -321800000,
        "operatingExpenses": -321800000,
        "costAndExpenses": -321800000,
        "interestIncome": 0,
        "interestExpense": 0,
        "depreciationAndAmortization": 0,
        "ebitda": -214700000,
        "ebitdaratio": -2.0046685341,
        "operatingIncome": -214700000,
        "operatingIncomeRatio": -2.0046685341,
        "totalOtherIncomeExpensesNet": 214700000,
        "incomeBeforeTax": 0,
        "incomeBeforeTaxRatio": 0,
        "incomeTaxExpense": 0,
        "netIncome": 2900000,
        "netIncomeRatio": 0.0270774977,
        "eps": 0.15,
        "epsdiluted": 0.15,
        "weightedAverageShsOut": 19034000,
        "weightedAverageShsOutDil": 19034000,
        "link": "",
        "finalLink": ""
    },
    {
        "date": "1988-09-30",
        "symbol": "TEX",
        "reportedCurrency": "USD",
        "cik": "0000097216",
        "fillingDate": "1988-09-30",
        "acceptedDate": "1988-09-29 20:00:00",
        "calendarYear": "1988",
        "period": "Q3",
        "revenue": 89000000,
        "costOfRevenue": 0,
        "grossProfit": 89000000,
        "grossProfitRatio": 1,
        "researchAndDevelopmentExpenses": 0,
        "generalAndAdministrativeExpenses": 0,
        "sellingAndMarketingExpenses": 0,
        "sellingGeneralAndAdministrativeExpenses": 0,
        "otherExpenses": 0,
        "operatingExpenses": 0,
        "costAndExpenses": 0,
        "interestIncome": 0,
        "interestExpense": 0,
        "depreciationAndAmortization": 0,
        "ebitda": 89000000,
        "ebitdaratio": 1,
        "operatingIncome": 89000000,
        "operatingIncomeRatio": 1,
        "totalOtherIncomeExpensesNet": -89000000,
        "incomeBeforeTax": 0,
        "incomeBeforeTaxRatio": 0,
        "incomeTaxExpense": 0,
        "netIncome": 4100000,
        "netIncomeRatio": 0.0460674157,
        "eps": 0.09,
        "epsdiluted": 0.09,
        "weightedAverageShsOut": 17310000,
        "weightedAverageShsOutDil": 17310000,
        "link": "",
        "finalLink": ""
    },
    {
        "date": "1988-06-30",
        "symbol": "TEX",
        "reportedCurrency": "USD",
        "cik": "0000097216",
        "fillingDate": "1988-06-30",
        "acceptedDate": "1988-06-29 20:00:00",
        "calendarYear": "1988",
        "period": "Q2",
        "revenue": 79600000,
        "costOfRevenue": 0,
        "grossProfit": 79600000,
        "grossProfitRatio": 1,
        "researchAndDevelopmentExpenses": 0,
        "generalAndAdministrativeExpenses": 0,
        "sellingAndMarketingExpenses": 0,
        "sellingGeneralAndAdministrativeExpenses": 0,
        "otherExpenses": 0,
        "operatingExpenses": 0,
        "costAndExpenses": 0,
        "interestIncome": 0,
        "interestExpense": 0,
        "depreciationAndAmortization": 0,
        "ebitda": 79600000,
        "ebitdaratio": 1,
        "operatingIncome": 79600000,
        "operatingIncomeRatio": 1,
        "totalOtherIncomeExpensesNet": -79600000,
        "incomeBeforeTax": 0,
        "incomeBeforeTaxRatio": 0,
        "incomeTaxExpense": 0,
        "netIncome": 3700000,
        "netIncomeRatio": 0.0464824121,
        "eps": 0.08,
        "epsdiluted": 0.08,
        "weightedAverageShsOut": 17310000,
        "weightedAverageShsOutDil": 17310000,
        "link": "",
        "finalLink": ""
    },
    {
        "date": "1988-03-31",
        "symbol": "TEX",
        "reportedCurrency": "USD",
        "cik": "0000097216",
        "fillingDate": "1988-03-31",
        "acceptedDate": "1988-03-30 19:00:00",
        "calendarYear": "1988",
        "period": "Q1",
        "revenue": 68000000,
        "costOfRevenue": 0,
        "grossProfit": 68000000,
        "grossProfitRatio": 1,
        "researchAndDevelopmentExpenses": 0,
        "generalAndAdministrativeExpenses": 0,
        "sellingAndMarketingExpenses": 0,
        "sellingGeneralAndAdministrativeExpenses": 0,
        "otherExpenses": 0,
        "operatingExpenses": 0,
        "costAndExpenses": 0,
        "interestIncome": 0,
        "interestExpense": 0,
        "depreciationAndAmortization": 0,
        "ebitda": 68000000,
        "ebitdaratio": 1,
        "operatingIncome": 68000000,
        "operatingIncomeRatio": 1,
        "totalOtherIncomeExpensesNet": -68000000,
        "incomeBeforeTax": 0,
        "incomeBeforeTaxRatio": 0,
        "incomeTaxExpense": 0,
        "netIncome": 2500000,
        "netIncomeRatio": 0.0367647059,
        "eps": 0.056,
        "epsdiluted": 0.056,
        "weightedAverageShsOut": 17310000,
        "weightedAverageShsOutDil": 17310000,
        "link": "",
        "finalLink": ""
    },
    {
        "date": "1987-12-31",
        "symbol": "TEX",
        "reportedCurrency": "USD",
        "cik": "0000097216",
        "fillingDate": "1987-12-31",
        "acceptedDate": "1987-12-30 19:00:00",
        "calendarYear": "1987",
        "period": "Q4",
        "revenue": 50100000,
        "costOfRevenue": 0,
        "grossProfit": 50100000,
        "grossProfitRatio": 1,
        "researchAndDevelopmentExpenses": 0,
        "generalAndAdministrativeExpenses": 0,
        "sellingAndMarketingExpenses": 0,
        "sellingGeneralAndAdministrativeExpenses": 0,
        "otherExpenses": -185400000,
        "operatingExpenses": -185400000,
        "costAndExpenses": -185400000,
        "interestIncome": 0,
        "interestExpense": 0,
        "depreciationAndAmortization": 0,
        "ebitda": -135300000,
        "ebitdaratio": -2.7005988024,
        "operatingIncome": -135300000,
        "operatingIncomeRatio": -2.7005988024,
        "totalOtherIncomeExpensesNet": 135300000,
        "incomeBeforeTax": 0,
        "incomeBeforeTaxRatio": 0,
        "incomeTaxExpense": 0,
        "netIncome": 2700000,
        "netIncomeRatio": 0.0538922156,
        "eps": 0.18,
        "epsdiluted": 0.18,
        "weightedAverageShsOut": 17310000,
        "weightedAverageShsOutDil": 17310000,
        "link": "",
        "finalLink": ""
    },
    {
        "date": "1987-09-30",
        "symbol": "TEX",
        "reportedCurrency": "USD",
        "cik": "0000097216",
        "fillingDate": "1987-09-30",
        "acceptedDate": "1987-09-29 20:00:00",
        "calendarYear": "1987",
        "period": "Q3",
        "revenue": 50100000,
        "costOfRevenue": 0,
        "grossProfit": 50100000,
        "grossProfitRatio": 1,
        "researchAndDevelopmentExpenses": 0,
        "generalAndAdministrativeExpenses": 0,
        "sellingAndMarketingExpenses": 0,
        "sellingGeneralAndAdministrativeExpenses": 0,
        "otherExpenses": 0,
        "operatingExpenses": 0,
        "costAndExpenses": 0,
        "interestIncome": 0,
        "interestExpense": 0,
        "depreciationAndAmortization": 0,
        "ebitda": 50100000,
        "ebitdaratio": 1,
        "operatingIncome": 50100000,
        "operatingIncomeRatio": 1,
        "totalOtherIncomeExpensesNet": -50100000,
        "incomeBeforeTax": 0,
        "incomeBeforeTaxRatio": 0,
        "incomeTaxExpense": 0,
        "netIncome": 2700000,
        "netIncomeRatio": 0.0538922156,
        "eps": 0.07,
        "epsdiluted": 0.07,
        "weightedAverageShsOut": 17392000,
        "weightedAverageShsOutDil": 17392000,
        "link": "",
        "finalLink": ""
    },
    {
        "date": "1987-06-30",
        "symbol": "TEX",
        "reportedCurrency": "USD",
        "cik": "0000097216",
        "fillingDate": "1987-06-30",
        "acceptedDate": "1987-06-29 20:00:00",
        "calendarYear": "1987",
        "period": "Q2",
        "revenue": 50100000,
        "costOfRevenue": 0,
        "grossProfit": 50100000,
        "grossProfitRatio": 1,
        "researchAndDevelopmentExpenses": 0,
        "generalAndAdministrativeExpenses": 0,
        "sellingAndMarketingExpenses": 0,
        "sellingGeneralAndAdministrativeExpenses": 0,
        "otherExpenses": 0,
        "operatingExpenses": 0,
        "costAndExpenses": 0,
        "interestIncome": 0,
        "interestExpense": 0,
        "depreciationAndAmortization": 0,
        "ebitda": 50100000,
        "ebitdaratio": 1,
        "operatingIncome": 50100000,
        "operatingIncomeRatio": 1,
        "totalOtherIncomeExpensesNet": -50100000,
        "incomeBeforeTax": 0,
        "incomeBeforeTaxRatio": 0,
        "incomeTaxExpense": 0,
        "netIncome": 2700000,
        "netIncomeRatio": 0.0538922156,
        "eps": 0.07,
        "epsdiluted": 0.07,
        "weightedAverageShsOut": 17392000,
        "weightedAverageShsOutDil": 17392000,
        "link": "",
        "finalLink": ""
    },
    {
        "date": "1987-03-31",
        "symbol": "TEX",
        "reportedCurrency": "USD",
        "cik": "0000097216",
        "fillingDate": "1987-03-31",
        "acceptedDate": "1987-03-30 19:00:00",
        "calendarYear": "1987",
        "period": "Q1",
        "revenue": 50000000,
        "costOfRevenue": 0,
        "grossProfit": 50000000,
        "grossProfitRatio": 1,
        "researchAndDevelopmentExpenses": 0,
        "generalAndAdministrativeExpenses": 0,
        "sellingAndMarketingExpenses": 0,
        "sellingGeneralAndAdministrativeExpenses": 0,
        "otherExpenses": 0,
        "operatingExpenses": 0,
        "costAndExpenses": 0,
        "interestIncome": 0,
        "interestExpense": 0,
        "depreciationAndAmortization": 0,
        "ebitda": 50000000,
        "ebitdaratio": 1,
        "operatingIncome": 50000000,
        "operatingIncomeRatio": 1,
        "totalOtherIncomeExpensesNet": -50000000,
        "incomeBeforeTax": 0,
        "incomeBeforeTaxRatio": 0,
        "incomeTaxExpense": 0,
        "netIncome": 2700000,
        "netIncomeRatio": 0.054,
        "eps": 0.068,
        "epsdiluted": 0.068,
        "weightedAverageShsOut": 17392000,
        "weightedAverageShsOutDil": 17392000,
        "link": "",
        "finalLink": ""
    },
    {
        "date": "1986-12-31",
        "symbol": "TEX",
        "reportedCurrency": "USD",
        "cik": "0000097216",
        "fillingDate": "1986-12-31",
        "acceptedDate": "1986-12-30 19:00:00",
        "calendarYear": "1986",
        "period": "Q4",
        "revenue": 8200000,
        "costOfRevenue": 0,
        "grossProfit": 8200000,
        "grossProfitRatio": 1,
        "researchAndDevelopmentExpenses": 0,
        "generalAndAdministrativeExpenses": 0,
        "sellingAndMarketingExpenses": 0,
        "sellingGeneralAndAdministrativeExpenses": 0,
        "otherExpenses": -27000000,
        "operatingExpenses": -27000000,
        "costAndExpenses": -27000000,
        "interestIncome": 0,
        "interestExpense": 0,
        "depreciationAndAmortization": 0,
        "ebitda": -18800000,
        "ebitdaratio": -2.2926829268,
        "operatingIncome": -18800000,
        "operatingIncomeRatio": -2.2926829268,
        "totalOtherIncomeExpensesNet": 18800000,
        "incomeBeforeTax": 0,
        "incomeBeforeTaxRatio": 0,
        "incomeTaxExpense": 0,
        "netIncome": 900000,
        "netIncomeRatio": 0.1097560976,
        "eps": 0.065,
        "epsdiluted": 0.065,
        "weightedAverageShsOut": 17310000,
        "weightedAverageShsOutDil": 17392000,
        "link": "",
        "finalLink": ""
    },
    {
        "date": "1986-09-30",
        "symbol": "TEX",
        "reportedCurrency": "USD",
        "cik": "0000097216",
        "fillingDate": "1986-09-30",
        "acceptedDate": "1986-09-29 20:00:00",
        "calendarYear": "1986",
        "period": "Q3",
        "revenue": 8200000,
        "costOfRevenue": 0,
        "grossProfit": 8200000,
        "grossProfitRatio": 1,
        "researchAndDevelopmentExpenses": 0,
        "generalAndAdministrativeExpenses": 0,
        "sellingAndMarketingExpenses": 0,
        "sellingGeneralAndAdministrativeExpenses": 0,
        "otherExpenses": 0,
        "operatingExpenses": 0,
        "costAndExpenses": 0,
        "interestIncome": 0,
        "interestExpense": 0,
        "depreciationAndAmortization": 0,
        "ebitda": 8200000,
        "ebitdaratio": 1,
        "operatingIncome": 8200000,
        "operatingIncomeRatio": 1,
        "totalOtherIncomeExpensesNet": -8200000,
        "incomeBeforeTax": 0,
        "incomeBeforeTaxRatio": 0,
        "incomeTaxExpense": 0,
        "netIncome": 900000,
        "netIncomeRatio": 0.1097560976,
        "eps": 0.024,
        "epsdiluted": 0.024,
        "weightedAverageShsOut": 17392000,
        "weightedAverageShsOutDil": 17392000,
        "link": "",
        "finalLink": ""
    },
    {
        "date": "1986-06-30",
        "symbol": "TEX",
        "reportedCurrency": "USD",
        "cik": "0000097216",
        "fillingDate": "1986-06-30",
        "acceptedDate": "1986-06-29 20:00:00",
        "calendarYear": "1986",
        "period": "Q2",
        "revenue": 8200000,
        "costOfRevenue": 0,
        "grossProfit": 8200000,
        "grossProfitRatio": 1,
        "researchAndDevelopmentExpenses": 0,
        "generalAndAdministrativeExpenses": 0,
        "sellingAndMarketingExpenses": 0,
        "sellingGeneralAndAdministrativeExpenses": 0,
        "otherExpenses": 0,
        "operatingExpenses": 0,
        "costAndExpenses": 0,
        "interestIncome": 0,
        "interestExpense": 0,
        "depreciationAndAmortization": 0,
        "ebitda": 8200000,
        "ebitdaratio": 1,
        "operatingIncome": 8200000,
        "operatingIncomeRatio": 1,
        "totalOtherIncomeExpensesNet": -8200000,
        "incomeBeforeTax": 0,
        "incomeBeforeTaxRatio": 0,
        "incomeTaxExpense": 0,
        "netIncome": 800000,
        "netIncomeRatio": 0.0975609756,
        "eps": 0.024,
        "epsdiluted": 0.024,
        "weightedAverageShsOut": 17392000,
        "weightedAverageShsOutDil": 17392000,
        "link": "",
        "finalLink": ""
    },
    {
        "date": "1986-03-31",
        "symbol": "TEX",
        "reportedCurrency": "USD",
        "cik": "0000097216",
        "fillingDate": "1986-03-31",
        "acceptedDate": "1986-03-30 19:00:00",
        "calendarYear": "1986",
        "period": "Q1",
        "revenue": 8100000,
        "costOfRevenue": 0,
        "grossProfit": 8100000,
        "grossProfitRatio": 1,
        "researchAndDevelopmentExpenses": 0,
        "generalAndAdministrativeExpenses": 0,
        "sellingAndMarketingExpenses": 0,
        "sellingGeneralAndAdministrativeExpenses": 0,
        "otherExpenses": 0,
        "operatingExpenses": 0,
        "costAndExpenses": 0,
        "interestIncome": 0,
        "interestExpense": 0,
        "depreciationAndAmortization": 0,
        "ebitda": 8100000,
        "ebitdaratio": 1,
        "operatingIncome": 8100000,
        "operatingIncomeRatio": 1,
        "totalOtherIncomeExpensesNet": -8100000,
        "incomeBeforeTax": 0,
        "incomeBeforeTaxRatio": 0,
        "incomeTaxExpense": 0,
        "netIncome": 800000,
        "netIncomeRatio": 0.0987654321,
        "eps": 0.024,
        "epsdiluted": 0.024,
        "weightedAverageShsOut": 17392000,
        "weightedAverageShsOutDil": 17392000,
        "link": "",
        "finalLink": ""
    }
]