[
    {
        "date": "2025-06-30",
        "symbol": "TG",
        "reportedCurrency": "USD",
        "cik": "0000850429",
        "fillingDate": "2025-08-08",
        "acceptedDate": "2025-08-08 16:07:57",
        "calendarYear": "2025",
        "period": "Q2",
        "revenue": 179116000,
        "costOfRevenue": 155115000,
        "grossProfit": 24001000,
        "grossProfitRatio": 0.1339969629,
        "researchAndDevelopmentExpenses": 193000,
        "generalAndAdministrativeExpenses": 0,
        "sellingAndMarketingExpenses": 0,
        "sellingGeneralAndAdministrativeExpenses": 20557000,
        "otherExpenses": 200000,
        "operatingExpenses": 20950000,
        "costAndExpenses": 176065000,
        "interestIncome": 0,
        "interestExpense": 1785000,
        "depreciationAndAmortization": 5906000,
        "ebitda": 10503000,
        "ebitdaratio": 0.0586379776,
        "operatingIncome": 1828000,
        "operatingIncomeRatio": 0.0102056768,
        "totalOtherIncomeExpensesNet": 984000,
        "incomeBeforeTax": 2812000,
        "incomeBeforeTaxRatio": 0.0156993233,
        "incomeTaxExpense": 984000,
        "netIncome": 1731000,
        "netIncomeRatio": 0.0096641283,
        "eps": 0.05,
        "epsdiluted": 0.05,
        "weightedAverageShsOut": 34775000,
        "weightedAverageShsOutDil": 34775000,
        "link": "https://www.sec.gov/Archives/edgar/data/850429/000085042925000017/0000850429-25-000017-index.htm",
        "finalLink": "https://www.sec.gov/Archives/edgar/data/850429/000085042925000017/tg-20250630.htm"
    },
    {
        "date": "2025-03-31",
        "symbol": "TG",
        "reportedCurrency": "USD",
        "cik": "0000850429",
        "fillingDate": "2025-05-08",
        "acceptedDate": "2025-05-08 08:03:09",
        "calendarYear": "2025",
        "period": "Q1",
        "revenue": 164738000,
        "costOfRevenue": 135643000,
        "grossProfit": 29095000,
        "grossProfitRatio": 0.1766137746,
        "researchAndDevelopmentExpenses": 165000,
        "generalAndAdministrativeExpenses": 20660000,
        "sellingAndMarketingExpenses": 0,
        "sellingGeneralAndAdministrativeExpenses": 20660000,
        "otherExpenses": 7012000,
        "operatingExpenses": 27837000,
        "costAndExpenses": 163480000,
        "interestIncome": 0,
        "interestExpense": 1013000,
        "depreciationAndAmortization": 440000,
        "ebitda": 2701000,
        "ebitdaratio": 0.0163957314,
        "operatingIncome": 1258000,
        "operatingIncomeRatio": 0.0076363681,
        "totalOtherIncomeExpensesNet": -10000,
        "incomeBeforeTax": 1248000,
        "incomeBeforeTaxRatio": 0.0075756656,
        "incomeTaxExpense": 577000,
        "netIncome": 10101000,
        "netIncomeRatio": 0.0613155435,
        "eps": 0.29,
        "epsdiluted": 0.29,
        "weightedAverageShsOut": 34612000,
        "weightedAverageShsOutDil": 34612000,
        "link": "https://www.sec.gov/Archives/edgar/data/850429/000085042925000010/0000850429-25-000010-index.htm",
        "finalLink": "https://www.sec.gov/Archives/edgar/data/850429/000085042925000010/tg-20250331.htm"
    },
    {
        "date": "2024-12-31",
        "symbol": "TG",
        "reportedCurrency": "USD",
        "cik": "0000850429",
        "fillingDate": "2025-03-12",
        "acceptedDate": "2025-03-12 08:20:02",
        "calendarYear": "2024",
        "period": "Q4",
        "revenue": 50003000,
        "costOfRevenue": 38752000,
        "grossProfit": 11251000,
        "grossProfitRatio": 0.2250064996,
        "researchAndDevelopmentExpenses": 283000,
        "generalAndAdministrativeExpenses": 13084000,
        "sellingAndMarketingExpenses": 0,
        "sellingGeneralAndAdministrativeExpenses": 13084000,
        "otherExpenses": -2116000,
        "operatingExpenses": 11251000,
        "costAndExpenses": 50003000,
        "interestIncome": 0,
        "interestExpense": 5650000,
        "depreciationAndAmortization": 5755000,
        "ebitda": -1915000,
        "ebitdaratio": -0.0382977021,
        "operatingIncome": -1415000,
        "operatingIncomeRatio": -0.0282983021,
        "totalOtherIncomeExpensesNet": 0,
        "incomeBeforeTax": -10827000,
        "incomeBeforeTaxRatio": -0.2165270084,
        "incomeTaxExpense": 3738000,
        "netIncome": -72699000,
        "netIncomeRatio": -1.4538927664,
        "eps": 0.0635,
        "epsdiluted": 0.0635,
        "weightedAverageShsOut": 34346242,
        "weightedAverageShsOutDil": 34346242,
        "link": "https://www.sec.gov/Archives/edgar/data/850429/000085042925000004/0000850429-25-000004-index.htm",
        "finalLink": "https://www.sec.gov/Archives/edgar/data/850429/000085042925000004/tg-20241231.htm"
    },
    {
        "date": "2024-09-30",
        "symbol": "TG",
        "reportedCurrency": "USD",
        "cik": "0000850429",
        "fillingDate": "2024-11-08",
        "acceptedDate": "2024-11-08 16:20:47",
        "calendarYear": "2024",
        "period": "Q3",
        "revenue": 182051000,
        "costOfRevenue": 158761000,
        "grossProfit": 23290000,
        "grossProfitRatio": 0.1279311841,
        "researchAndDevelopmentExpenses": 475000,
        "generalAndAdministrativeExpenses": 21849000,
        "sellingAndMarketingExpenses": 0,
        "sellingGeneralAndAdministrativeExpenses": 21849000,
        "otherExpenses": 966000,
        "operatingExpenses": 23290000,
        "costAndExpenses": 182051000,
        "interestIncome": 0,
        "interestExpense": 3480000,
        "depreciationAndAmortization": 6477000,
        "ebitda": 6959000,
        "ebitdaratio": 0.0382255522,
        "operatingIncome": 533000,
        "operatingIncomeRatio": 0.002927751,
        "totalOtherIncomeExpensesNet": -3531000,
        "incomeBeforeTax": -2998000,
        "incomeBeforeTaxRatio": -0.0164679128,
        "incomeTaxExpense": 948000,
        "netIncome": -3946000,
        "netIncomeRatio": -0.0216752448,
        "eps": -0.11,
        "epsdiluted": -0.11,
        "weightedAverageShsOut": 34391000,
        "weightedAverageShsOutDil": 34391000,
        "link": "https://www.sec.gov/Archives/edgar/data/850429/000085042924000027/0000850429-24-000027-index.htm",
        "finalLink": "https://www.sec.gov/Archives/edgar/data/850429/000085042924000027/tg-20240930.htm"
    },
    {
        "date": "2024-06-30",
        "symbol": "TG",
        "reportedCurrency": "USD",
        "cik": "0000850429",
        "fillingDate": "2024-08-07",
        "acceptedDate": "2024-08-07 08:09:16",
        "calendarYear": "2024",
        "period": "Q2",
        "revenue": 190235000,
        "costOfRevenue": 155748000,
        "grossProfit": 34487000,
        "grossProfitRatio": 0.1812863038,
        "researchAndDevelopmentExpenses": 167000,
        "generalAndAdministrativeExpenses": 19941000,
        "sellingAndMarketingExpenses": 0,
        "sellingGeneralAndAdministrativeExpenses": 19941000,
        "otherExpenses": 14379000,
        "operatingExpenses": 34487000,
        "costAndExpenses": 190235000,
        "interestIncome": 0,
        "interestExpense": 3379000,
        "depreciationAndAmortization": 6589000,
        "ebitda": 20728000,
        "ebitdaratio": 0.1089599706,
        "operatingIncome": 15845000,
        "operatingIncomeRatio": 0.0832917181,
        "totalOtherIncomeExpensesNet": 10760000,
        "incomeBeforeTax": 10760000,
        "incomeBeforeTaxRatio": 0.0565616212,
        "incomeTaxExpense": 1968000,
        "netIncome": 8792000,
        "netIncomeRatio": 0.0462165217,
        "eps": 0.26,
        "epsdiluted": 0.26,
        "weightedAverageShsOut": 34378000,
        "weightedAverageShsOutDil": 34378000,
        "link": "https://www.sec.gov/Archives/edgar/data/850429/000085042924000018/0000850429-24-000018-index.htm",
        "finalLink": "https://www.sec.gov/Archives/edgar/data/850429/000085042924000018/tg-20240630.htm"
    },
    {
        "date": "2024-03-31",
        "symbol": "TG",
        "reportedCurrency": "USD",
        "cik": "0000850429",
        "fillingDate": "2024-05-09",
        "acceptedDate": "2024-05-09 08:22:21",
        "calendarYear": "2024",
        "period": "Q1",
        "revenue": 175736000,
        "costOfRevenue": 148709000,
        "grossProfit": 27027000,
        "grossProfitRatio": 0.1537931898,
        "researchAndDevelopmentExpenses": 352000,
        "generalAndAdministrativeExpenses": 18312000,
        "sellingAndMarketingExpenses": 0,
        "sellingGeneralAndAdministrativeExpenses": 18312000,
        "otherExpenses": 8363000,
        "operatingExpenses": 27027000,
        "costAndExpenses": 175736000,
        "interestIncome": 0,
        "interestExpense": 3455000,
        "depreciationAndAmortization": 6716000,
        "ebitda": 14116000,
        "ebitdaratio": 0.080325033,
        "operatingIncome": 7446000,
        "operatingIncomeRatio": 0.0423703737,
        "totalOtherIncomeExpensesNet": 3945000,
        "incomeBeforeTax": 3945000,
        "incomeBeforeTaxRatio": 0.0224484454,
        "incomeTaxExpense": 657000,
        "netIncome": 3288000,
        "netIncomeRatio": 0.018709883,
        "eps": 0.0958,
        "epsdiluted": 0.0958,
        "weightedAverageShsOut": 34323000,
        "weightedAverageShsOutDil": 34323000,
        "link": "https://www.sec.gov/Archives/edgar/data/850429/000085042924000012/0000850429-24-000012-index.htm",
        "finalLink": "https://www.sec.gov/Archives/edgar/data/850429/000085042924000012/tg-20240331.htm"
    },
    {
        "date": "2023-12-31",
        "symbol": "TG",
        "reportedCurrency": "USD",
        "cik": "0000850429",
        "fillingDate": "2024-03-15",
        "acceptedDate": "2024-03-15 08:23:18",
        "calendarYear": "2023",
        "period": "Q4",
        "revenue": 169344000,
        "costOfRevenue": 148734000,
        "grossProfit": 20610000,
        "grossProfitRatio": 0.121704932,
        "researchAndDevelopmentExpenses": 386000,
        "generalAndAdministrativeExpenses": 21852000,
        "sellingAndMarketingExpenses": 0,
        "sellingGeneralAndAdministrativeExpenses": 21852000,
        "otherExpenses": 3800000,
        "operatingExpenses": 26038000,
        "costAndExpenses": 174772000,
        "interestIncome": 0,
        "interestExpense": 3816000,
        "depreciationAndAmortization": 6734000,
        "ebitda": -62859000,
        "ebitdaratio": -0.3711911848,
        "operatingIncome": -5428000,
        "operatingIncomeRatio": -0.032053099,
        "totalOtherIncomeExpensesNet": -67981000,
        "incomeBeforeTax": -73409000,
        "incomeBeforeTaxRatio": -0.4334904101,
        "incomeTaxExpense": 37818000,
        "netIncome": -35591000,
        "netIncomeRatio": -0.2101698318,
        "eps": -1.04,
        "epsdiluted": -1.04,
        "weightedAverageShsOut": 34274878,
        "weightedAverageShsOutDil": 34289000,
        "link": "https://www.sec.gov/Archives/edgar/data/850429/000085042924000004/0000850429-24-000004-index.htm",
        "finalLink": "https://www.sec.gov/Archives/edgar/data/850429/000085042924000004/tg-20231231.htm"
    },
    {
        "date": "2023-09-30",
        "symbol": "TG",
        "reportedCurrency": "USD",
        "cik": "0000850429",
        "fillingDate": "2023-11-09",
        "acceptedDate": "2023-11-09 17:07:49",
        "calendarYear": "2023",
        "period": "Q3",
        "revenue": 166192000,
        "costOfRevenue": 151272000,
        "grossProfit": 14920000,
        "grossProfitRatio": 0.0897756811,
        "researchAndDevelopmentExpenses": 794000,
        "generalAndAdministrativeExpenses": 24468000,
        "sellingAndMarketingExpenses": 0,
        "sellingGeneralAndAdministrativeExpenses": 24468000,
        "otherExpenses": -10342000,
        "operatingExpenses": 14920000,
        "costAndExpenses": 166192000,
        "interestIncome": 0,
        "interestExpense": 3106000,
        "depreciationAndAmortization": 7594000,
        "ebitda": -52987000,
        "ebitdaratio": -0.3188300279,
        "operatingIncome": -10445000,
        "operatingIncomeRatio": -0.0628489939,
        "totalOtherIncomeExpensesNet": -53242000,
        "incomeBeforeTax": -63687000,
        "incomeBeforeTaxRatio": -0.3832133917,
        "incomeTaxExpense": 13307000,
        "netIncome": -50380000,
        "netIncomeRatio": -0.3031433523,
        "eps": -1.47,
        "epsdiluted": -1.47,
        "weightedAverageShsOut": 34264000,
        "weightedAverageShsOutDil": 34264000,
        "link": "https://www.sec.gov/Archives/edgar/data/850429/000085042923000031/0000850429-23-000031-index.htm",
        "finalLink": "https://www.sec.gov/Archives/edgar/data/850429/000085042923000031/tg-20230930.htm"
    },
    {
        "date": "2023-06-30",
        "symbol": "TG",
        "reportedCurrency": "USD",
        "cik": "0000850429",
        "fillingDate": "2023-08-09",
        "acceptedDate": "2023-08-09 08:27:07",
        "calendarYear": "2023",
        "period": "Q2",
        "revenue": 178167000,
        "costOfRevenue": 160466000,
        "grossProfit": 17701000,
        "grossProfitRatio": 0.0993506093,
        "researchAndDevelopmentExpenses": 1376000,
        "generalAndAdministrativeExpenses": 0,
        "sellingAndMarketingExpenses": 0,
        "sellingGeneralAndAdministrativeExpenses": 18407000,
        "otherExpenses": 0,
        "operatingExpenses": 19783000,
        "costAndExpenses": 180249000,
        "interestIncome": 0,
        "interestExpense": 2374000,
        "depreciationAndAmortization": 6512000,
        "ebitda": 3966000,
        "ebitdaratio": 0.0222600145,
        "operatingIncome": -2082000,
        "operatingIncomeRatio": -0.0116856657,
        "totalOtherIncomeExpensesNet": -20171000,
        "incomeBeforeTax": -22253000,
        "incomeBeforeTaxRatio": -0.1248996728,
        "incomeTaxExpense": 3331000,
        "netIncome": -18922000,
        "netIncomeRatio": -0.1062037302,
        "eps": -0.56,
        "epsdiluted": -0.56,
        "weightedAverageShsOut": 34079000,
        "weightedAverageShsOutDil": 34079000,
        "link": "https://www.sec.gov/Archives/edgar/data/850429/000085042923000023/0000850429-23-000023-index.htm",
        "finalLink": "https://www.sec.gov/Archives/edgar/data/850429/000085042923000023/tg-20230630.htm"
    },
    {
        "date": "2023-03-31",
        "symbol": "TG",
        "reportedCurrency": "USD",
        "cik": "0000850429",
        "fillingDate": "2023-05-08",
        "acceptedDate": "2023-05-08 08:18:11",
        "calendarYear": "2023",
        "period": "Q1",
        "revenue": 191122000,
        "costOfRevenue": 165568000,
        "grossProfit": 25554000,
        "grossProfitRatio": 0.1337051726,
        "researchAndDevelopmentExpenses": 1205000,
        "generalAndAdministrativeExpenses": 22424000,
        "sellingAndMarketingExpenses": 0,
        "sellingGeneralAndAdministrativeExpenses": 22424000,
        "otherExpenses": 1925000,
        "operatingExpenses": 25554000,
        "costAndExpenses": 191122000,
        "interestIncome": 0,
        "interestExpense": 2311000,
        "depreciationAndAmortization": 6843000,
        "ebitda": 8476000,
        "ebitdaratio": 0.0443486359,
        "operatingIncome": 1422000,
        "operatingIncomeRatio": 0.0074402738,
        "totalOtherIncomeExpensesNet": -2100000,
        "incomeBeforeTax": -678000,
        "incomeBeforeTaxRatio": -0.0035474723,
        "incomeTaxExpense": 331000,
        "netIncome": -1009000,
        "netIncomeRatio": -0.0052793504,
        "eps": -0.0298,
        "epsdiluted": -0.0298,
        "weightedAverageShsOut": 33895000,
        "weightedAverageShsOutDil": 33895000,
        "link": "https://www.sec.gov/Archives/edgar/data/850429/000085042923000010/0000850429-23-000010-index.htm",
        "finalLink": "https://www.sec.gov/Archives/edgar/data/850429/000085042923000010/tg-20230331.htm"
    },
    {
        "date": "2022-12-31",
        "symbol": "TG",
        "reportedCurrency": "USD",
        "cik": "0000850429",
        "fillingDate": "2023-03-16",
        "acceptedDate": "2023-03-16 08:22:34",
        "calendarYear": "2022",
        "period": "Q4",
        "revenue": 189149000,
        "costOfRevenue": 168475000,
        "grossProfit": 20674000,
        "grossProfitRatio": 0.1093000756,
        "researchAndDevelopmentExpenses": 1359000,
        "generalAndAdministrativeExpenses": 0,
        "sellingAndMarketingExpenses": 0,
        "sellingGeneralAndAdministrativeExpenses": 27010000,
        "otherExpenses": 0,
        "operatingExpenses": 28369000,
        "costAndExpenses": 196844000,
        "interestIncome": 0,
        "interestExpense": 1832000,
        "depreciationAndAmortization": 7390000,
        "ebitda": 2278000,
        "ebitdaratio": 0.0120434155,
        "operatingIncome": -7695000,
        "operatingIncomeRatio": -0.0406822135,
        "totalOtherIncomeExpensesNet": 757000,
        "incomeBeforeTax": -6938000,
        "incomeBeforeTaxRatio": -0.0366800776,
        "incomeTaxExpense": 3071000,
        "netIncome": -3867000,
        "netIncomeRatio": -0.0204442001,
        "eps": -0.11,
        "epsdiluted": -0.11,
        "weightedAverageShsOut": 33882000,
        "weightedAverageShsOutDil": 33882000,
        "link": "https://www.sec.gov/Archives/edgar/data/850429/000085042923000004/0000850429-23-000004-index.htm",
        "finalLink": "https://www.sec.gov/Archives/edgar/data/850429/000085042923000004/tg-20221231.htm"
    },
    {
        "date": "2022-09-30",
        "symbol": "TG",
        "reportedCurrency": "USD",
        "cik": "0000850429",
        "fillingDate": "2022-11-09",
        "acceptedDate": "2022-11-09 08:15:53",
        "calendarYear": "2022",
        "period": "Q3",
        "revenue": 238486000,
        "costOfRevenue": 210082000,
        "grossProfit": 28404000,
        "grossProfitRatio": 0.1191013309,
        "researchAndDevelopmentExpenses": 1576000,
        "generalAndAdministrativeExpenses": 0,
        "sellingAndMarketingExpenses": 0,
        "sellingGeneralAndAdministrativeExpenses": 21824000,
        "otherExpenses": 0,
        "operatingExpenses": 23400000,
        "costAndExpenses": 233482000,
        "interestIncome": 0,
        "interestExpense": 1138000,
        "depreciationAndAmortization": 7173000,
        "ebitda": 10448000,
        "ebitdaratio": 0.0438096995,
        "operatingIncome": 5004000,
        "operatingIncomeRatio": 0.0209823637,
        "totalOtherIncomeExpensesNet": -2846000,
        "incomeBeforeTax": 2158000,
        "incomeBeforeTaxRatio": 0.0090487492,
        "incomeTaxExpense": 1125000,
        "netIncome": 1033000,
        "netIncomeRatio": 0.0043314912,
        "eps": 0.03,
        "epsdiluted": 0.03,
        "weightedAverageShsOut": 33870000,
        "weightedAverageShsOutDil": 33871000,
        "link": "https://www.sec.gov/Archives/edgar/data/850429/000085042922000024/0000850429-22-000024-index.htm",
        "finalLink": "https://www.sec.gov/Archives/edgar/data/850429/000085042922000024/tg-20220930.htm"
    },
    {
        "date": "2022-06-30",
        "symbol": "TG",
        "reportedCurrency": "USD",
        "cik": "0000850429",
        "fillingDate": "2022-08-08",
        "acceptedDate": "2022-08-08 16:40:53",
        "calendarYear": "2022",
        "period": "Q2",
        "revenue": 274363000,
        "costOfRevenue": 229124000,
        "grossProfit": 45239000,
        "grossProfitRatio": 0.1648873937,
        "researchAndDevelopmentExpenses": 1754000,
        "generalAndAdministrativeExpenses": 0,
        "sellingAndMarketingExpenses": 0,
        "sellingGeneralAndAdministrativeExpenses": 22368000,
        "otherExpenses": 0,
        "operatingExpenses": 24122000,
        "costAndExpenses": 253246000,
        "interestIncome": 0,
        "interestExpense": 1234000,
        "depreciationAndAmortization": 6945000,
        "ebitda": 28523000,
        "ebitdaratio": 0.103960811,
        "operatingIncome": 21117000,
        "operatingIncomeRatio": 0.0769673753,
        "totalOtherIncomeExpensesNet": -692000,
        "incomeBeforeTax": 20425000,
        "incomeBeforeTaxRatio": 0.0744451694,
        "incomeTaxExpense": 5556000,
        "netIncome": 14869000,
        "netIncomeRatio": 0.0541946254,
        "eps": 0.44,
        "epsdiluted": 0.44,
        "weightedAverageShsOut": 33814000,
        "weightedAverageShsOutDil": 33854000,
        "link": "https://www.sec.gov/Archives/edgar/data/850429/000085042922000019/0000850429-22-000019-index.htm",
        "finalLink": "https://www.sec.gov/Archives/edgar/data/850429/000085042922000019/tg-20220630.htm"
    },
    {
        "date": "2022-03-31",
        "symbol": "TG",
        "reportedCurrency": "USD",
        "cik": "0000850429",
        "fillingDate": "2022-05-09",
        "acceptedDate": "2022-05-09 08:41:38",
        "calendarYear": "2022",
        "period": "Q1",
        "revenue": 236566000,
        "costOfRevenue": 191341000,
        "grossProfit": 45225000,
        "grossProfitRatio": 0.1911728651,
        "researchAndDevelopmentExpenses": 1525000,
        "generalAndAdministrativeExpenses": 0,
        "sellingAndMarketingExpenses": 0,
        "sellingGeneralAndAdministrativeExpenses": 22858000,
        "otherExpenses": 0,
        "operatingExpenses": 24383000,
        "costAndExpenses": 215724000,
        "interestIncome": 0,
        "interestExpense": 786000,
        "depreciationAndAmortization": 6992000,
        "ebitda": 25013000,
        "ebitdaratio": 0.1057337064,
        "operatingIncome": 20842000,
        "operatingIncomeRatio": 0.0881022632,
        "totalOtherIncomeExpensesNet": -3642000,
        "incomeBeforeTax": 17200000,
        "incomeBeforeTaxRatio": 0.0727069824,
        "incomeTaxExpense": 778000,
        "netIncome": 16422000,
        "netIncomeRatio": 0.0694182596,
        "eps": 0.49,
        "epsdiluted": 0.49,
        "weightedAverageShsOut": 33654000,
        "weightedAverageShsOutDil": 33696000,
        "link": "https://www.sec.gov/Archives/edgar/data/850429/000085042922000011/0000850429-22-000011-index.htm",
        "finalLink": "https://www.sec.gov/Archives/edgar/data/850429/000085042922000011/tg-20220331.htm"
    },
    {
        "date": "2021-12-31",
        "symbol": "TG",
        "reportedCurrency": "USD",
        "cik": "0000850429",
        "fillingDate": "2022-03-11",
        "acceptedDate": "2022-03-11 16:06:41",
        "calendarYear": "2021",
        "period": "Q4",
        "revenue": 220987000,
        "costOfRevenue": 186558000,
        "grossProfit": 34429000,
        "grossProfitRatio": 0.1557964948,
        "researchAndDevelopmentExpenses": 1577000,
        "generalAndAdministrativeExpenses": 0,
        "sellingAndMarketingExpenses": 0,
        "sellingGeneralAndAdministrativeExpenses": 27080000,
        "otherExpenses": 0,
        "operatingExpenses": 28657000,
        "costAndExpenses": 215215000,
        "interestIncome": 0,
        "interestExpense": 831000,
        "depreciationAndAmortization": 6415000,
        "ebitda": 26231000,
        "ebitdaratio": 0.11869929,
        "operatingIncome": 5772000,
        "operatingIncomeRatio": 0.0261191835,
        "totalOtherIncomeExpensesNet": 14145000,
        "incomeBeforeTax": 19917000,
        "incomeBeforeTaxRatio": 0.0901274736,
        "incomeTaxExpense": 1444000,
        "netIncome": 21354000,
        "netIncomeRatio": 0.0966301185,
        "eps": 0.64,
        "epsdiluted": 0.63,
        "weightedAverageShsOut": 33628000,
        "weightedAverageShsOutDil": 33648000,
        "link": "https://www.sec.gov/Archives/edgar/data/850429/000085042922000007/0000850429-22-000007-index.htm",
        "finalLink": "https://www.sec.gov/Archives/edgar/data/850429/000085042922000007/tg-20211231.htm"
    },
    {
        "date": "2021-09-30",
        "symbol": "TG",
        "reportedCurrency": "USD",
        "cik": "0000850429",
        "fillingDate": "2021-11-05",
        "acceptedDate": "2021-11-05 08:44:21",
        "calendarYear": "2021",
        "period": "Q3",
        "revenue": 209517000,
        "costOfRevenue": 177920000,
        "grossProfit": 31597000,
        "grossProfitRatio": 0.1508087649,
        "researchAndDevelopmentExpenses": 1613000,
        "generalAndAdministrativeExpenses": 0,
        "sellingAndMarketingExpenses": 0,
        "sellingGeneralAndAdministrativeExpenses": 18907000,
        "otherExpenses": 0,
        "operatingExpenses": 20520000,
        "costAndExpenses": 198440000,
        "interestIncome": 0,
        "interestExpense": 842000,
        "depreciationAndAmortization": 6534000,
        "ebitda": 15513000,
        "ebitdaratio": 0.0740417245,
        "operatingIncome": 11077000,
        "operatingIncomeRatio": 0.0528692182,
        "totalOtherIncomeExpensesNet": -2940000,
        "incomeBeforeTax": 8137000,
        "incomeBeforeTaxRatio": 0.038836944,
        "incomeTaxExpense": 1908000,
        "netIncome": 6203000,
        "netIncomeRatio": 0.0296061895,
        "eps": 0.19,
        "epsdiluted": 0.19,
        "weightedAverageShsOut": 33620000,
        "weightedAverageShsOutDil": 33649000,
        "link": "https://www.sec.gov/Archives/edgar/data/850429/000085042921000073/0000850429-21-000073-index.htm",
        "finalLink": "https://www.sec.gov/Archives/edgar/data/850429/000085042921000073/tg-20210930.htm"
    },
    {
        "date": "2021-06-30",
        "symbol": "TG",
        "reportedCurrency": "USD",
        "cik": "0000850429",
        "fillingDate": "2021-08-06",
        "acceptedDate": "2021-08-06 08:38:48",
        "calendarYear": "2021",
        "period": "Q2",
        "revenue": 211396000,
        "costOfRevenue": 165736000,
        "grossProfit": 45660000,
        "grossProfitRatio": 0.215992734,
        "researchAndDevelopmentExpenses": 1436000,
        "generalAndAdministrativeExpenses": 0,
        "sellingAndMarketingExpenses": 0,
        "sellingGeneralAndAdministrativeExpenses": 23815000,
        "otherExpenses": 0,
        "operatingExpenses": 25251000,
        "costAndExpenses": 190987000,
        "interestIncome": 0,
        "interestExpense": 891000,
        "depreciationAndAmortization": 6652000,
        "ebitda": 33994000,
        "ebitdaratio": 0.1608072054,
        "operatingIncome": 20409000,
        "operatingIncomeRatio": 0.096543927,
        "totalOtherIncomeExpensesNet": 6042000,
        "incomeBeforeTax": 26451000,
        "incomeBeforeTaxRatio": 0.1251253571,
        "incomeTaxExpense": 5723000,
        "netIncome": 21236000,
        "netIncomeRatio": 0.1004560162,
        "eps": 0.64,
        "epsdiluted": 0.63,
        "weightedAverageShsOut": 33594000,
        "weightedAverageShsOutDil": 33740000,
        "link": "https://www.sec.gov/Archives/edgar/data/850429/000085042921000067/0000850429-21-000067-index.htm",
        "finalLink": "https://www.sec.gov/Archives/edgar/data/850429/000085042921000067/tg-20210630.htm"
    },
    {
        "date": "2021-03-31",
        "symbol": "TG",
        "reportedCurrency": "USD",
        "cik": "0000850429",
        "fillingDate": "2021-05-07",
        "acceptedDate": "2021-05-07 09:22:15",
        "calendarYear": "2021",
        "period": "Q1",
        "revenue": 184822000,
        "costOfRevenue": 147508000,
        "grossProfit": 37314000,
        "grossProfitRatio": 0.2018915497,
        "researchAndDevelopmentExpenses": 1721000,
        "generalAndAdministrativeExpenses": 0,
        "sellingAndMarketingExpenses": 0,
        "sellingGeneralAndAdministrativeExpenses": 20524000,
        "otherExpenses": 0,
        "operatingExpenses": 22245000,
        "costAndExpenses": 169753000,
        "interestIncome": 0,
        "interestExpense": 822000,
        "depreciationAndAmortization": 6735000,
        "ebitda": 20272000,
        "ebitdaratio": 0.1096839121,
        "operatingIncome": 15069000,
        "operatingIncomeRatio": 0.0815325015,
        "totalOtherIncomeExpensesNet": -2354000,
        "incomeBeforeTax": 12715000,
        "incomeBeforeTaxRatio": 0.0687959226,
        "incomeTaxExpense": 3097000,
        "netIncome": 9031000,
        "netIncomeRatio": 0.0488632306,
        "eps": 0.27,
        "epsdiluted": 0.27,
        "weightedAverageShsOut": 33406000,
        "weightedAverageShsOutDil": 33644000,
        "link": "https://www.sec.gov/Archives/edgar/data/850429/000085042921000044/0000850429-21-000044-index.htm",
        "finalLink": "https://www.sec.gov/Archives/edgar/data/850429/000085042921000044/tg-20210331.htm"
    },
    {
        "date": "2020-12-31",
        "symbol": "TG",
        "reportedCurrency": "USD",
        "cik": "0000850429",
        "fillingDate": "2021-03-16",
        "acceptedDate": "2021-03-16 16:09:37",
        "calendarYear": "2020",
        "period": "Q4",
        "revenue": 192524000,
        "costOfRevenue": 150219000,
        "grossProfit": 42305000,
        "grossProfitRatio": 0.2197388378,
        "researchAndDevelopmentExpenses": 2335000,
        "generalAndAdministrativeExpenses": 0,
        "sellingAndMarketingExpenses": 0,
        "sellingGeneralAndAdministrativeExpenses": 32111000,
        "otherExpenses": 0,
        "operatingExpenses": 34446000,
        "costAndExpenses": 184665000,
        "interestIncome": 0,
        "interestExpense": 989000,
        "depreciationAndAmortization": 6475000,
        "ebitda": 13581000,
        "ebitdaratio": 0.0705418545,
        "operatingIncome": 7859000,
        "operatingIncomeRatio": 0.0408208847,
        "totalOtherIncomeExpensesNet": -1289000,
        "incomeBeforeTax": 6570000,
        "incomeBeforeTaxRatio": 0.0341256155,
        "incomeTaxExpense": 95000,
        "netIncome": 895000,
        "netIncomeRatio": 0.0046487711,
        "eps": 0.0268,
        "epsdiluted": 0.0267,
        "weightedAverageShsOut": 33421000,
        "weightedAverageShsOutDil": 33485000,
        "link": "https://www.sec.gov/Archives/edgar/data/850429/000085042921000020/0000850429-21-000020-index.htm",
        "finalLink": "https://www.sec.gov/Archives/edgar/data/850429/000085042921000020/tg-20201231.htm"
    },
    {
        "date": "2020-09-30",
        "symbol": "TG",
        "reportedCurrency": "USD",
        "cik": "0000850429",
        "fillingDate": "2020-11-09",
        "acceptedDate": "2020-11-09 08:41:48",
        "calendarYear": "2020",
        "period": "Q3",
        "revenue": 184370000,
        "costOfRevenue": 142461000,
        "grossProfit": 41909000,
        "grossProfitRatio": 0.2273092152,
        "researchAndDevelopmentExpenses": 1656000,
        "generalAndAdministrativeExpenses": 0,
        "sellingAndMarketingExpenses": 0,
        "sellingGeneralAndAdministrativeExpenses": 23087000,
        "otherExpenses": 0,
        "operatingExpenses": 24743000,
        "costAndExpenses": 167204000,
        "interestIncome": 0,
        "interestExpense": 494000,
        "depreciationAndAmortization": 8614000,
        "ebitda": -13110000,
        "ebitdaratio": -0.0711070131,
        "operatingIncome": 17166000,
        "operatingIncomeRatio": 0.0931062537,
        "totalOtherIncomeExpensesNet": -40084000,
        "incomeBeforeTax": -22918000,
        "incomeBeforeTaxRatio": -0.1243043879,
        "incomeTaxExpense": 5942000,
        "netIncome": -65213000,
        "netIncomeRatio": -0.3537072192,
        "eps": -1.95,
        "epsdiluted": -1.95,
        "weightedAverageShsOut": 33439000,
        "weightedAverageShsOutDil": 33439000,
        "link": "https://www.sec.gov/Archives/edgar/data/850429/000085042920000074/0000850429-20-000074-index.htm",
        "finalLink": "https://www.sec.gov/Archives/edgar/data/850429/000085042920000074/tg-20200930.htm"
    },
    {
        "date": "2020-06-30",
        "symbol": "TG",
        "reportedCurrency": "USD",
        "cik": "0000850429",
        "fillingDate": "2020-08-06",
        "acceptedDate": "2020-08-06 09:09:34",
        "calendarYear": "2020",
        "period": "Q2",
        "revenue": 186259000,
        "costOfRevenue": 139929000,
        "grossProfit": 46330000,
        "grossProfitRatio": 0.2487396582,
        "researchAndDevelopmentExpenses": 2237000,
        "generalAndAdministrativeExpenses": 0,
        "sellingAndMarketingExpenses": 0,
        "sellingGeneralAndAdministrativeExpenses": 22657000,
        "otherExpenses": 0,
        "operatingExpenses": 24894000,
        "costAndExpenses": 164823000,
        "interestIncome": 0,
        "interestExpense": 549000,
        "depreciationAndAmortization": 8553000,
        "ebitda": 29236000,
        "ebitdaratio": 0.1569642272,
        "operatingIncome": 21436000,
        "operatingIncomeRatio": 0.1150870562,
        "totalOtherIncomeExpensesNet": -3244000,
        "incomeBeforeTax": 18192000,
        "incomeBeforeTaxRatio": 0.0976704481,
        "incomeTaxExpense": 3860000,
        "netIncome": 11196000,
        "netIncomeRatio": 0.060109847,
        "eps": 0.33,
        "epsdiluted": 0.33,
        "weightedAverageShsOut": 33435000,
        "weightedAverageShsOutDil": 33436000,
        "link": "https://www.sec.gov/Archives/edgar/data/850429/000085042920000059/0000850429-20-000059-index.htm",
        "finalLink": "https://www.sec.gov/Archives/edgar/data/850429/000085042920000059/tg-20200630.htm"
    },
    {
        "date": "2020-03-31",
        "symbol": "TG",
        "reportedCurrency": "USD",
        "cik": "0000850429",
        "fillingDate": "2020-05-11",
        "acceptedDate": "2020-05-11 09:06:22",
        "calendarYear": "2020",
        "period": "Q1",
        "revenue": 192136000,
        "costOfRevenue": 152044000,
        "grossProfit": 40092000,
        "grossProfitRatio": 0.2086646958,
        "researchAndDevelopmentExpenses": 2170000,
        "generalAndAdministrativeExpenses": 0,
        "sellingAndMarketingExpenses": 0,
        "sellingGeneralAndAdministrativeExpenses": 23611000,
        "otherExpenses": 0,
        "operatingExpenses": 25781000,
        "costAndExpenses": 177825000,
        "interestIncome": 0,
        "interestExpense": 555000,
        "depreciationAndAmortization": 8315000,
        "ebitda": -18486000,
        "ebitdaratio": -0.0962130991,
        "operatingIncome": 14311000,
        "operatingIncomeRatio": 0.074483699,
        "totalOtherIncomeExpensesNet": -41200000,
        "incomeBeforeTax": -26889000,
        "incomeBeforeTaxRatio": -0.1399477453,
        "incomeTaxExpense": 6226000,
        "netIncome": -22321000,
        "netIncomeRatio": -0.1161729192,
        "eps": -0.67,
        "epsdiluted": -0.67,
        "weightedAverageShsOut": 33313000,
        "weightedAverageShsOutDil": 33313000,
        "link": "https://www.sec.gov/Archives/edgar/data/850429/000085042920000036/0000850429-20-000036-index.htm",
        "finalLink": "https://www.sec.gov/Archives/edgar/data/850429/000085042920000036/tg-20200331.htm"
    },
    {
        "date": "2019-12-31",
        "symbol": "TG",
        "reportedCurrency": "USD",
        "cik": "0000850429",
        "fillingDate": "2020-03-16",
        "acceptedDate": "2020-03-16 08:47:29",
        "calendarYear": "2019",
        "period": "Q4",
        "revenue": 198313000,
        "costOfRevenue": 160062000,
        "grossProfit": 38251000,
        "grossProfitRatio": 0.1928819593,
        "researchAndDevelopmentExpenses": 2137000,
        "generalAndAdministrativeExpenses": 0,
        "sellingAndMarketingExpenses": 0,
        "sellingGeneralAndAdministrativeExpenses": 20895000,
        "otherExpenses": 0,
        "operatingExpenses": 23032000,
        "costAndExpenses": 183094000,
        "interestIncome": 0,
        "interestExpense": 697000,
        "depreciationAndAmortization": 16530000,
        "ebitda": 16269000,
        "ebitdaratio": 0.0820369819,
        "operatingIncome": 15219000,
        "operatingIncomeRatio": 0.0767423215,
        "totalOtherIncomeExpensesNet": -11234000,
        "incomeBeforeTax": 3985000,
        "incomeBeforeTaxRatio": 0.0200944971,
        "incomeTaxExpense": 2995000,
        "netIncome": -3136000,
        "netIncomeRatio": -0.0158133859,
        "eps": -0.0942,
        "epsdiluted": -0.0942,
        "weightedAverageShsOut": 33278000,
        "weightedAverageShsOutDil": 33278000,
        "link": "https://www.sec.gov/Archives/edgar/data/850429/000085042920000014/0000850429-20-000014-index.htm",
        "finalLink": "https://www.sec.gov/Archives/edgar/data/850429/000085042920000014/tg-20191231x10k.htm"
    },
    {
        "date": "2019-09-30",
        "symbol": "TG",
        "reportedCurrency": "USD",
        "cik": "0000850429",
        "fillingDate": "2019-11-06",
        "acceptedDate": "2019-11-06 16:25:48",
        "calendarYear": "2019",
        "period": "Q3",
        "revenue": 205968000,
        "costOfRevenue": 166777000,
        "grossProfit": 39191000,
        "grossProfitRatio": 0.1902771304,
        "researchAndDevelopmentExpenses": 2008000,
        "generalAndAdministrativeExpenses": 0,
        "sellingAndMarketingExpenses": 0,
        "sellingGeneralAndAdministrativeExpenses": 19769000,
        "otherExpenses": 0,
        "operatingExpenses": 21777000,
        "costAndExpenses": 188554000,
        "interestIncome": 0,
        "interestExpense": 859000,
        "depreciationAndAmortization": 11507000,
        "ebitda": 20304000,
        "ebitdaratio": 0.0985784199,
        "operatingIncome": 17414000,
        "operatingIncomeRatio": 0.0845471141,
        "totalOtherIncomeExpensesNet": -2185000,
        "incomeBeforeTax": 15229000,
        "incomeBeforeTaxRatio": 0.0739386701,
        "incomeTaxExpense": 177000,
        "netIncome": 17133000,
        "netIncomeRatio": 0.0831828245,
        "eps": 0.51,
        "epsdiluted": 0.51,
        "weightedAverageShsOut": 33271000,
        "weightedAverageShsOutDil": 33285000,
        "link": "https://www.sec.gov/Archives/edgar/data/850429/000085042919000075/0000850429-19-000075-index.htm",
        "finalLink": "https://www.sec.gov/Archives/edgar/data/850429/000085042919000075/tg-20190930x10q.htm"
    },
    {
        "date": "2019-06-30",
        "symbol": "TG",
        "reportedCurrency": "USD",
        "cik": "0000850429",
        "fillingDate": "2019-08-08",
        "acceptedDate": "2019-08-08 16:35:37",
        "calendarYear": "2019",
        "period": "Q2",
        "revenue": 173577000,
        "costOfRevenue": 133307000,
        "grossProfit": 40270000,
        "grossProfitRatio": 0.2320007835,
        "researchAndDevelopmentExpenses": 542000,
        "generalAndAdministrativeExpenses": 0,
        "sellingAndMarketingExpenses": 0,
        "sellingGeneralAndAdministrativeExpenses": 16749000,
        "otherExpenses": 0,
        "operatingExpenses": 17291000,
        "costAndExpenses": 150597998,
        "interestIncome": 0,
        "interestExpense": 1263000,
        "depreciationAndAmortization": 8188000,
        "ebitda": 29005000,
        "ebitdaratio": 0.1671016321,
        "operatingIncome": 22979002,
        "operatingIncomeRatio": 0.1323850625,
        "totalOtherIncomeExpensesNet": 6001998,
        "incomeBeforeTax": 28981000,
        "incomeBeforeTaxRatio": 0.166963365,
        "incomeTaxExpense": 6347000,
        "netIncome": 14477000,
        "netIncomeRatio": 0.0834039072,
        "eps": 0.44,
        "epsdiluted": 0.44,
        "weightedAverageShsOut": 33270000,
        "weightedAverageShsOutDil": 33278000,
        "link": "https://www.sec.gov/Archives/edgar/data/850429/000085042919000062/0000850429-19-000062-index.htm",
        "finalLink": "https://www.sec.gov/Archives/edgar/data/850429/000085042919000062/tg-20190630x10q.htm"
    },
    {
        "date": "2019-03-31",
        "symbol": "TG",
        "reportedCurrency": "USD",
        "cik": "0000850429",
        "fillingDate": "2019-05-09",
        "acceptedDate": "2019-05-09 16:25:00",
        "calendarYear": "2019",
        "period": "Q1",
        "revenue": 248466000,
        "costOfRevenue": 209374000,
        "grossProfit": 39092000,
        "grossProfitRatio": 0.1573333977,
        "researchAndDevelopmentExpenses": 4485000,
        "generalAndAdministrativeExpenses": 0,
        "sellingAndMarketingExpenses": 0,
        "sellingGeneralAndAdministrativeExpenses": 23527000,
        "otherExpenses": 0,
        "operatingExpenses": 28012000,
        "costAndExpenses": 237386000,
        "interestIncome": 0,
        "interestExpense": 1232000,
        "depreciationAndAmortization": 8059000,
        "ebitda": 18248000,
        "ebitdaratio": 0.0734426441,
        "operatingIncome": 11080000,
        "operatingIncomeRatio": 0.0445936265,
        "totalOtherIncomeExpensesNet": 12731000,
        "incomeBeforeTax": 23811000,
        "incomeBeforeTaxRatio": 0.0958320253,
        "incomeTaxExpense": 4026000,
        "netIncome": 19785000,
        "netIncomeRatio": 0.0796286011,
        "eps": 0.6,
        "epsdiluted": 0.6,
        "weightedAverageShsOut": 33123000,
        "weightedAverageShsOutDil": 33127000,
        "link": "https://www.sec.gov/Archives/edgar/data/850429/000085042919000039/0000850429-19-000039-index.htm",
        "finalLink": "https://www.sec.gov/Archives/edgar/data/850429/000085042919000039/tg-20190331x10q.htm"
    },
    {
        "date": "2018-12-31",
        "symbol": "TG",
        "reportedCurrency": "USD",
        "cik": "0000850429",
        "fillingDate": "2019-03-18",
        "acceptedDate": "2019-03-18 16:41:28",
        "calendarYear": "2018",
        "period": "Q4",
        "revenue": 275706000,
        "costOfRevenue": 227181000,
        "grossProfit": 48525000,
        "grossProfitRatio": 0.1760026985,
        "researchAndDevelopmentExpenses": 5190000,
        "generalAndAdministrativeExpenses": 0,
        "sellingAndMarketingExpenses": 0,
        "sellingGeneralAndAdministrativeExpenses": 23228000,
        "otherExpenses": 0,
        "operatingExpenses": 28418000,
        "costAndExpenses": 255599000,
        "interestIncome": 0,
        "interestExpense": 1163000,
        "depreciationAndAmortization": 900000,
        "ebitda": 44167000,
        "ebitdaratio": 0.1601960059,
        "operatingIncome": 20107000,
        "operatingIncomeRatio": 0.0729291347,
        "totalOtherIncomeExpensesNet": 14440000,
        "incomeBeforeTax": 34547000,
        "incomeBeforeTaxRatio": 0.1253037656,
        "incomeTaxExpense": 8391000,
        "netIncome": 26156000,
        "netIncomeRatio": 0.0948691722,
        "eps": 0.79,
        "epsdiluted": 0.79,
        "weightedAverageShsOut": 33103000,
        "weightedAverageShsOutDil": 33112000,
        "link": "https://www.sec.gov/Archives/edgar/data/850429/000085042919000008/0000850429-19-000008-index.htm",
        "finalLink": "https://www.sec.gov/Archives/edgar/data/850429/000085042919000008/tg-20181231x10k.htm"
    },
    {
        "date": "2018-09-30",
        "symbol": "TG",
        "reportedCurrency": "USD",
        "cik": "0000850429",
        "fillingDate": "2018-11-09",
        "acceptedDate": "2018-11-08 18:55:25",
        "calendarYear": "2018",
        "period": "Q3",
        "revenue": 267294000,
        "costOfRevenue": 225816000,
        "grossProfit": 41478000,
        "grossProfitRatio": 0.1551774451,
        "researchAndDevelopmentExpenses": 5150000,
        "generalAndAdministrativeExpenses": 0,
        "sellingAndMarketingExpenses": 0,
        "sellingGeneralAndAdministrativeExpenses": 22829000,
        "otherExpenses": 0,
        "operatingExpenses": 27979000,
        "costAndExpenses": 253795000,
        "interestIncome": 0,
        "interestExpense": 1318000,
        "depreciationAndAmortization": 8606000,
        "ebitda": -30975000,
        "ebitdaratio": -0.1158836338,
        "operatingIncome": 13499000,
        "operatingIncomeRatio": 0.050502443,
        "totalOtherIncomeExpensesNet": -54398000,
        "incomeBeforeTax": -40899000,
        "incomeBeforeTaxRatio": -0.1530112909,
        "incomeTaxExpense": 6699000,
        "netIncome": -34200000,
        "netIncomeRatio": -0.127949,
        "eps": -1.03,
        "epsdiluted": -1.03,
        "weightedAverageShsOut": 33110000,
        "weightedAverageShsOutDil": 33110000,
        "link": "https://www.sec.gov/Archives/edgar/data/850429/000085042918000057/0000850429-18-000057-index.htm",
        "finalLink": "https://www.sec.gov/Archives/edgar/data/850429/000085042918000057/tg-20180930x10q.htm"
    },
    {
        "date": "2018-06-30",
        "symbol": "TG",
        "reportedCurrency": "USD",
        "cik": "0000850429",
        "fillingDate": "2018-08-01",
        "acceptedDate": "2018-08-01 17:25:53",
        "calendarYear": "2018",
        "period": "Q2",
        "revenue": 263759000,
        "costOfRevenue": 218007000,
        "grossProfit": 45752000,
        "grossProfitRatio": 0.1734613795,
        "researchAndDevelopmentExpenses": 4646000,
        "generalAndAdministrativeExpenses": 0,
        "sellingAndMarketingExpenses": 0,
        "sellingGeneralAndAdministrativeExpenses": 23524000,
        "otherExpenses": 0,
        "operatingExpenses": 28170000,
        "costAndExpenses": 246177000,
        "interestIncome": 0,
        "interestExpense": 1577000,
        "depreciationAndAmortization": 1025000,
        "ebitda": 29069000,
        "ebitdaratio": 0.1102104573,
        "operatingIncome": 17582000,
        "operatingIncomeRatio": 0.0666593367,
        "totalOtherIncomeExpensesNet": 1687000,
        "incomeBeforeTax": 19269000,
        "incomeBeforeTaxRatio": 0.073055327,
        "incomeTaxExpense": 4547000,
        "netIncome": 14722000,
        "netIncomeRatio": 0.0558161049,
        "eps": 0.45,
        "epsdiluted": 0.44,
        "weightedAverageShsOut": 33074000,
        "weightedAverageShsOutDil": 33108000,
        "link": "https://www.sec.gov/Archives/edgar/data/850429/000085042918000042/0000850429-18-000042-index.htm",
        "finalLink": "https://www.sec.gov/Archives/edgar/data/850429/000085042918000042/tg-20180630x10q.htm"
    },
    {
        "date": "2018-03-31",
        "symbol": "TG",
        "reportedCurrency": "USD",
        "cik": "0000850429",
        "fillingDate": "2018-05-01",
        "acceptedDate": "2018-05-01 17:03:58",
        "calendarYear": "2018",
        "period": "Q1",
        "revenue": 258711000,
        "costOfRevenue": 210979000,
        "grossProfit": 47732000,
        "grossProfitRatio": 0.1844993062,
        "researchAndDevelopmentExpenses": 4311000,
        "generalAndAdministrativeExpenses": 0,
        "sellingAndMarketingExpenses": 0,
        "sellingGeneralAndAdministrativeExpenses": 24107000,
        "otherExpenses": 0,
        "operatingExpenses": 28418000,
        "costAndExpenses": 239397000,
        "interestIncome": 0,
        "interestExpense": 1644000,
        "depreciationAndAmortization": 8519000,
        "ebitda": 26804000,
        "ebitdaratio": 0.1036059541,
        "operatingIncome": 19314000,
        "operatingIncomeRatio": 0.0746547306,
        "totalOtherIncomeExpensesNet": 4137000,
        "incomeBeforeTax": 23451000,
        "incomeBeforeTaxRatio": 0.0906455466,
        "incomeTaxExpense": 5287000,
        "netIncome": 18164000,
        "netIncomeRatio": 0.0702096161,
        "eps": 0.55,
        "epsdiluted": 0.55,
        "weightedAverageShsOut": 32982000,
        "weightedAverageShsOutDil": 32988000,
        "link": "https://www.sec.gov/Archives/edgar/data/850429/000085042918000030/0000850429-18-000030-index.htm",
        "finalLink": "https://www.sec.gov/Archives/edgar/data/850429/000085042918000030/tg-20180331x10q.htm"
    },
    {
        "date": "2017-12-31",
        "symbol": "TG",
        "reportedCurrency": "USD",
        "cik": "0000850429",
        "fillingDate": "2018-02-22",
        "acceptedDate": "2018-02-21 20:33:53",
        "calendarYear": "2017",
        "period": "Q4",
        "revenue": 245836000,
        "costOfRevenue": 203538000,
        "grossProfit": 42298000,
        "grossProfitRatio": 0.1720577946,
        "researchAndDevelopmentExpenses": 6088000,
        "generalAndAdministrativeExpenses": 0,
        "sellingAndMarketingExpenses": 0,
        "sellingGeneralAndAdministrativeExpenses": 22782000,
        "otherExpenses": 0,
        "operatingExpenses": 28870000,
        "costAndExpenses": 232408000,
        "interestIncome": 0,
        "interestExpense": 1591000,
        "depreciationAndAmortization": 1647000,
        "ebitda": -68514000,
        "ebitdaratio": -0.2786979938,
        "operatingIncome": 13428000,
        "operatingIncomeRatio": 0.0546217804,
        "totalOtherIncomeExpensesNet": -94187000,
        "incomeBeforeTax": -80759000,
        "incomeBeforeTaxRatio": -0.328507623,
        "incomeTaxExpense": 62830000,
        "netIncome": -17929000,
        "netIncomeRatio": -0.0729307343,
        "eps": -0.54,
        "epsdiluted": -0.54,
        "weightedAverageShsOut": 32948000,
        "weightedAverageShsOutDil": 32948000,
        "link": "https://www.sec.gov/Archives/edgar/data/850429/000085042918000014/0000850429-18-000014-index.htm",
        "finalLink": "https://www.sec.gov/Archives/edgar/data/850429/000085042918000014/tg-20171231x10k.htm"
    },
    {
        "date": "2017-09-30",
        "symbol": "TG",
        "reportedCurrency": "USD",
        "cik": "0000850429",
        "fillingDate": "2017-11-01",
        "acceptedDate": "2017-11-01 13:18:46",
        "calendarYear": "2017",
        "period": "Q3",
        "revenue": 247155000,
        "costOfRevenue": 202229000,
        "grossProfit": 44926000,
        "grossProfitRatio": 0.1817725719,
        "researchAndDevelopmentExpenses": 4455000,
        "generalAndAdministrativeExpenses": 0,
        "sellingAndMarketingExpenses": 0,
        "sellingGeneralAndAdministrativeExpenses": 22899000,
        "otherExpenses": 0,
        "operatingExpenses": 27354000,
        "costAndExpenses": 229583000,
        "interestIncome": 0,
        "interestExpense": 1757000,
        "depreciationAndAmortization": 10736000,
        "ebitda": 26650000,
        "ebitdaratio": 0.1078270721,
        "operatingIncome": 17572000,
        "operatingIncomeRatio": 0.0710970848,
        "totalOtherIncomeExpensesNet": -4876000,
        "incomeBeforeTax": 12696000,
        "incomeBeforeTaxRatio": 0.0513685744,
        "incomeTaxExpense": 4422000,
        "netIncome": 8274000,
        "netIncomeRatio": 0.0334769679,
        "eps": 0.25,
        "epsdiluted": 0.25,
        "weightedAverageShsOut": 32954000,
        "weightedAverageShsOutDil": 32954000,
        "link": "https://www.sec.gov/Archives/edgar/data/850429/000085042917000060/0000850429-17-000060-index.htm",
        "finalLink": "https://www.sec.gov/Archives/edgar/data/850429/000085042917000060/tg-20170930x10q.htm"
    },
    {
        "date": "2017-06-30",
        "symbol": "TG",
        "reportedCurrency": "USD",
        "cik": "0000850429",
        "fillingDate": "2017-08-02",
        "acceptedDate": "2017-08-02 16:17:10",
        "calendarYear": "2017",
        "period": "Q2",
        "revenue": 247347000,
        "costOfRevenue": 201898000,
        "grossProfit": 45449000,
        "grossProfitRatio": 0.1837459116,
        "researchAndDevelopmentExpenses": 5014000,
        "generalAndAdministrativeExpenses": 0,
        "sellingAndMarketingExpenses": 0,
        "sellingGeneralAndAdministrativeExpenses": 23216000,
        "otherExpenses": 0,
        "operatingExpenses": 28230000,
        "costAndExpenses": 230128000,
        "interestIncome": 0,
        "interestExpense": 1642000,
        "depreciationAndAmortization": 9924000,
        "ebitda": 58597000,
        "ebitdaratio": 0.2369020041,
        "operatingIncome": 17219000,
        "operatingIncomeRatio": 0.0696147517,
        "totalOtherIncomeExpensesNet": 29812000,
        "incomeBeforeTax": 47031000,
        "incomeBeforeTaxRatio": 0.1901417846,
        "incomeTaxExpense": 2827000,
        "netIncome": 44204000,
        "netIncomeRatio": 0.178712497,
        "eps": 1.34,
        "epsdiluted": 1.34,
        "weightedAverageShsOut": 32961000,
        "weightedAverageShsOutDil": 33051000,
        "link": "https://www.sec.gov/Archives/edgar/data/850429/000085042917000050/0000850429-17-000050-index.htm",
        "finalLink": "https://www.sec.gov/Archives/edgar/data/850429/000085042917000050/tg-20170630x10q.htm"
    },
    {
        "date": "2017-03-31",
        "symbol": "TG",
        "reportedCurrency": "USD",
        "cik": "0000850429",
        "fillingDate": "2017-05-02",
        "acceptedDate": "2017-05-02 17:28:44",
        "calendarYear": "2017",
        "period": "Q1",
        "revenue": 221026000,
        "costOfRevenue": 186067000,
        "grossProfit": 34959000,
        "grossProfitRatio": 0.1581669125,
        "researchAndDevelopmentExpenses": 4558000,
        "generalAndAdministrativeExpenses": 0,
        "sellingAndMarketingExpenses": 0,
        "sellingGeneralAndAdministrativeExpenses": 20981000,
        "otherExpenses": 0,
        "operatingExpenses": 25539000,
        "costAndExpenses": 211606000,
        "interestIncome": 0,
        "interestExpense": 1180000,
        "depreciationAndAmortization": 8962000,
        "ebitda": 16263000,
        "ebitdaratio": 0.0735795789,
        "operatingIncome": 9420000,
        "operatingIncomeRatio": 0.0426194203,
        "totalOtherIncomeExpensesNet": -3299000,
        "incomeBeforeTax": 6121000,
        "incomeBeforeTaxRatio": 0.0276935745,
        "incomeTaxExpense": 2418000,
        "netIncome": 3703000,
        "netIncomeRatio": 0.0167536851,
        "eps": 0.11,
        "epsdiluted": 0.11,
        "weightedAverageShsOut": 32920000,
        "weightedAverageShsOutDil": 32957000,
        "link": "https://www.sec.gov/Archives/edgar/data/850429/000085042917000032/0000850429-17-000032-index.htm",
        "finalLink": "https://www.sec.gov/Archives/edgar/data/850429/000085042917000032/tg-20170331x10q.htm"
    },
    {
        "date": "2016-12-31",
        "symbol": "TG",
        "reportedCurrency": "USD",
        "cik": "0000850429",
        "fillingDate": "2017-02-22",
        "acceptedDate": "2017-02-22 16:51:00",
        "calendarYear": "2016",
        "period": "Q4",
        "revenue": 204772000,
        "costOfRevenue": 174170000,
        "grossProfit": 30602000,
        "grossProfitRatio": 0.14944426,
        "researchAndDevelopmentExpenses": 6462000,
        "generalAndAdministrativeExpenses": 0,
        "sellingAndMarketingExpenses": 0,
        "sellingGeneralAndAdministrativeExpenses": 18027000,
        "otherExpenses": 0,
        "operatingExpenses": 24489000,
        "costAndExpenses": 198659000,
        "interestIncome": 0,
        "interestExpense": 888000,
        "depreciationAndAmortization": 8503000,
        "ebitda": 12472000,
        "ebitdaratio": 0.0609067646,
        "operatingIncome": 6113000,
        "operatingIncomeRatio": 0.0298527142,
        "totalOtherIncomeExpensesNet": -3032000,
        "incomeBeforeTax": 3081000,
        "incomeBeforeTaxRatio": 0.0150460024,
        "incomeTaxExpense": 1353000,
        "netIncome": 1728000,
        "netIncomeRatio": 0.0084386537,
        "eps": 0.05,
        "epsdiluted": 0.05,
        "weightedAverageShsOut": 32856000,
        "weightedAverageShsOutDil": 32900000,
        "link": "https://www.sec.gov/Archives/edgar/data/850429/000085042917000018/0000850429-17-000018-index.htm",
        "finalLink": "https://www.sec.gov/Archives/edgar/data/850429/000085042917000018/tg-20161231x10k.htm"
    },
    {
        "date": "2016-09-30",
        "symbol": "TG",
        "reportedCurrency": "USD",
        "cik": "0000850429",
        "fillingDate": "2016-11-02",
        "acceptedDate": "2016-11-01 18:06:53",
        "calendarYear": "2016",
        "period": "Q3",
        "revenue": 207702000,
        "costOfRevenue": 173275000,
        "grossProfit": 34427000,
        "grossProfitRatio": 0.1657518945,
        "researchAndDevelopmentExpenses": 4519000,
        "generalAndAdministrativeExpenses": 0,
        "sellingAndMarketingExpenses": 0,
        "sellingGeneralAndAdministrativeExpenses": 17433000,
        "otherExpenses": 0,
        "operatingExpenses": 21952000,
        "costAndExpenses": 195227000,
        "interestIncome": 0,
        "interestExpense": 886000,
        "depreciationAndAmortization": 1019000,
        "ebitda": 18441000,
        "ebitdaratio": 0.0887858567,
        "operatingIncome": 12475000,
        "operatingIncomeRatio": 0.0600620119,
        "totalOtherIncomeExpensesNet": -3096000,
        "incomeBeforeTax": 9379000,
        "incomeBeforeTaxRatio": 0.0451560409,
        "incomeTaxExpense": 2669000,
        "netIncome": 12048000,
        "netIncomeRatio": 0.0580061819,
        "eps": 0.37,
        "epsdiluted": 0.37,
        "weightedAverageShsOut": 32818000,
        "weightedAverageShsOutDil": 32828000,
        "link": "https://www.sec.gov/Archives/edgar/data/850429/000085042916000158/0000850429-16-000158-index.htm",
        "finalLink": "https://www.sec.gov/Archives/edgar/data/850429/000085042916000158/tg-20160930x10q.htm"
    },
    {
        "date": "2016-06-30",
        "symbol": "TG",
        "reportedCurrency": "USD",
        "cik": "0000850429",
        "fillingDate": "2016-08-02",
        "acceptedDate": "2016-08-02 16:53:38",
        "calendarYear": "2016",
        "period": "Q2",
        "revenue": 208533000,
        "costOfRevenue": 176096000,
        "grossProfit": 32437000,
        "grossProfitRatio": 0.1555485223,
        "researchAndDevelopmentExpenses": 4962000,
        "generalAndAdministrativeExpenses": 0,
        "sellingAndMarketingExpenses": 0,
        "sellingGeneralAndAdministrativeExpenses": 19182000,
        "otherExpenses": 0,
        "operatingExpenses": 24144000,
        "costAndExpenses": 200240000,
        "interestIncome": 0,
        "interestExpense": 947000,
        "depreciationAndAmortization": 7885000,
        "ebitda": 13557000,
        "ebitdaratio": 0.0650112932,
        "operatingIncome": 8293000,
        "operatingIncomeRatio": 0.0397682861,
        "totalOtherIncomeExpensesNet": -3568000,
        "incomeBeforeTax": 4725000,
        "incomeBeforeTaxRatio": 0.0226582843,
        "incomeTaxExpense": 1317000,
        "netIncome": 3408000,
        "netIncomeRatio": 0.0163427371,
        "eps": 0.1,
        "epsdiluted": 0.1,
        "weightedAverageShsOut": 32716000,
        "weightedAverageShsOutDil": 32716000,
        "link": "https://www.sec.gov/Archives/edgar/data/850429/000085042916000144/0000850429-16-000144-index.htm",
        "finalLink": "https://www.sec.gov/Archives/edgar/data/850429/000085042916000144/tg-20160630x10q.htm"
    },
    {
        "date": "2016-03-31",
        "symbol": "TG",
        "reportedCurrency": "USD",
        "cik": "0000850429",
        "fillingDate": "2016-05-03",
        "acceptedDate": "2016-05-03 17:18:30",
        "calendarYear": "2016",
        "period": "Q1",
        "revenue": 207333000,
        "costOfRevenue": 169554000,
        "grossProfit": 37779000,
        "grossProfitRatio": 0.1822141193,
        "researchAndDevelopmentExpenses": 4977000,
        "generalAndAdministrativeExpenses": 19462000,
        "sellingAndMarketingExpenses": 400000,
        "sellingGeneralAndAdministrativeExpenses": 19862000,
        "otherExpenses": 0,
        "operatingExpenses": 24839000,
        "costAndExpenses": 194393000,
        "interestIncome": 0,
        "interestExpense": 1085000,
        "depreciationAndAmortization": 7908000,
        "ebitda": 19490000,
        "ebitdaratio": 0.0940033666,
        "operatingIncome": 12940000,
        "operatingIncomeRatio": 0.0624116759,
        "totalOtherIncomeExpensesNet": -2443000,
        "incomeBeforeTax": 10497000,
        "incomeBeforeTaxRatio": 0.0506286988,
        "incomeTaxExpense": 3216000,
        "netIncome": 7281000,
        "netIncomeRatio": 0.0351174198,
        "eps": 0.22,
        "epsdiluted": 0.22,
        "weightedAverageShsOut": 32654000,
        "weightedAverageShsOutDil": 32654000,
        "link": "https://www.sec.gov/Archives/edgar/data/850429/000085042916000126/0000850429-16-000126-index.htm",
        "finalLink": "https://www.sec.gov/Archives/edgar/data/850429/000085042916000126/tg-20160331x10q.htm"
    },
    {
        "date": "2015-12-31",
        "symbol": "TG",
        "reportedCurrency": "USD",
        "cik": "0000850429",
        "fillingDate": "2016-03-09",
        "acceptedDate": "2016-03-09 17:26:31",
        "calendarYear": "2015",
        "period": "Q4",
        "revenue": 216989000,
        "costOfRevenue": 176186000,
        "grossProfit": 40803000,
        "grossProfitRatio": 0.1880417901,
        "researchAndDevelopmentExpenses": 4247000,
        "generalAndAdministrativeExpenses": 0,
        "sellingAndMarketingExpenses": 0,
        "sellingGeneralAndAdministrativeExpenses": 16831000,
        "otherExpenses": 0,
        "operatingExpenses": 21078000,
        "costAndExpenses": 197264000,
        "interestIncome": 0,
        "interestExpense": 823000,
        "depreciationAndAmortization": 960000,
        "ebitda": 2748000,
        "ebitdaratio": 0.0126642364,
        "operatingIncome": 19725000,
        "operatingIncomeRatio": 0.0909032255,
        "totalOtherIncomeExpensesNet": -25737000,
        "incomeBeforeTax": -6012000,
        "incomeBeforeTaxRatio": -0.0277064736,
        "incomeTaxExpense": 136000,
        "netIncome": -5876000,
        "netIncomeRatio": -0.0270797137,
        "eps": -0.18,
        "epsdiluted": -0.18,
        "weightedAverageShsOut": 32614000,
        "weightedAverageShsOutDil": 32614000,
        "link": "https://www.sec.gov/Archives/edgar/data/850429/000085042916000117/0000850429-16-000117-index.htm",
        "finalLink": "https://www.sec.gov/Archives/edgar/data/850429/000085042916000117/tg-20151231x10ka.htm"
    },
    {
        "date": "2015-09-30",
        "symbol": "TG",
        "reportedCurrency": "USD",
        "cik": "0000850429",
        "fillingDate": "2015-11-09",
        "acceptedDate": "2015-11-09 08:14:44",
        "calendarYear": "2015",
        "period": "Q3",
        "revenue": 223772000,
        "costOfRevenue": 190058000,
        "grossProfit": 33714000,
        "grossProfitRatio": 0.1506622813,
        "researchAndDevelopmentExpenses": 3774000,
        "generalAndAdministrativeExpenses": 0,
        "sellingAndMarketingExpenses": 0,
        "sellingGeneralAndAdministrativeExpenses": 14709000,
        "otherExpenses": 0,
        "operatingExpenses": 18483000,
        "costAndExpenses": 208541000,
        "interestIncome": 0,
        "interestExpense": 901000,
        "depreciationAndAmortization": 9050000,
        "ebitda": -36723000,
        "ebitdaratio": -0.1641090038,
        "operatingIncome": 15231000,
        "operatingIncomeRatio": 0.068064816,
        "totalOtherIncomeExpensesNet": -48572000,
        "incomeBeforeTax": -33341000,
        "incomeBeforeTaxRatio": -0.148995406,
        "incomeTaxExpense": 3382000,
        "netIncome": -36723000,
        "netIncomeRatio": -0.1641090038,
        "eps": -1.13,
        "epsdiluted": -1.13,
        "weightedAverageShsOut": 32605000,
        "weightedAverageShsOutDil": 32605000,
        "link": "https://www.sec.gov/Archives/edgar/data/850429/000085042915000091/0000850429-15-000091-index.htm",
        "finalLink": "https://www.sec.gov/Archives/edgar/data/850429/000085042915000091/tg-20150930x10q.htm"
    },
    {
        "date": "2015-06-30",
        "symbol": "TG",
        "reportedCurrency": "USD",
        "cik": "0000850429",
        "fillingDate": "2015-07-30",
        "acceptedDate": "2015-07-30 17:18:13",
        "calendarYear": "2015",
        "period": "Q2",
        "revenue": 221245000,
        "costOfRevenue": 191497000,
        "grossProfit": 29748000,
        "grossProfitRatio": 0.1344572759,
        "researchAndDevelopmentExpenses": 4267000,
        "generalAndAdministrativeExpenses": 0,
        "sellingAndMarketingExpenses": 0,
        "sellingGeneralAndAdministrativeExpenses": 17998000,
        "otherExpenses": 0,
        "operatingExpenses": 22265000,
        "costAndExpenses": 213762000,
        "interestIncome": 0,
        "interestExpense": 893000,
        "depreciationAndAmortization": 8783000,
        "ebitda": 15226000,
        "ebitdaratio": 0.0688196343,
        "operatingIncome": 7483000,
        "operatingIncomeRatio": 0.0338222333,
        "totalOtherIncomeExpensesNet": -5986000,
        "incomeBeforeTax": 1497000,
        "incomeBeforeTaxRatio": 0.0067662546,
        "incomeTaxExpense": 903000,
        "netIncome": 594000,
        "netIncomeRatio": 0.0026848064,
        "eps": 0.02,
        "epsdiluted": 0.02,
        "weightedAverageShsOut": 32609000,
        "weightedAverageShsOutDil": 32746000,
        "link": "https://www.sec.gov/Archives/edgar/data/850429/000085042915000069/0000850429-15-000069-index.htm",
        "finalLink": "https://www.sec.gov/Archives/edgar/data/850429/000085042915000069/tg-20150630x10q.htm"
    },
    {
        "date": "2015-03-31",
        "symbol": "TG",
        "reportedCurrency": "USD",
        "cik": "0000850429",
        "fillingDate": "2015-05-05",
        "acceptedDate": "2015-05-05 12:05:55",
        "calendarYear": "2015",
        "period": "Q1",
        "revenue": 234171000,
        "costOfRevenue": 196756000,
        "grossProfit": 37415000,
        "grossProfitRatio": 0.1597764027,
        "researchAndDevelopmentExpenses": 3885000,
        "generalAndAdministrativeExpenses": 0,
        "sellingAndMarketingExpenses": 0,
        "sellingGeneralAndAdministrativeExpenses": 17073000,
        "otherExpenses": 0,
        "operatingExpenses": 20958000,
        "costAndExpenses": 217714000,
        "interestIncome": 0,
        "interestExpense": 885000,
        "depreciationAndAmortization": 9212000,
        "ebitda": 24586000,
        "ebitdaratio": 0.1049916514,
        "operatingIncome": 16457000,
        "operatingIncomeRatio": 0.070277703,
        "totalOtherIncomeExpensesNet": -1808000,
        "incomeBeforeTax": 14649000,
        "incomeBeforeTaxRatio": 0.0625568495,
        "incomeTaxExpense": 4779000,
        "netIncome": 9870000,
        "netIncomeRatio": 0.0421486862,
        "eps": 0.3,
        "epsdiluted": 0.3,
        "weightedAverageShsOut": 32482000,
        "weightedAverageShsOutDil": 32628000,
        "link": "https://www.sec.gov/Archives/edgar/data/850429/000085042915000042/0000850429-15-000042-index.htm",
        "finalLink": "https://www.sec.gov/Archives/edgar/data/850429/000085042915000042/tg-20150331x10q.htm"
    },
    {
        "date": "2014-12-31",
        "symbol": "TG",
        "reportedCurrency": "USD",
        "cik": "0000850429",
        "fillingDate": "2015-03-02",
        "acceptedDate": "2015-03-02 16:45:22",
        "calendarYear": "2014",
        "period": "Q4",
        "revenue": 239219000,
        "costOfRevenue": 204410000,
        "grossProfit": 34809000,
        "grossProfitRatio": 0.1455110171,
        "researchAndDevelopmentExpenses": 3144000,
        "generalAndAdministrativeExpenses": 0,
        "sellingAndMarketingExpenses": 0,
        "sellingGeneralAndAdministrativeExpenses": 17793000,
        "otherExpenses": 0,
        "operatingExpenses": 20937000,
        "costAndExpenses": 225347000,
        "interestIncome": 0,
        "interestExpense": 962000,
        "depreciationAndAmortization": 1158000,
        "ebitda": 22724000,
        "ebitdaratio": 0.0949924546,
        "operatingIncome": 13872000,
        "operatingIncomeRatio": 0.0579887049,
        "totalOtherIncomeExpensesNet": -3573000,
        "incomeBeforeTax": 10299000,
        "incomeBeforeTaxRatio": 0.0430526003,
        "incomeTaxExpense": 2754000,
        "netIncome": 13053000,
        "netIncomeRatio": 0.0545650638,
        "eps": 0.4,
        "epsdiluted": 0.4,
        "weightedAverageShsOut": 32335000,
        "weightedAverageShsOutDil": 32449000,
        "link": "https://www.sec.gov/Archives/edgar/data/850429/000085042915000015/0000850429-15-000015-index.htm",
        "finalLink": "https://www.sec.gov/Archives/edgar/data/850429/000085042915000015/tg-20141231x10k.htm"
    },
    {
        "date": "2014-09-30",
        "symbol": "TG",
        "reportedCurrency": "USD",
        "cik": "0000850429",
        "fillingDate": "2014-11-06",
        "acceptedDate": "2014-11-06 17:19:16",
        "calendarYear": "2014",
        "period": "Q3",
        "revenue": 240429000,
        "costOfRevenue": 205772000,
        "grossProfit": 34657000,
        "grossProfitRatio": 0.1441465048,
        "researchAndDevelopmentExpenses": 3012000,
        "generalAndAdministrativeExpenses": 0,
        "sellingAndMarketingExpenses": 0,
        "sellingGeneralAndAdministrativeExpenses": 16902000,
        "otherExpenses": 0,
        "operatingExpenses": 19914000,
        "costAndExpenses": 225686000,
        "interestIncome": 0,
        "interestExpense": 590000,
        "depreciationAndAmortization": 9823000,
        "ebitda": 23151000,
        "ebitdaratio": 0.0962903809,
        "operatingIncome": 14743000,
        "operatingIncomeRatio": 0.061319558,
        "totalOtherIncomeExpensesNet": 1371000,
        "incomeBeforeTax": 16114000,
        "incomeBeforeTaxRatio": 0.0670218651,
        "incomeTaxExpense": 5369000,
        "netIncome": 11595000,
        "netIncomeRatio": 0.0482262955,
        "eps": 0.36,
        "epsdiluted": 0.36,
        "weightedAverageShsOut": 32319000,
        "weightedAverageShsOutDil": 32507000,
        "link": "https://www.sec.gov/Archives/edgar/data/850429/000085042914000101/0000850429-14-000101-index.htm",
        "finalLink": "https://www.sec.gov/Archives/edgar/data/850429/000085042914000101/tg-20140930x10q.htm"
    },
    {
        "date": "2014-06-30",
        "symbol": "TG",
        "reportedCurrency": "USD",
        "cik": "0000850429",
        "fillingDate": "2014-08-08",
        "acceptedDate": "2014-08-07 18:07:16",
        "calendarYear": "2014",
        "period": "Q2",
        "revenue": 236965000,
        "costOfRevenue": 198485000,
        "grossProfit": 38480000,
        "grossProfitRatio": 0.1623868504,
        "researchAndDevelopmentExpenses": 3012000,
        "generalAndAdministrativeExpenses": 0,
        "sellingAndMarketingExpenses": 0,
        "sellingGeneralAndAdministrativeExpenses": 16512000,
        "otherExpenses": 0,
        "operatingExpenses": 19524000,
        "costAndExpenses": 218009000,
        "interestIncome": 0,
        "interestExpense": 531000,
        "depreciationAndAmortization": 10839000,
        "ebitda": 28368000,
        "ebitdaratio": 0.1197138818,
        "operatingIncome": 18956000,
        "operatingIncomeRatio": 0.079994936,
        "totalOtherIncomeExpensesNet": -13040000,
        "incomeBeforeTax": 5916000,
        "incomeBeforeTaxRatio": 0.0249657122,
        "incomeTaxExpense": 2164000,
        "netIncome": 3752000,
        "netIncomeRatio": 0.0158335619,
        "eps": 0.12,
        "epsdiluted": 0.11,
        "weightedAverageShsOut": 32312000,
        "weightedAverageShsOutDil": 32641000,
        "link": "https://www.sec.gov/Archives/edgar/data/850429/000085042914000083/0000850429-14-000083-index.htm",
        "finalLink": "https://www.sec.gov/Archives/edgar/data/850429/000085042914000083/tg-20140630x10q.htm"
    },
    {
        "date": "2014-03-31",
        "symbol": "TG",
        "reportedCurrency": "USD",
        "cik": "0000850429",
        "fillingDate": "2014-05-01",
        "acceptedDate": "2014-05-01 10:08:23",
        "calendarYear": "2014",
        "period": "Q1",
        "revenue": 235213000,
        "costOfRevenue": 197464000,
        "grossProfit": 37749000,
        "grossProfitRatio": 0.1604885784,
        "researchAndDevelopmentExpenses": 2979000,
        "generalAndAdministrativeExpenses": 0,
        "sellingAndMarketingExpenses": 0,
        "sellingGeneralAndAdministrativeExpenses": 18319000,
        "otherExpenses": 0,
        "operatingExpenses": 21298000,
        "costAndExpenses": 218762000,
        "interestIncome": 0,
        "interestExpense": 630000,
        "depreciationAndAmortization": 10146000,
        "ebitda": 25202000,
        "ebitdaratio": 0.1071454384,
        "operatingIncome": 16451000,
        "operatingIncomeRatio": 0.0699408621,
        "totalOtherIncomeExpensesNet": -3364000,
        "incomeBeforeTax": 13087000,
        "incomeBeforeTaxRatio": 0.0556389315,
        "incomeTaxExpense": 4608000,
        "netIncome": 8479000,
        "netIncomeRatio": 0.0360481776,
        "eps": 0.26,
        "epsdiluted": 0.26,
        "weightedAverageShsOut": 32242000,
        "weightedAverageShsOutDil": 32621000,
        "link": "https://www.sec.gov/Archives/edgar/data/850429/000085042914000054/0000850429-14-000054-index.htm",
        "finalLink": "https://www.sec.gov/Archives/edgar/data/850429/000085042914000054/tg-2014331x10q.htm"
    },
    {
        "date": "2013-12-31",
        "symbol": "TG",
        "reportedCurrency": "USD",
        "cik": "0000850429",
        "fillingDate": "2014-02-28",
        "acceptedDate": "2014-02-28 09:47:27",
        "calendarYear": "2013",
        "period": "Q4",
        "revenue": 240429000,
        "costOfRevenue": 205772000,
        "grossProfit": 34657000,
        "grossProfitRatio": 0.1441465048,
        "researchAndDevelopmentExpenses": 3012000,
        "generalAndAdministrativeExpenses": 0,
        "sellingAndMarketingExpenses": 0,
        "sellingGeneralAndAdministrativeExpenses": 16902000,
        "otherExpenses": 0,
        "operatingExpenses": 19914000,
        "costAndExpenses": 225686000,
        "interestIncome": 0,
        "interestExpense": 738000,
        "depreciationAndAmortization": 1511000,
        "ebitda": 23002000,
        "ebitdaratio": 0.0956706554,
        "operatingIncome": 14743000,
        "operatingIncomeRatio": 0.061319558,
        "totalOtherIncomeExpensesNet": 1371000,
        "incomeBeforeTax": 16114000,
        "incomeBeforeTaxRatio": 0.0670218651,
        "incomeTaxExpense": 5369000,
        "netIncome": 11595000,
        "netIncomeRatio": 0.0482262955,
        "eps": 0.29,
        "epsdiluted": 0.29,
        "weightedAverageShsOut": 32222000,
        "weightedAverageShsOutDil": 32622000,
        "link": "https://www.sec.gov/Archives/edgar/data/850429/000085042914000024/0000850429-14-000024-index.htm",
        "finalLink": "https://www.sec.gov/Archives/edgar/data/850429/000085042914000024/tg-20131231x10k.htm"
    },
    {
        "date": "2013-09-30",
        "symbol": "TG",
        "reportedCurrency": "USD",
        "cik": "0000850429",
        "fillingDate": "2013-11-04",
        "acceptedDate": "2013-11-04 17:09:57",
        "calendarYear": "2013",
        "period": "Q3",
        "revenue": 236965000,
        "costOfRevenue": 198485000,
        "grossProfit": 38480000,
        "grossProfitRatio": 0.1623868504,
        "researchAndDevelopmentExpenses": 3012000,
        "generalAndAdministrativeExpenses": 0,
        "sellingAndMarketingExpenses": 0,
        "sellingGeneralAndAdministrativeExpenses": 16512000,
        "otherExpenses": 0,
        "operatingExpenses": 19524000,
        "costAndExpenses": 218009000,
        "interestIncome": 0,
        "interestExpense": 727000,
        "depreciationAndAmortization": 10716000,
        "ebitda": 25238000,
        "ebitdaratio": 0.1065051801,
        "operatingIncome": 18956000,
        "operatingIncomeRatio": 0.079994936,
        "totalOtherIncomeExpensesNet": -13040000,
        "incomeBeforeTax": 5916000,
        "incomeBeforeTaxRatio": 0.0249657122,
        "incomeTaxExpense": 2164000,
        "netIncome": 3752000,
        "netIncomeRatio": 0.0158335619,
        "eps": 0.12,
        "epsdiluted": 0.11,
        "weightedAverageShsOut": 32201000,
        "weightedAverageShsOutDil": 32658000,
        "link": "https://www.sec.gov/Archives/edgar/data/850429/000119312513425406/0001193125-13-425406-index.htm",
        "finalLink": "https://www.sec.gov/Archives/edgar/data/850429/000119312513425406/d621480d10q.htm"
    },
    {
        "date": "2013-06-30",
        "symbol": "TG",
        "reportedCurrency": "USD",
        "cik": "0000850429",
        "fillingDate": "2013-08-02",
        "acceptedDate": "2013-08-02 10:41:59",
        "calendarYear": "2013",
        "period": "Q2",
        "revenue": 235213000,
        "costOfRevenue": 197464000,
        "grossProfit": 37749000,
        "grossProfitRatio": 0.1604885784,
        "researchAndDevelopmentExpenses": 2979000,
        "generalAndAdministrativeExpenses": 0,
        "sellingAndMarketingExpenses": 0,
        "sellingGeneralAndAdministrativeExpenses": 18319000,
        "otherExpenses": 0,
        "operatingExpenses": 21298000,
        "costAndExpenses": 218762000,
        "interestIncome": 0,
        "interestExpense": 715000,
        "depreciationAndAmortization": 11872000,
        "ebitda": 27661000,
        "ebitdaratio": 0.1175997925,
        "operatingIncome": 16451000,
        "operatingIncomeRatio": 0.0699408621,
        "totalOtherIncomeExpensesNet": -3364000,
        "incomeBeforeTax": 13087000,
        "incomeBeforeTaxRatio": 0.0556389315,
        "incomeTaxExpense": 4608000,
        "netIncome": 8479000,
        "netIncomeRatio": 0.0360481776,
        "eps": 0.26,
        "epsdiluted": 0.26,
        "weightedAverageShsOut": 32187000,
        "weightedAverageShsOutDil": 32635000,
        "link": "https://www.sec.gov/Archives/edgar/data/850429/000119312513316465/0001193125-13-316465-index.htm",
        "finalLink": "https://www.sec.gov/Archives/edgar/data/850429/000119312513316465/d576782d10q.htm"
    },
    {
        "date": "2013-03-31",
        "symbol": "TG",
        "reportedCurrency": "USD",
        "cik": "0000850429",
        "fillingDate": "2013-05-03",
        "acceptedDate": "2013-05-03 10:25:23",
        "calendarYear": "2013",
        "period": "Q1",
        "revenue": 241526000,
        "costOfRevenue": 204690000,
        "grossProfit": 36836000,
        "grossProfitRatio": 0.152513601,
        "researchAndDevelopmentExpenses": 3164000,
        "generalAndAdministrativeExpenses": 0,
        "sellingAndMarketingExpenses": 0,
        "sellingGeneralAndAdministrativeExpenses": 18396000,
        "otherExpenses": 0,
        "operatingExpenses": 22943000,
        "costAndExpenses": 227633000,
        "interestIncome": 0,
        "interestExpense": 690000,
        "depreciationAndAmortization": 11253000,
        "ebitda": 25224000,
        "ebitdaratio": 0.1044359613,
        "operatingIncome": 13501000,
        "operatingIncomeRatio": 0.0558987438,
        "totalOtherIncomeExpensesNet": -220000,
        "incomeBeforeTax": 13281000,
        "incomeBeforeTaxRatio": 0.0549878688,
        "incomeTaxExpense": 3764000,
        "netIncome": 9517000,
        "netIncomeRatio": 0.0394036253,
        "eps": 0.3,
        "epsdiluted": 0.29,
        "weightedAverageShsOut": 32076000,
        "weightedAverageShsOutDil": 32480000,
        "link": "https://www.sec.gov/Archives/edgar/data/850429/000119312513198070/0001193125-13-198070-index.htm",
        "finalLink": "https://www.sec.gov/Archives/edgar/data/850429/000119312513198070/d531111d10q.htm"
    },
    {
        "date": "2012-12-31",
        "symbol": "TG",
        "reportedCurrency": "USD",
        "cik": "0000850429",
        "fillingDate": "2013-03-01",
        "acceptedDate": "2013-03-01 10:55:08",
        "calendarYear": "2012",
        "period": "Q4",
        "revenue": 233038000,
        "costOfRevenue": 195228000,
        "grossProfit": 37810000,
        "grossProfitRatio": 0.162248217,
        "researchAndDevelopmentExpenses": 2999000,
        "generalAndAdministrativeExpenses": 0,
        "sellingAndMarketingExpenses": 0,
        "sellingGeneralAndAdministrativeExpenses": 18121000,
        "otherExpenses": 0,
        "operatingExpenses": 16182000,
        "costAndExpenses": 211410000,
        "interestIncome": 0,
        "interestExpense": 858000,
        "depreciationAndAmortization": 1759000,
        "ebitda": 25339000,
        "ebitdaratio": 0.1087333396,
        "operatingIncome": 14931000,
        "operatingIncomeRatio": 0.0640710957,
        "totalOtherIncomeExpensesNet": 5920000,
        "incomeBeforeTax": 20851000,
        "incomeBeforeTaxRatio": 0.0894746779,
        "incomeTaxExpense": 7001000,
        "netIncome": 13850000,
        "netIncomeRatio": 0.0594323673,
        "eps": 0.33,
        "epsdiluted": 0.33,
        "weightedAverageShsOut": 32016000,
        "weightedAverageShsOutDil": 32176000,
        "link": "https://www.sec.gov/Archives/edgar/data/850429/000119312513086552/0001193125-13-086552-index.htm",
        "finalLink": "https://www.sec.gov/Archives/edgar/data/850429/000119312513086552/d493141d10k.htm"
    },
    {
        "date": "2012-09-30",
        "symbol": "TG",
        "reportedCurrency": "USD",
        "cik": "0000850429",
        "fillingDate": "2012-11-02",
        "acceptedDate": "2012-11-02 10:58:55",
        "calendarYear": "2012",
        "period": "Q3",
        "revenue": 216648000,
        "costOfRevenue": 178461000,
        "grossProfit": 38187000,
        "grossProfitRatio": 0.176262878,
        "researchAndDevelopmentExpenses": 3429000,
        "generalAndAdministrativeExpenses": 0,
        "sellingAndMarketingExpenses": 0,
        "sellingGeneralAndAdministrativeExpenses": 15502000,
        "otherExpenses": 0,
        "operatingExpenses": 18877000,
        "costAndExpenses": 197338000,
        "interestIncome": 0,
        "interestExpense": 708000,
        "depreciationAndAmortization": 11441000,
        "ebitda": 30835000,
        "ebitdaratio": 0.1423276467,
        "operatingIncome": 17951000,
        "operatingIncomeRatio": 0.0828579078,
        "totalOtherIncomeExpensesNet": 735000,
        "incomeBeforeTax": 18686000,
        "incomeBeforeTaxRatio": 0.0862505077,
        "incomeTaxExpense": 4476000,
        "netIncome": 14210000,
        "netIncomeRatio": 0.0655902662,
        "eps": 0.44,
        "epsdiluted": 0.44,
        "weightedAverageShsOut": 32052000,
        "weightedAverageShsOutDil": 32101000,
        "link": "https://www.sec.gov/Archives/edgar/data/850429/000119312512448285/0001193125-12-448285-index.htm",
        "finalLink": "https://www.sec.gov/Archives/edgar/data/850429/000119312512448285/d428957d10q.htm"
    },
    {
        "date": "2012-06-30",
        "symbol": "TG",
        "reportedCurrency": "USD",
        "cik": "0000850429",
        "fillingDate": "2012-08-02",
        "acceptedDate": "2012-08-02 15:04:55",
        "calendarYear": "2012",
        "period": "Q2",
        "revenue": 241526000,
        "costOfRevenue": 204690000,
        "grossProfit": 36836000,
        "grossProfitRatio": 0.152513601,
        "researchAndDevelopmentExpenses": 3164000,
        "generalAndAdministrativeExpenses": 0,
        "sellingAndMarketingExpenses": 0,
        "sellingGeneralAndAdministrativeExpenses": 18396000,
        "otherExpenses": 0,
        "operatingExpenses": 22943000,
        "costAndExpenses": 227633000,
        "interestIncome": 0,
        "interestExpense": 1017000,
        "depreciationAndAmortization": 13855000,
        "ebitda": 24970000,
        "ebitdaratio": 0.1033843147,
        "operatingIncome": 13501000,
        "operatingIncomeRatio": 0.0558987438,
        "totalOtherIncomeExpensesNet": -220000,
        "incomeBeforeTax": 13281000,
        "incomeBeforeTaxRatio": 0.0549878688,
        "incomeTaxExpense": 3764000,
        "netIncome": 9517000,
        "netIncomeRatio": 0.0394036253,
        "eps": 0.23,
        "epsdiluted": 0.23,
        "weightedAverageShsOut": 32051000,
        "weightedAverageShsOutDil": 32101000,
        "link": "https://www.sec.gov/Archives/edgar/data/850429/000119312512331526/0001193125-12-331526-index.htm",
        "finalLink": "https://www.sec.gov/Archives/edgar/data/850429/000119312512331526/d388551d10q.htm"
    },
    {
        "date": "2012-03-31",
        "symbol": "TG",
        "reportedCurrency": "USD",
        "cik": "0000850429",
        "fillingDate": "2012-05-04",
        "acceptedDate": "2012-05-04 09:33:49",
        "calendarYear": "2012",
        "period": "Q1",
        "revenue": 233038000,
        "costOfRevenue": 195228000,
        "grossProfit": 37810000,
        "grossProfitRatio": 0.162248217,
        "researchAndDevelopmentExpenses": 2999000,
        "generalAndAdministrativeExpenses": 0,
        "sellingAndMarketingExpenses": 0,
        "sellingGeneralAndAdministrativeExpenses": 18121000,
        "otherExpenses": 0,
        "operatingExpenses": 16182000,
        "costAndExpenses": 211410000,
        "interestIncome": 0,
        "interestExpense": 1007000,
        "depreciationAndAmortization": 13221000,
        "ebitda": 26097000,
        "ebitdaratio": 0.111986028,
        "operatingIncome": 14931000,
        "operatingIncomeRatio": 0.0640710957,
        "totalOtherIncomeExpensesNet": 5920000,
        "incomeBeforeTax": 20851000,
        "incomeBeforeTaxRatio": 0.0894746779,
        "incomeTaxExpense": 7001000,
        "netIncome": 13850000,
        "netIncomeRatio": 0.0594323673,
        "eps": 0.43,
        "epsdiluted": 0.43,
        "weightedAverageShsOut": 32010000,
        "weightedAverageShsOutDil": 32393000,
        "link": "https://www.sec.gov/Archives/edgar/data/850429/000119312512210477/0001193125-12-210477-index.htm",
        "finalLink": "https://www.sec.gov/Archives/edgar/data/850429/000119312512210477/d342771d10q.htm"
    },
    {
        "date": "2011-12-31",
        "symbol": "TG",
        "reportedCurrency": "USD",
        "cik": "0000850429",
        "fillingDate": "2012-03-02",
        "acceptedDate": "2012-03-02 13:43:55",
        "calendarYear": "2011",
        "period": "Q4",
        "revenue": 216648000,
        "costOfRevenue": 178461000,
        "grossProfit": 38187000,
        "grossProfitRatio": 0.176262878,
        "researchAndDevelopmentExpenses": 3429000,
        "generalAndAdministrativeExpenses": 0,
        "sellingAndMarketingExpenses": 0,
        "sellingGeneralAndAdministrativeExpenses": 15502000,
        "otherExpenses": 0,
        "operatingExpenses": 18877000,
        "costAndExpenses": 197338000,
        "interestIncome": 0,
        "interestExpense": 843000,
        "depreciationAndAmortization": 12208000,
        "ebitda": 21162000,
        "ebitdaratio": 0.0976791847,
        "operatingIncome": 17951000,
        "operatingIncomeRatio": 0.0828579078,
        "totalOtherIncomeExpensesNet": 735000,
        "incomeBeforeTax": 18686000,
        "incomeBeforeTaxRatio": 0.0862505077,
        "incomeTaxExpense": 4476000,
        "netIncome": 14210000,
        "netIncomeRatio": 0.0655902662,
        "eps": 0.44,
        "epsdiluted": 0.44,
        "weightedAverageShsOut": 31970981,
        "weightedAverageShsOutDil": 32303087,
        "link": "https://www.sec.gov/Archives/edgar/data/850429/000119312512094064/0001193125-12-094064-index.htm",
        "finalLink": "https://www.sec.gov/Archives/edgar/data/850429/000119312512094064/d307830d10k.htm"
    },
    {
        "date": "2011-09-30",
        "symbol": "TG",
        "reportedCurrency": "USD",
        "cik": "0000850429",
        "fillingDate": "2011-11-03",
        "acceptedDate": "2011-11-03 16:23:48",
        "calendarYear": "2011",
        "period": "Q3",
        "revenue": 203924000,
        "costOfRevenue": 169407000,
        "grossProfit": 34517000,
        "grossProfitRatio": 0.1692640395,
        "researchAndDevelopmentExpenses": 3298000,
        "generalAndAdministrativeExpenses": 0,
        "sellingAndMarketingExpenses": 0,
        "sellingGeneralAndAdministrativeExpenses": 17926000,
        "otherExpenses": 130000,
        "operatingExpenses": 21354000,
        "costAndExpenses": 190761000,
        "interestIncome": 0,
        "interestExpense": 367000,
        "depreciationAndAmortization": 10538000,
        "ebitda": 23508000,
        "ebitdaratio": 0.1152782409,
        "operatingIncome": 13163000,
        "operatingIncomeRatio": 0.0645485573,
        "totalOtherIncomeExpensesNet": -560000,
        "incomeBeforeTax": 12603000,
        "incomeBeforeTaxRatio": 0.0618024362,
        "incomeTaxExpense": -133000,
        "netIncome": 12736000,
        "netIncomeRatio": 0.06245464,
        "eps": 0.4,
        "epsdiluted": 0.4,
        "weightedAverageShsOut": 31952000,
        "weightedAverageShsOutDil": 32060000,
        "link": "https://www.sec.gov/Archives/edgar/data/850429/000119312511295166/0001193125-11-295166-index.htm",
        "finalLink": "https://www.sec.gov/Archives/edgar/data/850429/000119312511295166/d250965d10q.htm"
    },
    {
        "date": "2011-06-30",
        "symbol": "TG",
        "reportedCurrency": "USD",
        "cik": "0000850429",
        "fillingDate": "2011-08-04",
        "acceptedDate": "2011-08-04 17:13:53",
        "calendarYear": "2011",
        "period": "Q2",
        "revenue": 201395000,
        "costOfRevenue": 167125000,
        "grossProfit": 34270000,
        "grossProfitRatio": 0.1701631123,
        "researchAndDevelopmentExpenses": 3187000,
        "generalAndAdministrativeExpenses": 0,
        "sellingAndMarketingExpenses": 23176000,
        "sellingGeneralAndAdministrativeExpenses": 23176000,
        "otherExpenses": 129000,
        "operatingExpenses": 23305000,
        "costAndExpenses": 190430000,
        "interestIncome": 0,
        "interestExpense": 361000,
        "depreciationAndAmortization": 11397000,
        "ebitda": 21278000,
        "ebitdaratio": 0.1056530698,
        "operatingIncome": 10965000,
        "operatingIncomeRatio": 0.0544452444,
        "totalOtherIncomeExpensesNet": -1445000,
        "incomeBeforeTax": 9520000,
        "incomeBeforeTaxRatio": 0.0472702897,
        "incomeTaxExpense": 3472000,
        "netIncome": 5703000,
        "netIncomeRatio": 0.0283174855,
        "eps": 0.18,
        "epsdiluted": 0.18,
        "weightedAverageShsOut": 31946000,
        "weightedAverageShsOutDil": 32205000,
        "link": "https://www.sec.gov/Archives/edgar/data/850429/000119312511210575/0001193125-11-210575-index.htm",
        "finalLink": "https://www.sec.gov/Archives/edgar/data/850429/000119312511210575/d10q.htm"
    },
    {
        "date": "2011-03-31",
        "symbol": "TG",
        "reportedCurrency": "USD",
        "cik": "0000850429",
        "fillingDate": "2011-05-05",
        "acceptedDate": "2011-05-05 17:04:11",
        "calendarYear": "2011",
        "period": "Q1",
        "revenue": 191718000,
        "costOfRevenue": 161857000,
        "grossProfit": 29861000,
        "grossProfitRatio": 0.1557548065,
        "researchAndDevelopmentExpenses": 3557000,
        "generalAndAdministrativeExpenses": 0,
        "sellingAndMarketingExpenses": 0,
        "sellingGeneralAndAdministrativeExpenses": 16162000,
        "otherExpenses": 129000,
        "operatingExpenses": 19848000,
        "costAndExpenses": 181705000,
        "interestIncome": 0,
        "interestExpense": 355000,
        "depreciationAndAmortization": 10592000,
        "ebitda": 20605000,
        "ebitdaratio": 0.1074755631,
        "operatingIncome": 10013000,
        "operatingIncomeRatio": 0.0522277512,
        "totalOtherIncomeExpensesNet": -355000,
        "incomeBeforeTax": 9658000,
        "incomeBeforeTaxRatio": 0.0503760732,
        "incomeTaxExpense": 2990000,
        "netIncome": 6668000,
        "netIncomeRatio": 0.0347802502,
        "eps": 0.21,
        "epsdiluted": 0.21,
        "weightedAverageShsOut": 31854000,
        "weightedAverageShsOutDil": 32262000,
        "link": "https://www.sec.gov/Archives/edgar/data/850429/000119312511128722/0001193125-11-128722-index.htm",
        "finalLink": "https://www.sec.gov/Archives/edgar/data/850429/000119312511128722/d10q.htm"
    },
    {
        "date": "2010-12-31",
        "symbol": "TG",
        "reportedCurrency": "USD",
        "cik": "0000850429",
        "fillingDate": "2011-03-04",
        "acceptedDate": "2011-03-04 13:12:47",
        "calendarYear": "2010",
        "period": "Q4",
        "revenue": 180969000,
        "costOfRevenue": 150036000,
        "grossProfit": 30933000,
        "grossProfitRatio": 0.1709298278,
        "researchAndDevelopmentExpenses": 1622000,
        "generalAndAdministrativeExpenses": 0,
        "sellingAndMarketingExpenses": 0,
        "sellingGeneralAndAdministrativeExpenses": 18102000,
        "otherExpenses": 124000,
        "operatingExpenses": 19848000,
        "costAndExpenses": 169884000,
        "interestIncome": 0,
        "interestExpense": 361000,
        "depreciationAndAmortization": 10930000,
        "ebitda": 22015000,
        "ebitdaratio": 0.1216506695,
        "operatingIncome": 11085000,
        "operatingIncomeRatio": 0.0612535849,
        "totalOtherIncomeExpensesNet": -614000,
        "incomeBeforeTax": 10471000,
        "incomeBeforeTaxRatio": 0.0578607386,
        "incomeTaxExpense": 3154000,
        "netIncome": 7317000,
        "netIncomeRatio": 0.0404323392,
        "eps": 0.23,
        "epsdiluted": 0.23,
        "weightedAverageShsOut": 31854000,
        "weightedAverageShsOutDil": 32262000,
        "link": "https://www.sec.gov/Archives/edgar/data/850429/000119312511055974/0001193125-11-055974-index.htm",
        "finalLink": "https://www.sec.gov/Archives/edgar/data/850429/000119312511055974/d10k.htm"
    },
    {
        "date": "2010-09-30",
        "symbol": "TG",
        "reportedCurrency": "USD",
        "cik": "0000850429",
        "fillingDate": "2010-11-03",
        "acceptedDate": "2010-11-03 16:41:40",
        "calendarYear": "2010",
        "period": "Q3",
        "revenue": 198332000,
        "costOfRevenue": 158648000,
        "grossProfit": 39684000,
        "grossProfitRatio": 0.2000887401,
        "researchAndDevelopmentExpenses": 5102000,
        "generalAndAdministrativeExpenses": 21860000,
        "sellingAndMarketingExpenses": 5068000,
        "sellingGeneralAndAdministrativeExpenses": 26928000,
        "otherExpenses": -10045000,
        "operatingExpenses": 27053000,
        "costAndExpenses": 185701000,
        "interestIncome": 0,
        "interestExpense": 358000,
        "depreciationAndAmortization": 125000,
        "ebitda": 12756000,
        "ebitdaratio": 0.0643163988,
        "operatingIncome": 12631000,
        "operatingIncomeRatio": 0.0636861424,
        "totalOtherIncomeExpensesNet": -467000,
        "incomeBeforeTax": 12164000,
        "incomeBeforeTaxRatio": 0.0613315047,
        "incomeTaxExpense": 3196000,
        "netIncome": 8968000,
        "netIncomeRatio": 0.0452171107,
        "eps": 0.28,
        "epsdiluted": 0.28,
        "weightedAverageShsOut": 31779000,
        "weightedAverageShsOutDil": 31995000,
        "link": "https://www.sec.gov/Archives/edgar/data/850429/000119312510246229/0001193125-10-246229-index.htm",
        "finalLink": "https://www.sec.gov/Archives/edgar/data/850429/000119312510246229/d10q.htm"
    },
    {
        "date": "2010-06-30",
        "symbol": "TG",
        "reportedCurrency": "USD",
        "cik": "0000850429",
        "fillingDate": "2010-08-04",
        "acceptedDate": "2010-08-04 16:16:19",
        "calendarYear": "2010",
        "period": "Q2",
        "revenue": 185197000,
        "costOfRevenue": 155073000,
        "grossProfit": 30124000,
        "grossProfitRatio": 0.1626592223,
        "researchAndDevelopmentExpenses": 3299000,
        "generalAndAdministrativeExpenses": 0,
        "sellingAndMarketingExpenses": 0,
        "sellingGeneralAndAdministrativeExpenses": 17809000,
        "otherExpenses": 129000,
        "operatingExpenses": 21237000,
        "costAndExpenses": 176310000,
        "interestIncome": 0,
        "interestExpense": 222000,
        "depreciationAndAmortization": 10865000,
        "ebitda": 19398000,
        "ebitdaratio": 0.1047425174,
        "operatingIncome": 8887000,
        "operatingIncomeRatio": 0.0479867384,
        "totalOtherIncomeExpensesNet": -577000,
        "incomeBeforeTax": 8310000,
        "incomeBeforeTaxRatio": 0.0448711372,
        "incomeTaxExpense": 3350000,
        "netIncome": 4960000,
        "netIncomeRatio": 0.0267822913,
        "eps": 0.15,
        "epsdiluted": 0.15,
        "weightedAverageShsOut": 32260000,
        "weightedAverageShsOutDil": 32450000,
        "link": "https://www.sec.gov/Archives/edgar/data/850429/000114036110031584/0001140361-10-031584-index.htm",
        "finalLink": "https://www.sec.gov/Archives/edgar/data/850429/000114036110031584/form10-q.htm"
    },
    {
        "date": "2010-03-31",
        "symbol": "TG",
        "reportedCurrency": "USD",
        "cik": "0000850429",
        "fillingDate": "2010-05-05",
        "acceptedDate": "2010-05-05 16:57:25",
        "calendarYear": "2010",
        "period": "Q1",
        "revenue": 175037000,
        "costOfRevenue": 141372000,
        "grossProfit": 33665000,
        "grossProfitRatio": 0.1923307644,
        "researchAndDevelopmentExpenses": 3602000,
        "generalAndAdministrativeExpenses": 19543000,
        "sellingAndMarketingExpenses": 3945000,
        "sellingGeneralAndAdministrativeExpenses": 23488000,
        "otherExpenses": 88000,
        "operatingExpenses": 23576000,
        "costAndExpenses": 164948000,
        "interestIncome": 0,
        "interestExpense": 195000,
        "depreciationAndAmortization": 11068000,
        "ebitda": 21100000,
        "ebitdaratio": 0.1205459417,
        "operatingIncome": 10089000,
        "operatingIncomeRatio": 0.057639242,
        "totalOtherIncomeExpensesNet": -251000,
        "incomeBeforeTax": 9838000,
        "incomeBeforeTaxRatio": 0.0562052595,
        "incomeTaxExpense": 4056000,
        "netIncome": 5782000,
        "netIncomeRatio": 0.0330330159,
        "eps": 0.17,
        "epsdiluted": 0.17,
        "weightedAverageShsOut": 33344000,
        "weightedAverageShsOutDil": 33515000,
        "link": "https://www.sec.gov/Archives/edgar/data/850429/000114036110019176/0001140361-10-019176-index.htm",
        "finalLink": "https://www.sec.gov/Archives/edgar/data/850429/000114036110019176/form10-q.htm"
    },
    {
        "date": "2009-12-31",
        "symbol": "TG",
        "reportedCurrency": "USD",
        "cik": "0000850429",
        "fillingDate": "2010-03-04",
        "acceptedDate": "2010-03-04 16:49:22",
        "calendarYear": "2009",
        "period": "Q4",
        "revenue": 168577000,
        "costOfRevenue": 134575000,
        "grossProfit": 34002000,
        "grossProfitRatio": 0.2017001133,
        "researchAndDevelopmentExpenses": 3876000,
        "generalAndAdministrativeExpenses": 0,
        "sellingAndMarketingExpenses": 0,
        "sellingGeneralAndAdministrativeExpenses": 15290000,
        "otherExpenses": 30000,
        "operatingExpenses": 19196000,
        "costAndExpenses": 153771000,
        "interestIncome": 0,
        "interestExpense": 198000,
        "depreciationAndAmortization": 10300000,
        "ebitda": 23638000,
        "ebitdaratio": 0.1402207893,
        "operatingIncome": 14806000,
        "operatingIncomeRatio": 0.0878293006,
        "totalOtherIncomeExpensesNet": -1666000,
        "incomeBeforeTax": 13140000,
        "incomeBeforeTaxRatio": 0.0779465763,
        "incomeTaxExpense": 3159000,
        "netIncome": 9981000,
        "netIncomeRatio": 0.0592073652,
        "eps": 0.3,
        "epsdiluted": 0.3,
        "weightedAverageShsOut": 33344000,
        "weightedAverageShsOutDil": 33515000,
        "link": "https://www.sec.gov/Archives/edgar/data/850429/000114036110010058/0001140361-10-010058-index.htm",
        "finalLink": "https://www.sec.gov/Archives/edgar/data/850429/000114036110010058/form10-k.htm"
    },
    {
        "date": "2009-09-30",
        "symbol": "TG",
        "reportedCurrency": "USD",
        "cik": "0000850429",
        "fillingDate": "2009-11-03",
        "acceptedDate": "2009-11-03 16:48:48",
        "calendarYear": "2009",
        "period": "Q3",
        "revenue": 175962000,
        "costOfRevenue": 140471000,
        "grossProfit": 35491000,
        "grossProfitRatio": 0.2016969573,
        "researchAndDevelopmentExpenses": 2469000,
        "generalAndAdministrativeExpenses": 0,
        "sellingAndMarketingExpenses": 0,
        "sellingGeneralAndAdministrativeExpenses": 16152000,
        "otherExpenses": 30000,
        "operatingExpenses": 18651000,
        "costAndExpenses": 159122000,
        "interestIncome": 0,
        "interestExpense": 197000,
        "depreciationAndAmortization": 9974000,
        "ebitda": 26814000,
        "ebitdaratio": 0.1523851741,
        "operatingIncome": 16840000,
        "operatingIncomeRatio": 0.0957024812,
        "totalOtherIncomeExpensesNet": -197000,
        "incomeBeforeTax": 16643000,
        "incomeBeforeTaxRatio": 0.0945829213,
        "incomeTaxExpense": 5647000,
        "netIncome": 10996000,
        "netIncomeRatio": 0.0624907651,
        "eps": 0.32,
        "epsdiluted": 0.32,
        "weightedAverageShsOut": 33878000,
        "weightedAverageShsOutDil": 33922000,
        "link": "https://www.sec.gov/Archives/edgar/data/850429/000114036109024522/0001140361-09-024522-index.htm",
        "finalLink": "https://www.sec.gov/Archives/edgar/data/850429/000114036109024522/form10q.htm"
    },
    {
        "date": "2009-06-30",
        "symbol": "TG",
        "reportedCurrency": "USD",
        "cik": "0000850429",
        "fillingDate": "2009-08-04",
        "acceptedDate": "2009-08-04 17:27:43",
        "calendarYear": "2009",
        "period": "Q2",
        "revenue": 158603000,
        "costOfRevenue": 125615000,
        "grossProfit": 32988000,
        "grossProfitRatio": 0.2079910216,
        "researchAndDevelopmentExpenses": 2999000,
        "generalAndAdministrativeExpenses": 17266000,
        "sellingAndMarketingExpenses": 3870000,
        "sellingGeneralAndAdministrativeExpenses": 21136000,
        "otherExpenses": -6839000,
        "operatingExpenses": 21166000,
        "costAndExpenses": 146781000,
        "interestIncome": 0,
        "interestExpense": 184000,
        "depreciationAndAmortization": 30000,
        "ebitda": 11852000,
        "ebitdaratio": 0.0747274642,
        "operatingIncome": 11822000,
        "operatingIncomeRatio": 0.0745383126,
        "totalOtherIncomeExpensesNet": -35000,
        "incomeBeforeTax": 11787000,
        "incomeBeforeTaxRatio": 0.0743176359,
        "incomeTaxExpense": 5300000,
        "netIncome": 6487000,
        "netIncomeRatio": 0.0409008657,
        "eps": 0.19,
        "epsdiluted": 0.19,
        "weightedAverageShsOut": 33876000,
        "weightedAverageShsOutDil": 33971000,
        "link": "https://www.sec.gov/Archives/edgar/data/850429/000114036109017841/0001140361-09-017841-index.htm",
        "finalLink": "https://www.sec.gov/Archives/edgar/data/850429/000114036109017841/form10q.htm"
    },
    {
        "date": "2009-03-31",
        "symbol": "TG",
        "reportedCurrency": "USD",
        "cik": "0000850429",
        "fillingDate": "2009-05-07",
        "acceptedDate": "2009-05-07 15:00:55",
        "calendarYear": "2009",
        "period": "Q1",
        "revenue": 153935000,
        "costOfRevenue": 128487000,
        "grossProfit": 25448000,
        "grossProfitRatio": 0.1653165297,
        "researchAndDevelopmentExpenses": 2512000,
        "generalAndAdministrativeExpenses": 14772000,
        "sellingAndMarketingExpenses": 0,
        "sellingGeneralAndAdministrativeExpenses": 14772000,
        "otherExpenses": 30000,
        "operatingExpenses": 17314000,
        "costAndExpenses": 145801000,
        "interestIncome": 0,
        "interestExpense": 204000,
        "depreciationAndAmortization": 9860000,
        "ebitda": -14196000,
        "ebitdaratio": -0.0922207425,
        "operatingIncome": 8134000,
        "operatingIncomeRatio": 0.0528404846,
        "totalOtherIncomeExpensesNet": 4557000,
        "incomeBeforeTax": -24260000,
        "incomeBeforeTaxRatio": -0.1575989866,
        "incomeTaxExpense": 4557000,
        "netIncome": -28817000,
        "netIncomeRatio": -0.1872023906,
        "eps": -0.85,
        "epsdiluted": -0.85,
        "weightedAverageShsOut": 33866000,
        "weightedAverageShsOutDil": 33866000,
        "link": "https://www.sec.gov/Archives/edgar/data/850429/000116923209002433/0001169232-09-002433-index.htm",
        "finalLink": "https://www.sec.gov/Archives/edgar/data/850429/000116923209002433/d76916_10-q.htm"
    },
    {
        "date": "2008-12-31",
        "symbol": "TG",
        "reportedCurrency": "USD",
        "cik": "0000850429",
        "fillingDate": "2009-03-06",
        "acceptedDate": "2009-03-05 17:39:25",
        "calendarYear": "2008",
        "period": "Q4",
        "revenue": 194114000,
        "costOfRevenue": 137447000,
        "grossProfit": 56667000,
        "grossProfitRatio": 0.2919263938,
        "researchAndDevelopmentExpenses": 2644000,
        "generalAndAdministrativeExpenses": 0,
        "sellingAndMarketingExpenses": 0,
        "sellingGeneralAndAdministrativeExpenses": 35105000,
        "otherExpenses": 30000,
        "operatingExpenses": 37779000,
        "costAndExpenses": 175226000,
        "interestIncome": 0,
        "interestExpense": 472000,
        "depreciationAndAmortization": 10254000,
        "ebitda": 16752000,
        "ebitdaratio": 0.0862998032,
        "operatingIncome": 18888000,
        "operatingIncomeRatio": 0.0973036463,
        "totalOtherIncomeExpensesNet": -7703000,
        "incomeBeforeTax": 11185000,
        "incomeBeforeTaxRatio": 0.0576207795,
        "incomeTaxExpense": 5272000,
        "netIncome": 6138000,
        "netIncomeRatio": 0.0316205941,
        "eps": 0.18,
        "epsdiluted": 0.18,
        "weightedAverageShsOut": 33824500,
        "weightedAverageShsOutDil": 34048500,
        "link": "https://www.sec.gov/Archives/edgar/data/850429/000116923209001322/0001169232-09-001322-index.htm",
        "finalLink": "https://www.sec.gov/Archives/edgar/data/850429/000116923209001322/d76356_10-k.htm"
    },
    {
        "date": "2008-09-30",
        "symbol": "TG",
        "reportedCurrency": "USD",
        "cik": "0000850429",
        "fillingDate": "2008-11-05",
        "acceptedDate": "2008-11-05 17:16:15",
        "calendarYear": "2008",
        "period": "Q3",
        "revenue": 236418000,
        "costOfRevenue": 200888000,
        "grossProfit": 35530000,
        "grossProfitRatio": 0.1502846653,
        "researchAndDevelopmentExpenses": 3027000,
        "generalAndAdministrativeExpenses": 0,
        "sellingAndMarketingExpenses": 0,
        "sellingGeneralAndAdministrativeExpenses": 13602000,
        "otherExpenses": 30000,
        "operatingExpenses": 16659000,
        "costAndExpenses": 217547000,
        "interestIncome": 0,
        "interestExpense": 483000,
        "depreciationAndAmortization": 10495000,
        "ebitda": 29366000,
        "ebitdaratio": 0.1242122004,
        "operatingIncome": 18871000,
        "operatingIncomeRatio": 0.0798204874,
        "totalOtherIncomeExpensesNet": -483000,
        "incomeBeforeTax": 18388000,
        "incomeBeforeTaxRatio": 0.0777774958,
        "incomeTaxExpense": 7310000,
        "netIncome": 11078000,
        "netIncomeRatio": 0.0468576843,
        "eps": 0.33,
        "epsdiluted": 0.33,
        "weightedAverageShsOut": 33672000,
        "weightedAverageShsOutDil": 33903000,
        "link": "https://www.sec.gov/Archives/edgar/data/850429/000116923208003920/0001169232-08-003920-index.htm",
        "finalLink": "https://www.sec.gov/Archives/edgar/data/850429/000116923208003920/d75221_10-q.htm"
    },
    {
        "date": "2008-06-30",
        "symbol": "TG",
        "reportedCurrency": "USD",
        "cik": "0000850429",
        "fillingDate": "2008-08-06",
        "acceptedDate": "2008-08-06 14:27:14",
        "calendarYear": "2008",
        "period": "Q2",
        "revenue": 234008000,
        "costOfRevenue": 196249000,
        "grossProfit": 37759000,
        "grossProfitRatio": 0.1613577314,
        "researchAndDevelopmentExpenses": 2851000,
        "generalAndAdministrativeExpenses": 0,
        "sellingAndMarketingExpenses": 0,
        "sellingGeneralAndAdministrativeExpenses": 20085000,
        "otherExpenses": 31000,
        "operatingExpenses": 22967000,
        "costAndExpenses": 219216000,
        "interestIncome": 0,
        "interestExpense": 557000,
        "depreciationAndAmortization": 11074000,
        "ebitda": 25310000,
        "ebitdaratio": 0.1081586954,
        "operatingIncome": 13573000,
        "operatingIncomeRatio": 0.0580022905,
        "totalOtherIncomeExpensesNet": -1776000,
        "incomeBeforeTax": 13679000,
        "incomeBeforeTaxRatio": 0.0584552665,
        "incomeTaxExpense": 4814000,
        "netIncome": 8658000,
        "netIncomeRatio": 0.0369987351,
        "eps": 0.25,
        "epsdiluted": 0.25,
        "weightedAverageShsOut": 33997000,
        "weightedAverageShsOutDil": 34211000,
        "link": "https://www.sec.gov/Archives/edgar/data/850429/000116923208002899/0001169232-08-002899-index.htm",
        "finalLink": "https://www.sec.gov/Archives/edgar/data/850429/000116923208002899/d74684_10q.htm"
    },
    {
        "date": "2008-03-31",
        "symbol": "TG",
        "reportedCurrency": "USD",
        "cik": "0000850429",
        "fillingDate": "2008-05-06",
        "acceptedDate": "2008-05-06 14:11:30",
        "calendarYear": "2008",
        "period": "Q1",
        "revenue": 228480000,
        "costOfRevenue": 194239000,
        "grossProfit": 34241000,
        "grossProfitRatio": 0.1498643207,
        "researchAndDevelopmentExpenses": 2483000,
        "generalAndAdministrativeExpenses": 0,
        "sellingAndMarketingExpenses": 0,
        "sellingGeneralAndAdministrativeExpenses": 21587000,
        "otherExpenses": 32000,
        "operatingExpenses": 24102000,
        "costAndExpenses": 218341000,
        "interestIncome": 0,
        "interestExpense": 881000,
        "depreciationAndAmortization": 11368000,
        "ebitda": 18124000,
        "ebitdaratio": 0.0793242297,
        "operatingIncome": 6199000,
        "operatingIncomeRatio": 0.0271314776,
        "totalOtherIncomeExpensesNet": -4821000,
        "incomeBeforeTax": 5875000,
        "incomeBeforeTaxRatio": 0.0257134104,
        "incomeTaxExpense": 2090000,
        "netIncome": 3062000,
        "netIncomeRatio": 0.0134016106,
        "eps": 0.09,
        "epsdiluted": 0.09,
        "weightedAverageShsOut": 34467000,
        "weightedAverageShsOutDil": 34682000,
        "link": "https://www.sec.gov/Archives/edgar/data/850429/000116923208001861/0001169232-08-001861-index.htm",
        "finalLink": "https://www.sec.gov/Archives/edgar/data/850429/000116923208001861/d74175_10q.htm"
    },
    {
        "date": "2007-12-31",
        "symbol": "TG",
        "reportedCurrency": "USD",
        "cik": "0000850429",
        "fillingDate": "2008-03-05",
        "acceptedDate": "2008-03-05 17:11:48",
        "calendarYear": "2007",
        "period": "Q4",
        "revenue": 87463000,
        "costOfRevenue": 30173000,
        "grossProfit": 57290000,
        "grossProfitRatio": 0.655019837,
        "researchAndDevelopmentExpenses": 1907000,
        "generalAndAdministrativeExpenses": 0,
        "sellingAndMarketingExpenses": 0,
        "sellingGeneralAndAdministrativeExpenses": 36032000,
        "otherExpenses": 37000,
        "operatingExpenses": 37976000,
        "costAndExpenses": 68149000,
        "interestIncome": 0,
        "interestExpense": 712000,
        "depreciationAndAmortization": 11489000,
        "ebitda": 30803000,
        "ebitdaratio": 0.3521832089,
        "operatingIncome": 45469000,
        "operatingIncomeRatio": 0.5198655431,
        "totalOtherIncomeExpensesNet": 39254000,
        "incomeBeforeTax": 46290000,
        "incomeBeforeTaxRatio": 0.5292523696,
        "incomeTaxExpense": 13252000,
        "netIncome": 13357000,
        "netIncomeRatio": 0.1527160056,
        "eps": 0.39,
        "epsdiluted": 0.36,
        "weightedAverageShsOut": 34616000,
        "weightedAverageShsOutDil": 36891000,
        "link": "https://www.sec.gov/Archives/edgar/data/850429/000116923208001244/0001169232-08-001244-index.htm",
        "finalLink": "https://www.sec.gov/Archives/edgar/data/850429/000116923208001244/d73812_10-k.htm"
    },
    {
        "date": "2007-09-30",
        "symbol": "TG",
        "reportedCurrency": "USD",
        "cik": "0000850429",
        "fillingDate": "2007-11-08",
        "acceptedDate": "2007-11-08 15:11:09",
        "calendarYear": "2007",
        "period": "Q3",
        "revenue": 275726000,
        "costOfRevenue": 240791000,
        "grossProfit": 34935000,
        "grossProfitRatio": 0.1267018707,
        "researchAndDevelopmentExpenses": 2375000,
        "generalAndAdministrativeExpenses": 0,
        "sellingAndMarketingExpenses": 0,
        "sellingGeneralAndAdministrativeExpenses": 17798000,
        "otherExpenses": 37000,
        "operatingExpenses": 20210000,
        "costAndExpenses": 261001000,
        "interestIncome": 0,
        "interestExpense": 628000,
        "depreciationAndAmortization": 11692000,
        "ebitda": 29181000,
        "ebitdaratio": 0.1058333273,
        "operatingIncome": -14599000,
        "operatingIncomeRatio": -0.0529474914,
        "totalOtherIncomeExpensesNet": -32990000,
        "incomeBeforeTax": -17214000,
        "incomeBeforeTaxRatio": -0.0624315444,
        "incomeTaxExpense": 1162000,
        "netIncome": -18376000,
        "netIncomeRatio": -0.0666458731,
        "eps": -0.47,
        "epsdiluted": -0.47,
        "weightedAverageShsOut": 38985000,
        "weightedAverageShsOutDil": 39119000,
        "link": "https://www.sec.gov/Archives/edgar/data/850429/000116923207004164/0001169232-07-004164-index.htm",
        "finalLink": "https://www.sec.gov/Archives/edgar/data/850429/000116923207004164/d72923_10q.htm"
    },
    {
        "date": "2007-06-30",
        "symbol": "TG",
        "reportedCurrency": "USD",
        "cik": "0000850429",
        "fillingDate": "2007-08-08",
        "acceptedDate": "2007-08-08 10:35:48",
        "calendarYear": "2007",
        "period": "Q2",
        "revenue": 279742000,
        "costOfRevenue": 246010000,
        "grossProfit": 33732000,
        "grossProfitRatio": 0.1205825368,
        "researchAndDevelopmentExpenses": 2130000,
        "generalAndAdministrativeExpenses": 0,
        "sellingAndMarketingExpenses": 0,
        "sellingGeneralAndAdministrativeExpenses": 16699000,
        "otherExpenses": 38000,
        "operatingExpenses": 18867000,
        "costAndExpenses": 264877000,
        "interestIncome": 0,
        "interestExpense": 557000,
        "depreciationAndAmortization": 11564000,
        "ebitda": 28311000,
        "ebitdaratio": 0.1012039665,
        "operatingIncome": 14740000,
        "operatingIncomeRatio": 0.0526914085,
        "totalOtherIncomeExpensesNet": -397000,
        "incomeBeforeTax": 14183000,
        "incomeBeforeTaxRatio": 0.0507002881,
        "incomeTaxExpense": 4248000,
        "netIncome": 9935000,
        "netIncomeRatio": 0.0355148673,
        "eps": 0.25,
        "epsdiluted": 0.25,
        "weightedAverageShsOut": 39402000,
        "weightedAverageShsOutDil": 39584000,
        "link": "https://www.sec.gov/Archives/edgar/data/850429/000116923207003157/0001169232-07-003157-index.htm",
        "finalLink": "https://www.sec.gov/Archives/edgar/data/850429/000116923207003157/d72427_10q.htm"
    },
    {
        "date": "2007-03-31",
        "symbol": "TG",
        "reportedCurrency": "USD",
        "cik": "0000850429",
        "fillingDate": "2007-05-07",
        "acceptedDate": "2007-05-07 16:47:37",
        "calendarYear": "2007",
        "period": "Q1",
        "revenue": 281594000,
        "costOfRevenue": 244535000,
        "grossProfit": 37059000,
        "grossProfitRatio": 0.1316043666,
        "researchAndDevelopmentExpenses": 1942000,
        "generalAndAdministrativeExpenses": 0,
        "sellingAndMarketingExpenses": 0,
        "sellingGeneralAndAdministrativeExpenses": 17780000,
        "otherExpenses": 37000,
        "operatingExpenses": 19759000,
        "costAndExpenses": 264294000,
        "interestIncome": 0,
        "interestExpense": 824000,
        "depreciationAndAmortization": 11296000,
        "ebitda": 29780000,
        "ebitdaratio": 0.1057550942,
        "operatingIncome": 16567000,
        "operatingIncomeRatio": 0.0588329297,
        "totalOtherIncomeExpensesNet": -531000,
        "incomeBeforeTax": 16037000,
        "incomeBeforeTaxRatio": 0.0569507873,
        "incomeTaxExpense": 5704000,
        "netIncome": 10333000,
        "netIncomeRatio": 0.0366946739,
        "eps": 0.26,
        "epsdiluted": 0.26,
        "weightedAverageShsOut": 39272000,
        "weightedAverageShsOutDil": 39487000,
        "link": "https://www.sec.gov/Archives/edgar/data/850429/000116923207002163/0001169232-07-002163-index.htm",
        "finalLink": "https://www.sec.gov/Archives/edgar/data/850429/000116923207002163/d71815_10q.htm"
    },
    {
        "date": "2006-12-31",
        "symbol": "TG",
        "reportedCurrency": "USD",
        "cik": "0000850429",
        "fillingDate": "2007-03-02",
        "acceptedDate": "2007-03-02 16:28:35",
        "calendarYear": "2006",
        "period": "Q4",
        "revenue": 269814000,
        "costOfRevenue": 232769000,
        "grossProfit": 37045000,
        "grossProfitRatio": 0.137298287,
        "researchAndDevelopmentExpenses": 1974000,
        "generalAndAdministrativeExpenses": 0,
        "sellingAndMarketingExpenses": 0,
        "sellingGeneralAndAdministrativeExpenses": 17790000,
        "otherExpenses": 37000,
        "operatingExpenses": 19801000,
        "costAndExpenses": 252570000,
        "interestIncome": 0,
        "interestExpense": 1289000,
        "depreciationAndAmortization": 11550000,
        "ebitda": 28794000,
        "ebitdaratio": 0.1067179613,
        "operatingIncome": 16574000,
        "operatingIncomeRatio": 0.0614275019,
        "totalOtherIncomeExpensesNet": -579000,
        "incomeBeforeTax": 15995000,
        "incomeBeforeTaxRatio": 0.0592815792,
        "incomeTaxExpense": 4949000,
        "netIncome": 11046000,
        "netIncomeRatio": 0.0409393137,
        "eps": 0.29,
        "epsdiluted": 0.28,
        "weightedAverageShsOut": 38620435,
        "weightedAverageShsOutDil": 39051806,
        "link": "https://www.sec.gov/Archives/edgar/data/850429/000114036107004885/0001140361-07-004885-index.htm",
        "finalLink": "https://www.sec.gov/Archives/edgar/data/850429/000114036107004885/form10k.htm"
    },
    {
        "date": "2006-09-30",
        "symbol": "TG",
        "reportedCurrency": "USD",
        "cik": "0000850429",
        "fillingDate": "2006-11-08",
        "acceptedDate": "2006-11-08 17:28:16",
        "calendarYear": "2006",
        "period": "Q3",
        "revenue": 296256000,
        "costOfRevenue": 260113000,
        "grossProfit": 36143000,
        "grossProfitRatio": 0.1219992169,
        "researchAndDevelopmentExpenses": 2016000,
        "generalAndAdministrativeExpenses": 0,
        "sellingAndMarketingExpenses": 0,
        "sellingGeneralAndAdministrativeExpenses": 18135000,
        "otherExpenses": 37000,
        "operatingExpenses": 20188000,
        "costAndExpenses": 280301000,
        "interestIncome": 0,
        "interestExpense": 1331000,
        "depreciationAndAmortization": 10899000,
        "ebitda": 27328000,
        "ebitdaratio": 0.0922445453,
        "operatingIncome": 15263000,
        "operatingIncomeRatio": 0.0515196317,
        "totalOtherIncomeExpensesNet": -1331000,
        "incomeBeforeTax": 14406000,
        "incomeBeforeTaxRatio": 0.0486268633,
        "incomeTaxExpense": 4716000,
        "netIncome": 9690000,
        "netIncomeRatio": 0.0327081983,
        "eps": 0.25,
        "epsdiluted": 0.25,
        "weightedAverageShsOut": 38654000,
        "weightedAverageShsOutDil": 39123000,
        "link": "https://www.sec.gov/Archives/edgar/data/850429/000114036106015763/0001140361-06-015763-index.htm",
        "finalLink": "https://www.sec.gov/Archives/edgar/data/850429/000114036106015763/form10-q.htm"
    },
    {
        "date": "2006-06-30",
        "symbol": "TG",
        "reportedCurrency": "USD",
        "cik": "0000850429",
        "fillingDate": "2006-08-04",
        "acceptedDate": "2006-08-04 15:10:53",
        "calendarYear": "2006",
        "period": "Q2",
        "revenue": 282739000,
        "costOfRevenue": 246941000,
        "grossProfit": 35798000,
        "grossProfitRatio": 0.1266114685,
        "researchAndDevelopmentExpenses": 2249000,
        "generalAndAdministrativeExpenses": 0,
        "sellingAndMarketingExpenses": 0,
        "sellingGeneralAndAdministrativeExpenses": 16183000,
        "otherExpenses": 38000,
        "operatingExpenses": 18470000,
        "costAndExpenses": 265411000,
        "interestIncome": 0,
        "interestExpense": 1468000,
        "depreciationAndAmortization": 11082000,
        "ebitda": 28410000,
        "ebitdaratio": 0.1004813627,
        "operatingIncome": 16302000,
        "operatingIncomeRatio": 0.0576574155,
        "totalOtherIncomeExpensesNet": -1468000,
        "incomeBeforeTax": 14834000,
        "incomeBeforeTaxRatio": 0.0524653479,
        "incomeTaxExpense": 5584000,
        "netIncome": 9250000,
        "netIncomeRatio": 0.0327156848,
        "eps": 0.24,
        "epsdiluted": 0.24,
        "weightedAverageShsOut": 38632000,
        "weightedAverageShsOutDil": 38837000,
        "link": "https://www.sec.gov/Archives/edgar/data/850429/000116923206003280/0001169232-06-003280-index.htm",
        "finalLink": "https://www.sec.gov/Archives/edgar/data/850429/000116923206003280/d68851_10-q.htm"
    },
    {
        "date": "2006-03-31",
        "symbol": "TG",
        "reportedCurrency": "USD",
        "cik": "0000850429",
        "fillingDate": "2006-05-05",
        "acceptedDate": "2006-05-05 14:47:22",
        "calendarYear": "2006",
        "period": "Q1",
        "revenue": 267976000,
        "costOfRevenue": 226638000,
        "grossProfit": 41338000,
        "grossProfitRatio": 0.154260083,
        "researchAndDevelopmentExpenses": 1849000,
        "generalAndAdministrativeExpenses": 0,
        "sellingAndMarketingExpenses": 0,
        "sellingGeneralAndAdministrativeExpenses": 22726000,
        "otherExpenses": 37000,
        "operatingExpenses": 24612000,
        "costAndExpenses": 251250000,
        "interestIncome": 0,
        "interestExpense": 1432000,
        "depreciationAndAmortization": 10750000,
        "ebitda": 27476000,
        "ebitdaratio": 0.10253157,
        "operatingIncome": 15034000,
        "operatingIncomeRatio": 0.056102039,
        "totalOtherIncomeExpensesNet": -1432000,
        "incomeBeforeTax": 13602000,
        "incomeBeforeTaxRatio": 0.0507582769,
        "incomeTaxExpense": 5387000,
        "netIncome": 8215000,
        "netIncomeRatio": 0.0306557304,
        "eps": 0.21,
        "epsdiluted": 0.21,
        "weightedAverageShsOut": 38602000,
        "weightedAverageShsOutDil": 38664000,
        "link": "https://www.sec.gov/Archives/edgar/data/850429/000116923206002218/0001169232-06-002218-index.htm",
        "finalLink": "https://www.sec.gov/Archives/edgar/data/850429/000116923206002218/d67956_10-q.htm"
    },
    {
        "date": "2005-12-31",
        "symbol": "TG",
        "reportedCurrency": "USD",
        "cik": "0000850429",
        "fillingDate": "2006-03-02",
        "acceptedDate": "2006-03-02 14:15:03",
        "calendarYear": "2005",
        "period": "Q4",
        "revenue": 236668000,
        "costOfRevenue": 212340000,
        "grossProfit": 24328000,
        "grossProfitRatio": 0.1027937871,
        "researchAndDevelopmentExpenses": 1765000,
        "generalAndAdministrativeExpenses": 0,
        "sellingAndMarketingExpenses": 0,
        "sellingGeneralAndAdministrativeExpenses": 15523000,
        "otherExpenses": 37000,
        "operatingExpenses": 17325000,
        "costAndExpenses": 229665000,
        "interestIncome": 0,
        "interestExpense": 1321000,
        "depreciationAndAmortization": 10324000,
        "ebitda": 17327000,
        "ebitdaratio": 0.0732122636,
        "operatingIncome": -9331000,
        "operatingIncomeRatio": -0.0394265384,
        "totalOtherIncomeExpensesNet": 10652000,
        "incomeBeforeTax": 1321000,
        "incomeBeforeTaxRatio": 0.0055816587,
        "incomeTaxExpense": 431000,
        "netIncome": 890000,
        "netIncomeRatio": 0.0037605422,
        "eps": 0.0231,
        "epsdiluted": 0.0231,
        "weightedAverageShsOut": 38552738,
        "weightedAverageShsOutDil": 38602738,
        "link": "https://www.sec.gov/Archives/edgar/data/850429/000085042906000026/0000850429-06-000026-index.htm",
        "finalLink": "https://www.sec.gov/Archives/edgar/data/850429/000085042906000026/d67223_10-k.htm"
    },
    {
        "date": "2005-09-30",
        "symbol": "TG",
        "reportedCurrency": "USD",
        "cik": "0000850429",
        "fillingDate": "2005-11-09",
        "acceptedDate": "2005-11-09 13:28:52",
        "calendarYear": "2005",
        "period": "Q3",
        "revenue": 240716000,
        "costOfRevenue": 208198000,
        "grossProfit": 32518000,
        "grossProfitRatio": 0.1350886522,
        "researchAndDevelopmentExpenses": 1851000,
        "generalAndAdministrativeExpenses": 0,
        "sellingAndMarketingExpenses": 0,
        "sellingGeneralAndAdministrativeExpenses": 15746000,
        "otherExpenses": 50000,
        "operatingExpenses": 17647000,
        "costAndExpenses": 225845000,
        "interestIncome": 0,
        "interestExpense": 1196000,
        "depreciationAndAmortization": 9800000,
        "ebitda": 24671000,
        "ebitdaratio": 0.1024900713,
        "operatingIncome": 14871000,
        "operatingIncomeRatio": 0.0617781951,
        "totalOtherIncomeExpensesNet": -2749000,
        "incomeBeforeTax": 12122000,
        "incomeBeforeTaxRatio": 0.0503580983,
        "incomeTaxExpense": 4465000,
        "netIncome": 7657000,
        "netIncomeRatio": 0.031809269,
        "eps": 0.2,
        "epsdiluted": 0.2,
        "weightedAverageShsOut": 38465000,
        "weightedAverageShsOutDil": 38565000,
        "link": "https://www.sec.gov/Archives/edgar/data/850429/000085042905000064/0000850429-05-000064-index.htm",
        "finalLink": "https://www.sec.gov/Archives/edgar/data/850429/000085042905000064/thirdqtr10-q.htm"
    },
    {
        "date": "2005-06-30",
        "symbol": "TG",
        "reportedCurrency": "USD",
        "cik": "0000850429",
        "fillingDate": "2005-08-09",
        "acceptedDate": "2005-08-09 15:27:19",
        "calendarYear": "2005",
        "period": "Q2",
        "revenue": 244662000,
        "costOfRevenue": 204077000,
        "grossProfit": 40585000,
        "grossProfitRatio": 0.1658819106,
        "researchAndDevelopmentExpenses": 2566000,
        "generalAndAdministrativeExpenses": 0,
        "sellingAndMarketingExpenses": 0,
        "sellingGeneralAndAdministrativeExpenses": 22792000,
        "otherExpenses": 106000,
        "operatingExpenses": 25464000,
        "costAndExpenses": 229541000,
        "interestIncome": 0,
        "interestExpense": 1093000,
        "depreciationAndAmortization": 9374000,
        "ebitda": 24495000,
        "ebitdaratio": 0.1001177134,
        "operatingIncome": 4630000,
        "operatingIncomeRatio": 0.0189240667,
        "totalOtherIncomeExpensesNet": -1093000,
        "incomeBeforeTax": 3537000,
        "incomeBeforeTaxRatio": 0.014456679,
        "incomeTaxExpense": 1405000,
        "netIncome": 2132000,
        "netIncomeRatio": 0.0087140627,
        "eps": 0.05,
        "epsdiluted": 0.05,
        "weightedAverageShsOut": 38453000,
        "weightedAverageShsOutDil": 38592000,
        "link": "https://www.sec.gov/Archives/edgar/data/850429/000085042905000052/0000850429-05-000052-index.htm",
        "finalLink": "https://www.sec.gov/Archives/edgar/data/850429/000085042905000052/d64807_10-q.htm"
    },
    {
        "date": "2005-03-31",
        "symbol": "TG",
        "reportedCurrency": "USD",
        "cik": "0000850429",
        "fillingDate": "2005-05-10",
        "acceptedDate": "2005-05-10 13:14:09",
        "calendarYear": "2005",
        "period": "Q1",
        "revenue": 235317000,
        "costOfRevenue": 198352000,
        "grossProfit": 36965000,
        "grossProfitRatio": 0.1570859734,
        "researchAndDevelopmentExpenses": 2800000,
        "generalAndAdministrativeExpenses": 0,
        "sellingAndMarketingExpenses": 0,
        "sellingGeneralAndAdministrativeExpenses": 23007000,
        "otherExpenses": 106000,
        "operatingExpenses": 25913000,
        "costAndExpenses": 224265000,
        "interestIncome": 0,
        "interestExpense": 963000,
        "depreciationAndAmortization": 9291000,
        "ebitda": 20343000,
        "ebitdaratio": 0.0864493428,
        "operatingIncome": 10185000,
        "operatingIncomeRatio": 0.0432820408,
        "totalOtherIncomeExpensesNet": -963000,
        "incomeBeforeTax": 9222000,
        "incomeBeforeTaxRatio": 0.0391896888,
        "incomeTaxExpense": 3672000,
        "netIncome": 5550000,
        "netIncomeRatio": 0.0235852063,
        "eps": 0.14,
        "epsdiluted": 0.14,
        "weightedAverageShsOut": 38440000,
        "weightedAverageShsOutDil": 38636000,
        "link": "https://www.sec.gov/Archives/edgar/data/850429/000085042905000035/0000850429-05-000035-index.htm",
        "finalLink": "https://www.sec.gov/Archives/edgar/data/850429/000085042905000035/form10-qfirstquarter.htm"
    },
    {
        "date": "2004-12-31",
        "symbol": "TG",
        "reportedCurrency": "USD",
        "cik": "0000850429",
        "fillingDate": "2005-03-16",
        "acceptedDate": "2005-03-16 11:31:46",
        "calendarYear": "2004",
        "period": "Q4",
        "revenue": 227592000,
        "costOfRevenue": 174752000,
        "grossProfit": 52840000,
        "grossProfitRatio": 0.2321698478,
        "researchAndDevelopmentExpenses": 3360000,
        "generalAndAdministrativeExpenses": 0,
        "sellingAndMarketingExpenses": 0,
        "sellingGeneralAndAdministrativeExpenses": 39058000,
        "otherExpenses": 106000,
        "operatingExpenses": 42524000,
        "costAndExpenses": 217276000,
        "interestIncome": 0,
        "interestExpense": 943000,
        "depreciationAndAmortization": 9279000,
        "ebitda": 19595000,
        "ebitdaratio": 0.0860970509,
        "operatingIncome": -12657000,
        "operatingIncomeRatio": -0.0556126753,
        "totalOtherIncomeExpensesNet": 18720000,
        "incomeBeforeTax": 6063000,
        "incomeBeforeTaxRatio": 0.0266397764,
        "incomeTaxExpense": 2703000,
        "netIncome": 6281000,
        "netIncomeRatio": 0.0275976308,
        "eps": 0.16,
        "epsdiluted": 0.16,
        "weightedAverageShsOut": 38289000,
        "weightedAverageShsOutDil": 38457527,
        "link": "https://www.sec.gov/Archives/edgar/data/850429/000116923205001684/0001169232-05-001684-index.htm",
        "finalLink": "https://www.sec.gov/Archives/edgar/data/850429/000116923205001684/d62922_10-k.htm"
    },
    {
        "date": "2004-09-30",
        "symbol": "TG",
        "reportedCurrency": "USD",
        "cik": "0000850429",
        "fillingDate": "2004-11-04",
        "acceptedDate": "2004-11-04 16:11:11",
        "calendarYear": "2004",
        "period": "Q3",
        "revenue": 230747000,
        "costOfRevenue": 190846000,
        "grossProfit": 39901000,
        "grossProfitRatio": 0.1729209914,
        "researchAndDevelopmentExpenses": 3770000,
        "generalAndAdministrativeExpenses": 0,
        "sellingAndMarketingExpenses": 0,
        "sellingGeneralAndAdministrativeExpenses": 14938000,
        "otherExpenses": 90000,
        "operatingExpenses": 18798000,
        "costAndExpenses": 209644000,
        "interestIncome": 0,
        "interestExpense": 707000,
        "depreciationAndAmortization": 8847000,
        "ebitda": 29950000,
        "ebitdaratio": 0.129795837,
        "operatingIncome": 21103000,
        "operatingIncomeRatio": 0.0914551435,
        "totalOtherIncomeExpensesNet": -3583000,
        "incomeBeforeTax": 17520000,
        "incomeBeforeTaxRatio": 0.0759273143,
        "incomeTaxExpense": 2228000,
        "netIncome": 15292000,
        "netIncomeRatio": 0.0662717175,
        "eps": 0.4,
        "epsdiluted": 0.4,
        "weightedAverageShsOut": 38317000,
        "weightedAverageShsOutDil": 38519000,
        "link": "https://www.sec.gov/Archives/edgar/data/850429/000085042904000080/0000850429-04-000080-index.htm",
        "finalLink": "https://www.sec.gov/Archives/edgar/data/850429/000085042904000080/d61094_10-q.htm"
    },
    {
        "date": "2004-06-30",
        "symbol": "TG",
        "reportedCurrency": "USD",
        "cik": "0000850429",
        "fillingDate": "2004-08-04",
        "acceptedDate": "2004-08-04 15:52:30",
        "calendarYear": "2004",
        "period": "Q2",
        "revenue": 216405000,
        "costOfRevenue": 177483000,
        "grossProfit": 38922000,
        "grossProfitRatio": 0.1798572122,
        "researchAndDevelopmentExpenses": 3818000,
        "generalAndAdministrativeExpenses": 0,
        "sellingAndMarketingExpenses": 0,
        "sellingGeneralAndAdministrativeExpenses": 20273000,
        "otherExpenses": 67000,
        "operatingExpenses": 24158000,
        "costAndExpenses": 201641000,
        "interestIncome": 0,
        "interestExpense": 598000,
        "depreciationAndAmortization": 8027000,
        "ebitda": 22791000,
        "ebitdaratio": 0.1053164206,
        "operatingIncome": 8760000,
        "operatingIncomeRatio": 0.0404796562,
        "totalOtherIncomeExpensesNet": -598000,
        "incomeBeforeTax": 8162000,
        "incomeBeforeTaxRatio": 0.0377163189,
        "incomeTaxExpense": 2983000,
        "netIncome": 5179000,
        "netIncomeRatio": 0.0239319794,
        "eps": 0.14,
        "epsdiluted": 0.14,
        "weightedAverageShsOut": 38235000,
        "weightedAverageShsOutDil": 38427000,
        "link": "https://www.sec.gov/Archives/edgar/data/850429/000085042904000056/0000850429-04-000056-index.htm",
        "finalLink": "https://www.sec.gov/Archives/edgar/data/850429/000085042904000056/d60257_10-q.htm"
    },
    {
        "date": "2004-03-31",
        "symbol": "TG",
        "reportedCurrency": "USD",
        "cik": "0000850429",
        "fillingDate": "2004-05-07",
        "acceptedDate": "2004-05-07 14:54:18",
        "calendarYear": "2004",
        "period": "Q1",
        "revenue": 195919000,
        "costOfRevenue": 168571000,
        "grossProfit": 27348000,
        "grossProfitRatio": 0.1395882992,
        "researchAndDevelopmentExpenses": 4317000,
        "generalAndAdministrativeExpenses": 0,
        "sellingAndMarketingExpenses": 0,
        "sellingGeneralAndAdministrativeExpenses": 13627000,
        "otherExpenses": 67000,
        "operatingExpenses": 18011000,
        "costAndExpenses": 186582000,
        "interestIncome": 0,
        "interestExpense": 923000,
        "depreciationAndAmortization": 8269000,
        "ebitda": 17606000,
        "ebitdaratio": 0.0898636681,
        "operatingIncome": -1446000,
        "operatingIncomeRatio": -0.0073806012,
        "totalOtherIncomeExpensesNet": 5183000,
        "incomeBeforeTax": 3737000,
        "incomeBeforeTaxRatio": 0.0190742092,
        "incomeTaxExpense": 1308000,
        "netIncome": 2429000,
        "netIncomeRatio": 0.0123979808,
        "eps": 0.06,
        "epsdiluted": 0.06,
        "weightedAverageShsOut": 38229000,
        "weightedAverageShsOutDil": 38435000,
        "link": "https://www.sec.gov/Archives/edgar/data/850429/000116923204002680/0001169232-04-002680-index.htm",
        "finalLink": "https://www.sec.gov/Archives/edgar/data/850429/000116923204002680/d59508_10q.htm"
    },
    {
        "date": "2003-12-31",
        "symbol": "TG",
        "reportedCurrency": "USD",
        "cik": "0000850429",
        "fillingDate": "2004-02-19",
        "acceptedDate": "2004-02-19 14:32:02",
        "calendarYear": "2003",
        "period": "Q4",
        "revenue": 186230000,
        "costOfRevenue": 135858000,
        "grossProfit": 50372000,
        "grossProfitRatio": 0.2704827364,
        "researchAndDevelopmentExpenses": 4092000,
        "generalAndAdministrativeExpenses": 0,
        "sellingAndMarketingExpenses": 0,
        "sellingGeneralAndAdministrativeExpenses": 33051000,
        "otherExpenses": 67000,
        "operatingExpenses": 37210000,
        "costAndExpenses": 173068000,
        "interestIncome": 0,
        "interestExpense": 1786000,
        "depreciationAndAmortization": 8603000,
        "ebitda": 21765000,
        "ebitdaratio": 0.1168716104,
        "operatingIncome": 1736000,
        "operatingIncomeRatio": 0.0093218064,
        "totalOtherIncomeExpensesNet": 8154000,
        "incomeBeforeTax": 9890000,
        "incomeBeforeTaxRatio": 0.0531063738,
        "incomeTaxExpense": 3522000,
        "netIncome": 9315000,
        "netIncomeRatio": 0.050018794,
        "eps": 0.24,
        "epsdiluted": 0.24,
        "weightedAverageShsOut": 38123928,
        "weightedAverageShsOutDil": 38286428,
        "link": "https://www.sec.gov/Archives/edgar/data/850429/000085042904000020/0000850429-04-000020-index.htm",
        "finalLink": "https://www.sec.gov/Archives/edgar/data/850429/000085042904000020/d58455_10k.htm"
    },
    {
        "date": "2003-09-30",
        "symbol": "TG",
        "reportedCurrency": "USD",
        "cik": "0000850429",
        "fillingDate": "2003-11-13",
        "acceptedDate": "2003-11-13 10:06:45",
        "calendarYear": "2003",
        "period": "Q3",
        "revenue": 195504000,
        "costOfRevenue": 162327000,
        "grossProfit": 33177000,
        "grossProfitRatio": 0.1696998527,
        "researchAndDevelopmentExpenses": 4303000,
        "generalAndAdministrativeExpenses": 0,
        "sellingAndMarketingExpenses": 0,
        "sellingGeneralAndAdministrativeExpenses": 13646000,
        "otherExpenses": 67000,
        "operatingExpenses": 18016000,
        "costAndExpenses": 180343000,
        "interestIncome": 0,
        "interestExpense": 1213000,
        "depreciationAndAmortization": 8216000,
        "ebitda": 23377000,
        "ebitdaratio": 0.1195730011,
        "operatingIncome": 15161000,
        "operatingIncomeRatio": 0.0775482855,
        "totalOtherIncomeExpensesNet": -5186000,
        "incomeBeforeTax": 9975000,
        "incomeBeforeTaxRatio": 0.051021974,
        "incomeTaxExpense": 3556000,
        "netIncome": 6419000,
        "netIncomeRatio": 0.0328330878,
        "eps": 0.17,
        "epsdiluted": 0.17,
        "weightedAverageShsOut": 38058000,
        "weightedAverageShsOutDil": 38383000,
        "link": "https://www.sec.gov/Archives/edgar/data/850429/000085042903000075/0000850429-03-000075-index.htm",
        "finalLink": "https://www.sec.gov/Archives/edgar/data/850429/000085042903000075/form10q.htm"
    },
    {
        "date": "2003-06-30",
        "symbol": "TG",
        "reportedCurrency": "USD",
        "cik": "0000850429",
        "fillingDate": "2003-08-14",
        "acceptedDate": "2003-08-13 17:40:55",
        "calendarYear": "2003",
        "period": "Q2",
        "revenue": 181574000,
        "costOfRevenue": 149836000,
        "grossProfit": 31738000,
        "grossProfitRatio": 0.174793748,
        "researchAndDevelopmentExpenses": 5076000,
        "generalAndAdministrativeExpenses": 0,
        "sellingAndMarketingExpenses": 0,
        "sellingGeneralAndAdministrativeExpenses": 16845000,
        "otherExpenses": 67000,
        "operatingExpenses": 21988000,
        "costAndExpenses": 171824000,
        "interestIncome": 0,
        "interestExpense": 1683000,
        "depreciationAndAmortization": 7912000,
        "ebitda": 17662000,
        "ebitdaratio": 0.0972716358,
        "operatingIncome": 3868000,
        "operatingIncomeRatio": 0.0213026094,
        "totalOtherIncomeExpensesNet": -1255000,
        "incomeBeforeTax": 2613000,
        "incomeBeforeTaxRatio": 0.0143908269,
        "incomeTaxExpense": 932000,
        "netIncome": 2572000,
        "netIncomeRatio": 0.0141650236,
        "eps": 0.06,
        "epsdiluted": 0.06,
        "weightedAverageShsOut": 38047000,
        "weightedAverageShsOutDil": 38418000,
        "link": "https://www.sec.gov/Archives/edgar/data/850429/000085042903000054/0000850429-03-000054-index.htm",
        "finalLink": "https://www.sec.gov/Archives/edgar/data/850429/000085042903000054/form10-q.htm"
    },
    {
        "date": "2003-03-31",
        "symbol": "TG",
        "reportedCurrency": "USD",
        "cik": "0000850429",
        "fillingDate": "2003-05-13",
        "acceptedDate": "2003-05-13 16:04:52",
        "calendarYear": "2003",
        "period": "Q1",
        "revenue": 178580000,
        "costOfRevenue": 149501000,
        "grossProfit": 29079000,
        "grossProfitRatio": 0.1628345839,
        "researchAndDevelopmentExpenses": 5303000,
        "generalAndAdministrativeExpenses": 0,
        "sellingAndMarketingExpenses": 0,
        "sellingGeneralAndAdministrativeExpenses": 12888000,
        "otherExpenses": 67000,
        "operatingExpenses": 18258000,
        "costAndExpenses": 167759000,
        "interestIncome": 0,
        "interestExpense": 0,
        "depreciationAndAmortization": 7891000,
        "ebitda": 17989000,
        "ebitdaratio": 0.1007335648,
        "operatingIncome": 9669000,
        "operatingIncomeRatio": 0.0541438011,
        "totalOtherIncomeExpensesNet": -1380000,
        "incomeBeforeTax": 7566000,
        "incomeBeforeTaxRatio": 0.0423675664,
        "incomeTaxExpense": 2707000,
        "netIncome": -44657000,
        "netIncomeRatio": -0.2500671968,
        "eps": -1.17,
        "epsdiluted": -1.16,
        "weightedAverageShsOut": 38179000,
        "weightedAverageShsOutDil": 38578000,
        "link": "https://www.sec.gov/Archives/edgar/data/850429/000085042903000023/0000850429-03-000023-index.htm",
        "finalLink": "https://www.sec.gov/Archives/edgar/data/850429/000085042903000023/form10-q.htm"
    },
    {
        "date": "2002-12-31",
        "symbol": "TG",
        "reportedCurrency": "USD",
        "cik": "0000850429",
        "fillingDate": "2003-02-19",
        "acceptedDate": "2003-02-19 09:47:20",
        "calendarYear": "2002",
        "period": "Q4",
        "revenue": 176887000,
        "costOfRevenue": 138962000,
        "grossProfit": 37925000,
        "grossProfitRatio": 0.2144024151,
        "researchAndDevelopmentExpenses": 4638000,
        "generalAndAdministrativeExpenses": 0,
        "sellingAndMarketingExpenses": 0,
        "sellingGeneralAndAdministrativeExpenses": 16744000,
        "otherExpenses": 11000,
        "operatingExpenses": 21393000,
        "costAndExpenses": 160355000,
        "interestIncome": 0,
        "interestExpense": 2453000,
        "depreciationAndAmortization": 7908000,
        "ebitda": 31816000,
        "ebitdaratio": 0.1798662423,
        "operatingIncome": 20237000,
        "operatingIncomeRatio": 0.1144063724,
        "totalOtherIncomeExpensesNet": -17239000,
        "incomeBeforeTax": 2998000,
        "incomeBeforeTaxRatio": 0.0169486734,
        "incomeTaxExpense": 1016000,
        "netIncome": 1982000,
        "netIncomeRatio": 0.0112048935,
        "eps": 0.0532,
        "epsdiluted": 0.0532,
        "weightedAverageShsOut": 37245572,
        "weightedAverageShsOutDil": 37245572,
        "link": "https://www.sec.gov/Archives/edgar/data/850429/000085042903000008/0000850429-03-000008-index.htm",
        "finalLink": "https://www.sec.gov/Archives/edgar/data/850429/000085042903000008/form10k2002.htm"
    },
    {
        "date": "2002-09-30",
        "symbol": "TG",
        "reportedCurrency": "USD",
        "cik": "0000850429",
        "fillingDate": "2002-11-08",
        "acceptedDate": "2002-11-08 16:50:03",
        "calendarYear": "2002",
        "period": "Q3",
        "revenue": 190306000,
        "costOfRevenue": 152328000,
        "grossProfit": 37978000,
        "grossProfitRatio": 0.1995628094,
        "researchAndDevelopmentExpenses": 5034000,
        "generalAndAdministrativeExpenses": 13298000,
        "sellingAndMarketingExpenses": 0,
        "sellingGeneralAndAdministrativeExpenses": 13298000,
        "otherExpenses": 11000,
        "operatingExpenses": 18343000,
        "costAndExpenses": 170671000,
        "interestIncome": 0,
        "interestExpense": 2401000,
        "depreciationAndAmortization": 7489000,
        "ebitda": 28601000,
        "ebitdaratio": 0.1502895337,
        "operatingIncome": 19457000,
        "operatingIncomeRatio": 0.102240602,
        "totalOtherIncomeExpensesNet": -22462000,
        "incomeBeforeTax": -1350000,
        "incomeBeforeTaxRatio": -0.0070938383,
        "incomeTaxExpense": -564000,
        "netIncome": -1761000,
        "netIncomeRatio": -0.009253518,
        "eps": -0.0459,
        "epsdiluted": -0.0459,
        "weightedAverageShsOut": 38334000,
        "weightedAverageShsOutDil": 38334000,
        "link": "https://www.sec.gov/Archives/edgar/data/850429/000085042902000014/0000850429-02-000014-index.htm",
        "finalLink": "https://www.sec.gov/Archives/edgar/data/850429/000085042902000014/form10-q.htm"
    },
    {
        "date": "2002-06-30",
        "symbol": "TG",
        "reportedCurrency": "USD",
        "cik": "0000850429",
        "fillingDate": "2002-08-09",
        "acceptedDate": "2002-08-09 16:30:20",
        "calendarYear": "2002",
        "period": "Q2",
        "revenue": 196503000,
        "costOfRevenue": 153968000,
        "grossProfit": 42535000,
        "grossProfitRatio": 0.2164597996,
        "researchAndDevelopmentExpenses": 5058000,
        "generalAndAdministrativeExpenses": 14471000,
        "sellingAndMarketingExpenses": 0,
        "sellingGeneralAndAdministrativeExpenses": 14471000,
        "otherExpenses": 11000,
        "operatingExpenses": 19540000,
        "costAndExpenses": 173508000,
        "interestIncome": 0,
        "interestExpense": 2310000,
        "depreciationAndAmortization": 8031000,
        "ebitda": 32393000,
        "ebitdaratio": 0.164847356,
        "operatingIncome": 22727000,
        "operatingIncomeRatio": 0.1156572673,
        "totalOtherIncomeExpensesNet": -20943000,
        "incomeBeforeTax": 3151000,
        "incomeBeforeTaxRatio": 0.0160353786,
        "incomeTaxExpense": 1040000,
        "netIncome": -3335000,
        "netIncomeRatio": -0.0169717511,
        "eps": -0.0871,
        "epsdiluted": -0.0853,
        "weightedAverageShsOut": 38270000,
        "weightedAverageShsOutDil": 39111000,
        "link": "https://www.sec.gov/Archives/edgar/data/850429/000085042902000012/0000850429-02-000012-index.htm",
        "finalLink": "https://www.sec.gov/Archives/edgar/data/850429/000085042902000012/form10q.htm"
    },
    {
        "date": "2002-03-31",
        "symbol": "TG",
        "reportedCurrency": "USD",
        "cik": "0000850429",
        "fillingDate": "2002-05-14",
        "acceptedDate": "2002-05-14 17:07:33",
        "calendarYear": "2002",
        "period": "Q1",
        "revenue": 174219000,
        "costOfRevenue": 137400000,
        "grossProfit": 36819000,
        "grossProfitRatio": 0.2113374546,
        "researchAndDevelopmentExpenses": 9578000,
        "generalAndAdministrativeExpenses": 13330000,
        "sellingAndMarketingExpenses": 0,
        "sellingGeneralAndAdministrativeExpenses": 13330000,
        "otherExpenses": 67000,
        "operatingExpenses": 22975000,
        "costAndExpenses": 160375000,
        "interestIncome": 0,
        "interestExpense": 2188000,
        "depreciationAndAmortization": 8506000,
        "ebitda": 27305000,
        "ebitdaratio": 0.1567280262,
        "operatingIncome": 12848000,
        "operatingIncomeRatio": 0.0737462619,
        "totalOtherIncomeExpensesNet": -2188000,
        "incomeBeforeTax": 864000,
        "incomeBeforeTaxRatio": 0.0049592754,
        "incomeTaxExpense": 281000,
        "netIncome": 583000,
        "netIncomeRatio": 0.0033463629,
        "eps": 0.02,
        "epsdiluted": 0.02,
        "weightedAverageShsOut": 38167000,
        "weightedAverageShsOutDil": 38855000,
        "link": "https://www.sec.gov/Archives/edgar/data/850429/000085042902000010/0000850429-02-000010-index.htm",
        "finalLink": "https://www.sec.gov/Archives/edgar/data/850429/000085042902000010/form10q.htm"
    },
    {
        "date": "2001-12-31",
        "symbol": "TG",
        "reportedCurrency": "USD",
        "cik": "0000850429",
        "fillingDate": "2002-02-15",
        "acceptedDate": "2002-02-15 00:00:00",
        "calendarYear": "2001",
        "period": "Q4",
        "revenue": 179910000,
        "costOfRevenue": 142469000,
        "grossProfit": 37441000,
        "grossProfitRatio": 0.2081096104,
        "researchAndDevelopmentExpenses": 8616000,
        "generalAndAdministrativeExpenses": 16237000,
        "sellingAndMarketingExpenses": 0,
        "sellingGeneralAndAdministrativeExpenses": 16237000,
        "otherExpenses": 1232000,
        "operatingExpenses": 26085000,
        "costAndExpenses": 168554000,
        "interestIncome": 0,
        "interestExpense": 2444000,
        "depreciationAndAmortization": 10078000,
        "ebitda": 21434000,
        "ebitdaratio": 0.1191373465,
        "operatingIncome": 5869000,
        "operatingIncomeRatio": 0.0326218665,
        "totalOtherIncomeExpensesNet": -13005000,
        "incomeBeforeTax": -7136000,
        "incomeBeforeTaxRatio": -0.0396642766,
        "incomeTaxExpense": -2592000,
        "netIncome": -4544000,
        "netIncomeRatio": -0.025257073,
        "eps": -0.12,
        "epsdiluted": -0.12,
        "weightedAverageShsOut": 38111000,
        "weightedAverageShsOutDil": 38931500,
        "link": "https://www.sec.gov/Archives/edgar/data/850429/000085042902000005/0000850429-02-000005-index.htm",
        "finalLink": "https://www.sec.gov/Archives/edgar/data/850429/000085042902000005/form10k2.htm"
    },
    {
        "date": "2001-09-30",
        "symbol": "TG",
        "reportedCurrency": "USD",
        "cik": "0000850429",
        "fillingDate": "2001-11-14",
        "acceptedDate": "2001-11-14 00:00:00",
        "calendarYear": "2001",
        "period": "Q3",
        "revenue": 198412000,
        "costOfRevenue": 160473000,
        "grossProfit": 37939000,
        "grossProfitRatio": 0.1912132331,
        "researchAndDevelopmentExpenses": 9014000,
        "generalAndAdministrativeExpenses": 12539000,
        "sellingAndMarketingExpenses": 0,
        "sellingGeneralAndAdministrativeExpenses": 12539000,
        "otherExpenses": 1226000,
        "operatingExpenses": 22779000,
        "costAndExpenses": 183252000,
        "interestIncome": 0,
        "interestExpense": 2954000,
        "depreciationAndAmortization": 9276000,
        "ebitda": 27557000,
        "ebitdaratio": 0.1388877689,
        "operatingIncome": 5312000,
        "operatingIncomeRatio": 0.0267725742,
        "totalOtherIncomeExpensesNet": -10226000,
        "incomeBeforeTax": -1793000,
        "incomeBeforeTaxRatio": -0.0090367518,
        "incomeTaxExpense": -679000,
        "netIncome": -1114000,
        "netIncomeRatio": -0.0056145798,
        "eps": -0.0293,
        "epsdiluted": -0.0287,
        "weightedAverageShsOut": 38059000,
        "weightedAverageShsOutDil": 38838000,
        "link": "https://www.sec.gov/Archives/edgar/data/850429/000085042901500009/0000850429-01-500009-index.htm",
        "finalLink": "https://www.sec.gov/Archives/edgar/data/850429/000085042901500009/final.txt"
    },
    {
        "date": "2001-06-30",
        "symbol": "TG",
        "reportedCurrency": "USD",
        "cik": "0000850429",
        "fillingDate": "2001-08-14",
        "acceptedDate": "2001-08-14 00:00:00",
        "calendarYear": "2001",
        "period": "Q2",
        "revenue": 197444000,
        "costOfRevenue": 160982000,
        "grossProfit": 36462000,
        "grossProfitRatio": 0.1846700837,
        "researchAndDevelopmentExpenses": 8003000,
        "generalAndAdministrativeExpenses": 11389000,
        "sellingAndMarketingExpenses": 0,
        "sellingGeneralAndAdministrativeExpenses": 11389000,
        "otherExpenses": 1242000,
        "operatingExpenses": 20634000,
        "costAndExpenses": 181616000,
        "interestIncome": 0,
        "interestExpense": 3232000,
        "depreciationAndAmortization": 9492000,
        "ebitda": 26704000,
        "ebitdaratio": 0.1352484755,
        "operatingIncome": 16799000,
        "operatingIncomeRatio": 0.0850823525,
        "totalOtherIncomeExpensesNet": -995000,
        "incomeBeforeTax": 15804000,
        "incomeBeforeTaxRatio": 0.0800429489,
        "incomeTaxExpense": 3691000,
        "netIncome": 13509000,
        "netIncomeRatio": 0.0684193999,
        "eps": 0.36,
        "epsdiluted": 0.35,
        "weightedAverageShsOut": 38055000,
        "weightedAverageShsOutDil": 38838000,
        "link": "https://www.sec.gov/Archives/edgar/data/850429/000085042901500007/0000850429-01-500007-index.htm",
        "finalLink": "https://www.sec.gov/Archives/edgar/data/850429/000085042901500007/form10-q.txt"
    },
    {
        "date": "2001-03-31",
        "symbol": "TG",
        "reportedCurrency": "USD",
        "cik": "0000850429",
        "fillingDate": "2001-05-10",
        "acceptedDate": "2001-05-10 00:00:00",
        "calendarYear": "2001",
        "period": "Q1",
        "revenue": 191802000,
        "costOfRevenue": 149006000,
        "grossProfit": 42796000,
        "grossProfitRatio": 0.223125932,
        "researchAndDevelopmentExpenses": 7254000,
        "generalAndAdministrativeExpenses": 11942000,
        "sellingAndMarketingExpenses": 0,
        "sellingGeneralAndAdministrativeExpenses": 11942000,
        "otherExpenses": 9063000,
        "operatingExpenses": 28259000,
        "costAndExpenses": 177265000,
        "interestIncome": 0,
        "interestExpense": 4041000,
        "depreciationAndAmortization": 9063000,
        "ebitda": 23600000,
        "ebitdaratio": 0.1230435553,
        "operatingIncome": 12937000,
        "operatingIncomeRatio": 0.0674497659,
        "totalOtherIncomeExpensesNet": -9966000,
        "incomeBeforeTax": 2971000,
        "incomeBeforeTaxRatio": 0.0154899323,
        "incomeTaxExpense": 1070000,
        "netIncome": 1901000,
        "netIncomeRatio": 0.0099112627,
        "eps": 0.05,
        "epsdiluted": 0.05,
        "weightedAverageShsOut": 38069000,
        "weightedAverageShsOutDil": 38809000,
        "link": "https://www.sec.gov/Archives/edgar/data/850429/000085042901500003/0000850429-01-500003-index.htm",
        "finalLink": "https://www.sec.gov/Archives/edgar/data/850429/000085042901500003/final.txt"
    },
    {
        "date": "2000-12-31",
        "symbol": "TG",
        "reportedCurrency": "USD",
        "cik": "0000850429",
        "fillingDate": "2001-03-01",
        "acceptedDate": "2001-03-01 00:00:00",
        "calendarYear": "2000",
        "period": "Q4",
        "revenue": 197896000,
        "costOfRevenue": 156420000,
        "grossProfit": 41476000,
        "grossProfitRatio": 0.2095848324,
        "researchAndDevelopmentExpenses": 8706000,
        "generalAndAdministrativeExpenses": 11776000,
        "sellingAndMarketingExpenses": 0,
        "sellingGeneralAndAdministrativeExpenses": 11776000,
        "otherExpenses": 9422000,
        "operatingExpenses": 29904000,
        "costAndExpenses": 186324000,
        "interestIncome": 0,
        "interestExpense": 4262000,
        "depreciationAndAmortization": 9422000,
        "ebitda": 20994000,
        "ebitdaratio": 0.106086025,
        "operatingIncome": 10181000,
        "operatingIncomeRatio": 0.0514462142,
        "totalOtherIncomeExpensesNet": 20375000,
        "incomeBeforeTax": 30556000,
        "incomeBeforeTaxRatio": 0.1544043336,
        "incomeTaxExpense": 11049000,
        "netIncome": 19507000,
        "netIncomeRatio": 0.0985719772,
        "eps": 0.51,
        "epsdiluted": 0.5,
        "weightedAverageShsOut": 37901500,
        "weightedAverageShsOutDil": 38894829,
        "link": "https://www.sec.gov/Archives/edgar/data/850429/000085042901000004/0000850429-01-000004-index.htm",
        "finalLink": "https://www.sec.gov/Archives/edgar/data/850429/000085042901000004/0000850429-01-000004-0001.txt"
    },
    {
        "date": "2000-09-30",
        "symbol": "TG",
        "reportedCurrency": "USD",
        "cik": "0000850429",
        "fillingDate": "2000-11-14",
        "acceptedDate": "2000-11-14 00:00:00",
        "calendarYear": "2000",
        "period": "Q3",
        "revenue": 215627000,
        "costOfRevenue": 169625000,
        "grossProfit": 46002000,
        "grossProfitRatio": 0.2133406299,
        "researchAndDevelopmentExpenses": 6910000,
        "generalAndAdministrativeExpenses": 15236000,
        "sellingAndMarketingExpenses": 0,
        "sellingGeneralAndAdministrativeExpenses": 15236000,
        "otherExpenses": 8821000,
        "operatingExpenses": 30967000,
        "costAndExpenses": 200592000,
        "interestIncome": 0,
        "interestExpense": 4455000,
        "depreciationAndAmortization": 8821000,
        "ebitda": -22045000,
        "ebitdaratio": -0.1022367329,
        "operatingIncome": -1835000,
        "operatingIncomeRatio": -0.008510066,
        "totalOtherIncomeExpensesNet": 75186000,
        "incomeBeforeTax": 73351000,
        "incomeBeforeTaxRatio": 0.3401753955,
        "incomeTaxExpense": 26313000,
        "netIncome": 47038000,
        "netIncomeRatio": 0.218145223,
        "eps": 1.24,
        "epsdiluted": 1.21,
        "weightedAverageShsOut": 37944000,
        "weightedAverageShsOutDil": 38847000,
        "link": "https://www.sec.gov/Archives/edgar/data/850429/000085042900000012/0000850429-00-000012-index.htm",
        "finalLink": "https://www.sec.gov/Archives/edgar/data/850429/000085042900000012/0000850429-00-000012-0001.txt"
    },
    {
        "date": "2000-06-30",
        "symbol": "TG",
        "reportedCurrency": "USD",
        "cik": "0000850429",
        "fillingDate": "2000-08-02",
        "acceptedDate": "2000-08-02 00:00:00",
        "calendarYear": "2000",
        "period": "Q2",
        "revenue": 223503000,
        "costOfRevenue": 170481000,
        "grossProfit": 53022000,
        "grossProfitRatio": 0.237231715,
        "researchAndDevelopmentExpenses": 5687000,
        "generalAndAdministrativeExpenses": 13323000,
        "sellingAndMarketingExpenses": 0,
        "sellingGeneralAndAdministrativeExpenses": 13323000,
        "otherExpenses": 9403000,
        "operatingExpenses": 28413000,
        "costAndExpenses": 198894000,
        "interestIncome": 0,
        "interestExpense": 0,
        "depreciationAndAmortization": 9403000,
        "ebitda": 34012000,
        "ebitdaratio": 0.1521769283,
        "operatingIncome": 25134000,
        "operatingIncomeRatio": 0.1124548664,
        "totalOtherIncomeExpensesNet": 16387000,
        "incomeBeforeTax": 41521000,
        "incomeBeforeTaxRatio": 0.1857737927,
        "incomeTaxExpense": 15153000,
        "netIncome": 26368000,
        "netIncomeRatio": 0.1179760451,
        "eps": 0.7,
        "epsdiluted": 0.68,
        "weightedAverageShsOut": 37911000,
        "weightedAverageShsOutDil": 39067000,
        "link": "https://www.sec.gov/Archives/edgar/data/850429/000085042900000008/0000850429-00-000008-index.htm",
        "finalLink": "https://www.sec.gov/Archives/edgar/data/850429/000085042900000008/0000850429-00-000008-0001.txt"
    },
    {
        "date": "2000-03-31",
        "symbol": "TG",
        "reportedCurrency": "USD",
        "cik": "0000850429",
        "fillingDate": "2000-05-15",
        "acceptedDate": "2000-05-15 00:00:00",
        "calendarYear": "2000",
        "period": "Q1",
        "revenue": 232228000,
        "costOfRevenue": 178332000,
        "grossProfit": 53896000,
        "grossProfitRatio": 0.232082264,
        "researchAndDevelopmentExpenses": 6290000,
        "generalAndAdministrativeExpenses": 12602000,
        "sellingAndMarketingExpenses": 0,
        "sellingGeneralAndAdministrativeExpenses": 12602000,
        "otherExpenses": 9338000,
        "operatingExpenses": 28230000,
        "costAndExpenses": 206562000,
        "interestIncome": 0,
        "interestExpense": 4295000,
        "depreciationAndAmortization": 9338000,
        "ebitda": 35004000,
        "ebitdaratio": 0.150731178,
        "operatingIncome": 20182000,
        "operatingIncomeRatio": 0.0869059717,
        "totalOtherIncomeExpensesNet": 8937000,
        "incomeBeforeTax": 29119000,
        "incomeBeforeTaxRatio": 0.1253897032,
        "incomeTaxExpense": 10656000,
        "netIncome": 18463000,
        "netIncomeRatio": 0.0795037635,
        "eps": 0.49,
        "epsdiluted": 0.47,
        "weightedAverageShsOut": 37718000,
        "weightedAverageShsOutDil": 38970000,
        "link": "https://www.sec.gov/Archives/edgar/data/850429/000085042900000006/0000850429-00-000006-index.html",
        "finalLink": "https://www.sec.gov/Archives/edgar/data/850429/000085042900000006/"
    },
    {
        "date": "1999-12-31",
        "symbol": "TG",
        "reportedCurrency": "USD",
        "cik": "0000850429",
        "fillingDate": "2000-03-21",
        "acceptedDate": "2000-03-21 00:00:00",
        "calendarYear": "1999",
        "period": "Q4",
        "revenue": 230100000,
        "costOfRevenue": 174500000,
        "grossProfit": 55600000,
        "grossProfitRatio": 0.2416340721,
        "researchAndDevelopmentExpenses": 6500000,
        "generalAndAdministrativeExpenses": 12900000,
        "sellingAndMarketingExpenses": 0,
        "sellingGeneralAndAdministrativeExpenses": 12900000,
        "otherExpenses": 9500000,
        "operatingExpenses": 28900000,
        "costAndExpenses": 203400000,
        "interestIncome": 0,
        "interestExpense": 0,
        "depreciationAndAmortization": 9500000,
        "ebitda": 36200000,
        "ebitdaratio": 0.1573229031,
        "operatingIncome": 26500000,
        "operatingIncomeRatio": 0.1151673186,
        "totalOtherIncomeExpensesNet": -3500000,
        "incomeBeforeTax": 23000000,
        "incomeBeforeTaxRatio": 0.0999565406,
        "incomeTaxExpense": 8200000,
        "netIncome": 14800000,
        "netIncomeRatio": 0.0643198609,
        "eps": 0.4,
        "epsdiluted": 0.38,
        "weightedAverageShsOut": 37388412,
        "weightedAverageShsOutDil": 38823236,
        "link": "https://www.sec.gov/Archives/edgar/data/850429/000085042900000005/0000850429-00-000005-index.html",
        "finalLink": "https://www.sec.gov/Archives/edgar/data/850429/000085042900000005/"
    },
    {
        "date": "1999-09-30",
        "symbol": "TG",
        "reportedCurrency": "USD",
        "cik": "0000850429",
        "fillingDate": "1999-11-15",
        "acceptedDate": "1999-11-15 00:00:00",
        "calendarYear": "1999",
        "period": "Q3",
        "revenue": 215900000,
        "costOfRevenue": 163900000,
        "grossProfit": 52000000,
        "grossProfitRatio": 0.2408522464,
        "researchAndDevelopmentExpenses": 6000000,
        "generalAndAdministrativeExpenses": 12000000,
        "sellingAndMarketingExpenses": 0,
        "sellingGeneralAndAdministrativeExpenses": 12000000,
        "otherExpenses": 8800000,
        "operatingExpenses": 26800000,
        "costAndExpenses": 190700000,
        "interestIncome": 0,
        "interestExpense": 3000000,
        "depreciationAndAmortization": 8800000,
        "ebitda": 34011000,
        "ebitdaratio": 0.1575312645,
        "operatingIncome": 25900000,
        "operatingIncomeRatio": 0.1199629458,
        "totalOtherIncomeExpensesNet": -6911000,
        "incomeBeforeTax": 19000000,
        "incomeBeforeTaxRatio": 0.0880037054,
        "incomeTaxExpense": 6700000,
        "netIncome": 12300000,
        "netIncomeRatio": 0.0569708198,
        "eps": 0.32,
        "epsdiluted": 0.32,
        "weightedAverageShsOut": 38437500,
        "weightedAverageShsOutDil": 38437500,
        "link": "https://www.sec.gov/Archives/edgar/data/850429/000085042999000013/0000850429-99-000013-index.html",
        "finalLink": "https://www.sec.gov/Archives/edgar/data/850429/000085042999000013/"
    },
    {
        "date": "1999-06-30",
        "symbol": "TG",
        "reportedCurrency": "USD",
        "cik": "0000850429",
        "fillingDate": "1999-08-13",
        "acceptedDate": "1999-08-13 00:00:00",
        "calendarYear": "1999",
        "period": "Q2",
        "revenue": 194800000,
        "costOfRevenue": 147200000,
        "grossProfit": 47600000,
        "grossProfitRatio": 0.2443531828,
        "researchAndDevelopmentExpenses": 5800000,
        "generalAndAdministrativeExpenses": 11100000,
        "sellingAndMarketingExpenses": 0,
        "sellingGeneralAndAdministrativeExpenses": 11100000,
        "otherExpenses": 7600000,
        "operatingExpenses": 24500000,
        "costAndExpenses": 171700000,
        "interestIncome": 0,
        "interestExpense": 0,
        "depreciationAndAmortization": 7600000,
        "ebitda": 30740000,
        "ebitdaratio": 0.1578028747,
        "operatingIncome": 18500000,
        "operatingIncomeRatio": 0.0949691992,
        "totalOtherIncomeExpensesNet": -2740000,
        "incomeBeforeTax": 15800000,
        "incomeBeforeTaxRatio": 0.0811088296,
        "incomeTaxExpense": 5600000,
        "netIncome": 10200000,
        "netIncomeRatio": 0.0523613963,
        "eps": 0.26,
        "epsdiluted": 0.26,
        "weightedAverageShsOut": 39230769,
        "weightedAverageShsOutDil": 39230769,
        "link": "https://www.sec.gov/Archives/edgar/data/850429/000085042999000009/0000850429-99-000009-index.html",
        "finalLink": "https://www.sec.gov/Archives/edgar/data/850429/000085042999000009/"
    },
    {
        "date": "1999-03-31",
        "symbol": "TG",
        "reportedCurrency": "USD",
        "cik": "0000850429",
        "fillingDate": "1999-05-13",
        "acceptedDate": "1999-05-13 00:00:00",
        "calendarYear": "1999",
        "period": "Q1",
        "revenue": 179500000,
        "costOfRevenue": 134500000,
        "grossProfit": 45000000,
        "grossProfitRatio": 0.2506963788,
        "researchAndDevelopmentExpenses": 4100000,
        "generalAndAdministrativeExpenses": 11400000,
        "sellingAndMarketingExpenses": 0,
        "sellingGeneralAndAdministrativeExpenses": 11400000,
        "otherExpenses": 5800000,
        "operatingExpenses": 21300000,
        "costAndExpenses": 155800000,
        "interestIncome": 0,
        "interestExpense": 300000,
        "depreciationAndAmortization": 5800000,
        "ebitda": 29500000,
        "ebitdaratio": 0.1643454039,
        "operatingIncome": 23700000,
        "operatingIncomeRatio": 0.1320334262,
        "totalOtherIncomeExpensesNet": 0,
        "incomeBeforeTax": 23700000,
        "incomeBeforeTaxRatio": 0.1320334262,
        "incomeTaxExpense": 8400000,
        "netIncome": 15300000,
        "netIncomeRatio": 0.0852367688,
        "eps": 0.42,
        "epsdiluted": 0.39,
        "weightedAverageShsOut": 36428571,
        "weightedAverageShsOutDil": 39230769,
        "link": "https://www.sec.gov/Archives/edgar/data/850429/000085042999000004/0000850429-99-000004-index.html",
        "finalLink": "https://www.sec.gov/Archives/edgar/data/850429/"
    },
    {
        "date": "1998-12-31",
        "symbol": "TG",
        "reportedCurrency": "USD",
        "cik": "0000850429",
        "fillingDate": "1999-02-01",
        "acceptedDate": "1999-02-01 00:00:00",
        "calendarYear": "1998",
        "period": "Q4",
        "revenue": 186600000,
        "costOfRevenue": 141000000,
        "grossProfit": 45600000,
        "grossProfitRatio": 0.2443729904,
        "researchAndDevelopmentExpenses": 4200000,
        "generalAndAdministrativeExpenses": 10600000,
        "sellingAndMarketingExpenses": 0,
        "sellingGeneralAndAdministrativeExpenses": 10600000,
        "otherExpenses": 6500000,
        "operatingExpenses": 21300000,
        "costAndExpenses": 162300000,
        "interestIncome": 0,
        "interestExpense": 300000,
        "depreciationAndAmortization": 6500000,
        "ebitda": 30800000,
        "ebitdaratio": 0.1650589496,
        "operatingIncome": 23600000,
        "operatingIncomeRatio": 0.1264737406,
        "totalOtherIncomeExpensesNet": 700000,
        "incomeBeforeTax": 24300000,
        "incomeBeforeTaxRatio": 0.1302250804,
        "incomeTaxExpense": 8500000,
        "netIncome": 17100000,
        "netIncomeRatio": 0.0916398714,
        "eps": 0.47,
        "epsdiluted": 0.44,
        "weightedAverageShsOut": 36413775,
        "weightedAverageShsOutDil": 38753933,
        "link": "https://www.sec.gov/Archives/edgar/data/850429/000085042999000002/0000850429-99-000002-index.html",
        "finalLink": "https://www.sec.gov/Archives/edgar/data/850429/"
    },
    {
        "date": "1998-09-30",
        "symbol": "TG",
        "reportedCurrency": "USD",
        "cik": "0000850429",
        "fillingDate": "1998-11-13",
        "acceptedDate": "1998-11-13 00:00:00",
        "calendarYear": "1998",
        "period": "Q3",
        "revenue": 186600000,
        "costOfRevenue": 142700000,
        "grossProfit": 43900000,
        "grossProfitRatio": 0.2352625938,
        "researchAndDevelopmentExpenses": 3400000,
        "generalAndAdministrativeExpenses": 9900000,
        "sellingAndMarketingExpenses": 0,
        "sellingGeneralAndAdministrativeExpenses": 9900000,
        "otherExpenses": 5600000,
        "operatingExpenses": 18900000,
        "costAndExpenses": 161600000,
        "interestIncome": 0,
        "interestExpense": 300000,
        "depreciationAndAmortization": 5600000,
        "ebitda": 30600000,
        "ebitdaratio": 0.1639871383,
        "operatingIncome": 25000000,
        "operatingIncomeRatio": 0.1339764202,
        "totalOtherIncomeExpensesNet": -400000,
        "incomeBeforeTax": 24600000,
        "incomeBeforeTaxRatio": 0.1318327974,
        "incomeTaxExpense": 8600000,
        "netIncome": 19400000,
        "netIncomeRatio": 0.103965702,
        "eps": 0.53,
        "epsdiluted": 0.5,
        "weightedAverageShsOut": 36603774,
        "weightedAverageShsOutDil": 38800000,
        "link": "https://www.sec.gov/Archives/edgar/data/850429/000085042998000019/0000850429-98-000019-index.html",
        "finalLink": "https://www.sec.gov/Archives/edgar/data/850429/"
    },
    {
        "date": "1998-06-30",
        "symbol": "TG",
        "reportedCurrency": "USD",
        "cik": "0000850429",
        "fillingDate": "1998-08-12",
        "acceptedDate": "1998-08-12 00:00:00",
        "calendarYear": "1998",
        "period": "Q2",
        "revenue": 169900000,
        "costOfRevenue": 129000000,
        "grossProfit": 40900000,
        "grossProfitRatio": 0.2407298411,
        "researchAndDevelopmentExpenses": 3600000,
        "generalAndAdministrativeExpenses": 10100000,
        "sellingAndMarketingExpenses": 0,
        "sellingGeneralAndAdministrativeExpenses": 10100000,
        "otherExpenses": 5500000,
        "operatingExpenses": 19200000,
        "costAndExpenses": 148200000,
        "interestIncome": 0,
        "interestExpense": 0,
        "depreciationAndAmortization": 5500000,
        "ebitda": 27200000,
        "ebitdaratio": 0.160094173,
        "operatingIncome": 21700000,
        "operatingIncomeRatio": 0.1277221895,
        "totalOtherIncomeExpensesNet": 1700000,
        "incomeBeforeTax": 23400000,
        "incomeBeforeTaxRatio": 0.1377280753,
        "incomeTaxExpense": 8200000,
        "netIncome": 15200000,
        "netIncomeRatio": 0.0894643908,
        "eps": 0.42,
        "epsdiluted": 0.42,
        "weightedAverageShsOut": 36051999,
        "weightedAverageShsOutDil": 36051999,
        "link": "https://www.sec.gov/Archives/edgar/data/850429/000085042998000015/0000850429-98-000015-index.html",
        "finalLink": "https://www.sec.gov/Archives/edgar/data/850429/"
    },
    {
        "date": "1998-03-31",
        "symbol": "TG",
        "reportedCurrency": "USD",
        "cik": "0000850429",
        "fillingDate": "1998-05-12",
        "acceptedDate": "1998-05-12 00:00:00",
        "calendarYear": "1998",
        "period": "Q1",
        "revenue": 156700000,
        "costOfRevenue": 118200000,
        "grossProfit": 38500000,
        "grossProfitRatio": 0.2456924059,
        "researchAndDevelopmentExpenses": 3300000,
        "generalAndAdministrativeExpenses": 8800000,
        "sellingAndMarketingExpenses": 0,
        "sellingGeneralAndAdministrativeExpenses": 8800000,
        "otherExpenses": 4900000,
        "operatingExpenses": 17000000,
        "costAndExpenses": 135200000,
        "interestIncome": 0,
        "interestExpense": 0,
        "depreciationAndAmortization": 4900000,
        "ebitda": 26400000,
        "ebitdaratio": 0.1684747926,
        "operatingIncome": 22300000,
        "operatingIncomeRatio": 0.1423101468,
        "totalOtherIncomeExpensesNet": 800000,
        "incomeBeforeTax": 23100000,
        "incomeBeforeTaxRatio": 0.1474154435,
        "incomeTaxExpense": 5800000,
        "netIncome": 17300000,
        "netIncomeRatio": 0.1104020421,
        "eps": 0.48,
        "epsdiluted": 0.48,
        "weightedAverageShsOut": 35874000,
        "weightedAverageShsOutDil": 35874000,
        "link": "https://www.sec.gov/Archives/edgar/data/850429/000085042998000010/0000850429-98-000010-index.html",
        "finalLink": "https://www.sec.gov/Archives/edgar/data/850429/"
    },
    {
        "date": "1997-12-31",
        "symbol": "TG",
        "reportedCurrency": "USD",
        "cik": "0000850429",
        "fillingDate": "1998-03-17",
        "acceptedDate": "1998-03-17 00:00:00",
        "calendarYear": "1997",
        "period": "Q4",
        "revenue": 147600000,
        "costOfRevenue": 109500000,
        "grossProfit": 38100000,
        "grossProfitRatio": 0.2581300813,
        "researchAndDevelopmentExpenses": 3500000,
        "generalAndAdministrativeExpenses": 10100000,
        "sellingAndMarketingExpenses": 0,
        "sellingGeneralAndAdministrativeExpenses": 10100000,
        "otherExpenses": 4700000,
        "operatingExpenses": 18300000,
        "costAndExpenses": 127800000,
        "interestIncome": 0,
        "interestExpense": 0,
        "depreciationAndAmortization": 4700000,
        "ebitda": 21500000,
        "ebitdaratio": 0.1456639566,
        "operatingIncome": 17500000,
        "operatingIncomeRatio": 0.1185636856,
        "totalOtherIncomeExpensesNet": 7200000,
        "incomeBeforeTax": 24700000,
        "incomeBeforeTaxRatio": 0.1673441734,
        "incomeTaxExpense": 8700000,
        "netIncome": 16000000,
        "netIncomeRatio": 0.108401084,
        "eps": 0.43,
        "epsdiluted": 0.43,
        "weightedAverageShsOut": 37115499,
        "weightedAverageShsOutDil": 37115499,
        "link": "https://www.sec.gov/Archives/edgar/data/850429/000085042998000008/0000850429-98-000008-index.html",
        "finalLink": "https://www.sec.gov/Archives/edgar/data/850429/"
    },
    {
        "date": "1997-09-30",
        "symbol": "TG",
        "reportedCurrency": "USD",
        "cik": "0000850429",
        "fillingDate": "1997-11-12",
        "acceptedDate": "1997-11-12 00:00:00",
        "calendarYear": "1997",
        "period": "Q3",
        "revenue": 155100000,
        "costOfRevenue": 117700000,
        "grossProfit": 37400000,
        "grossProfitRatio": 0.2411347518,
        "researchAndDevelopmentExpenses": 3200000,
        "generalAndAdministrativeExpenses": 9400000,
        "sellingAndMarketingExpenses": 0,
        "sellingGeneralAndAdministrativeExpenses": 9400000,
        "otherExpenses": 4700000,
        "operatingExpenses": 17300000,
        "costAndExpenses": 135000000,
        "interestIncome": 0,
        "interestExpense": 0,
        "depreciationAndAmortization": 4700000,
        "ebitda": 24800000,
        "ebitdaratio": 0.1598968407,
        "operatingIncome": 20100000,
        "operatingIncomeRatio": 0.1295938104,
        "totalOtherIncomeExpensesNet": 3200000,
        "incomeBeforeTax": 23300000,
        "incomeBeforeTaxRatio": 0.1502256609,
        "incomeTaxExpense": 8200000,
        "netIncome": 15100000,
        "netIncomeRatio": 0.0973565442,
        "eps": 0.41,
        "epsdiluted": 0.41,
        "weightedAverageShsOut": 37080999,
        "weightedAverageShsOutDil": 37080999,
        "link": "https://www.sec.gov/Archives/edgar/data/850429/000085042997000009/0000850429-97-000009-index.html",
        "finalLink": "https://www.sec.gov/Archives/edgar/data/850429/"
    },
    {
        "date": "1997-06-30",
        "symbol": "TG",
        "reportedCurrency": "USD",
        "cik": "0000850429",
        "fillingDate": "1997-08-14",
        "acceptedDate": "1997-08-14 00:00:00",
        "calendarYear": "1997",
        "period": "Q2",
        "revenue": 145000000,
        "costOfRevenue": 109800000,
        "grossProfit": 35200000,
        "grossProfitRatio": 0.2427586207,
        "researchAndDevelopmentExpenses": 3200000,
        "generalAndAdministrativeExpenses": 8900000,
        "sellingAndMarketingExpenses": 0,
        "sellingGeneralAndAdministrativeExpenses": 8900000,
        "otherExpenses": 4500000,
        "operatingExpenses": 16600000,
        "costAndExpenses": 126400000,
        "interestIncome": 0,
        "interestExpense": 600000,
        "depreciationAndAmortization": 4500000,
        "ebitda": 23100000,
        "ebitdaratio": 0.1593103448,
        "operatingIncome": 18600000,
        "operatingIncomeRatio": 0.1282758621,
        "totalOtherIncomeExpensesNet": 6600000,
        "incomeBeforeTax": 25200000,
        "incomeBeforeTaxRatio": 0.1737931034,
        "incomeTaxExpense": 8900000,
        "netIncome": 16300000,
        "netIncomeRatio": 0.1124137931,
        "eps": 0.44,
        "epsdiluted": 0.44,
        "weightedAverageShsOut": 36957999,
        "weightedAverageShsOutDil": 36957999,
        "link": "https://www.sec.gov/Archives/edgar/data/850429/000085042997000007/0000850429-97-000007-index.html",
        "finalLink": "https://www.sec.gov/Archives/edgar/data/850429/"
    },
    {
        "date": "1997-03-31",
        "symbol": "TG",
        "reportedCurrency": "USD",
        "cik": "0000850429",
        "fillingDate": "1997-05-07",
        "acceptedDate": "1997-05-07 00:00:00",
        "calendarYear": "1997",
        "period": "Q1",
        "revenue": 133300000,
        "costOfRevenue": 102400000,
        "grossProfit": 30900000,
        "grossProfitRatio": 0.231807952,
        "researchAndDevelopmentExpenses": 3300000,
        "generalAndAdministrativeExpenses": 8600000,
        "sellingAndMarketingExpenses": 0,
        "sellingGeneralAndAdministrativeExpenses": 8600000,
        "otherExpenses": 4600000,
        "operatingExpenses": 16500000,
        "costAndExpenses": 118900000,
        "interestIncome": 0,
        "interestExpense": 500000,
        "depreciationAndAmortization": 4600000,
        "ebitda": 19000000,
        "ebitdaratio": 0.1425356339,
        "operatingIncome": 14400000,
        "operatingIncomeRatio": 0.1080270068,
        "totalOtherIncomeExpensesNet": 2500000,
        "incomeBeforeTax": 16900000,
        "incomeBeforeTaxRatio": 0.1267816954,
        "incomeTaxExpense": 5900000,
        "netIncome": 11000000,
        "netIncomeRatio": 0.0825206302,
        "eps": 0.3,
        "epsdiluted": 0.3,
        "weightedAverageShsOut": 36819999,
        "weightedAverageShsOutDil": 36819999,
        "link": "https://www.sec.gov/Archives/edgar/data/850429/000085042997000003/0000850429-97-000003-index.html",
        "finalLink": "https://www.sec.gov/Archives/edgar/data/850429/"
    },
    {
        "date": "1996-12-31",
        "symbol": "TG",
        "reportedCurrency": "USD",
        "cik": "0000850429",
        "fillingDate": "1997-03-11",
        "acceptedDate": "1997-03-11 00:00:00",
        "calendarYear": "1996",
        "period": "Q4",
        "revenue": 126500000,
        "costOfRevenue": 94800000,
        "grossProfit": 31700000,
        "grossProfitRatio": 0.2505928854,
        "researchAndDevelopmentExpenses": 0,
        "generalAndAdministrativeExpenses": 12500000,
        "sellingAndMarketingExpenses": 0,
        "sellingGeneralAndAdministrativeExpenses": 12500000,
        "otherExpenses": 4800000,
        "operatingExpenses": 17300000,
        "costAndExpenses": 112100000,
        "interestIncome": 0,
        "interestExpense": 600000,
        "depreciationAndAmortization": 4800000,
        "ebitda": 19200000,
        "ebitdaratio": 0.1517786561,
        "operatingIncome": 14400000,
        "operatingIncomeRatio": 0.1138339921,
        "totalOtherIncomeExpensesNet": 200000,
        "incomeBeforeTax": 14600000,
        "incomeBeforeTaxRatio": 0.1154150198,
        "incomeTaxExpense": 5400000,
        "netIncome": 9200000,
        "netIncomeRatio": 0.0727272727,
        "eps": 0.25,
        "epsdiluted": 0.25,
        "weightedAverageShsOut": 36726999,
        "weightedAverageShsOutDil": 36726999,
        "link": "https://www.sec.gov/Archives/edgar/data/850429/000085042997000001/0000850429-97-000001-index.html",
        "finalLink": "https://www.sec.gov/Archives/edgar/data/850429/"
    },
    {
        "date": "1996-09-30",
        "symbol": "TG",
        "reportedCurrency": "USD",
        "cik": "0000850429",
        "fillingDate": "1996-10-30",
        "acceptedDate": "1996-10-30 00:00:00",
        "calendarYear": "1996",
        "period": "Q3",
        "revenue": 129400000,
        "costOfRevenue": 98600000,
        "grossProfit": 30800000,
        "grossProfitRatio": 0.2380216383,
        "researchAndDevelopmentExpenses": 0,
        "generalAndAdministrativeExpenses": 12200000,
        "sellingAndMarketingExpenses": 0,
        "sellingGeneralAndAdministrativeExpenses": 12200000,
        "otherExpenses": 4700000,
        "operatingExpenses": 16900000,
        "costAndExpenses": 115500000,
        "interestIncome": 0,
        "interestExpense": 500000,
        "depreciationAndAmortization": 4700000,
        "ebitda": 18600000,
        "ebitdaratio": 0.14374034,
        "operatingIncome": 13900000,
        "operatingIncomeRatio": 0.1074188563,
        "totalOtherIncomeExpensesNet": 3100000,
        "incomeBeforeTax": 17000000,
        "incomeBeforeTaxRatio": 0.1313755796,
        "incomeTaxExpense": 6300000,
        "netIncome": 10700000,
        "netIncomeRatio": 0.0826893354,
        "eps": 0.29,
        "epsdiluted": 0.29,
        "weightedAverageShsOut": 36702999,
        "weightedAverageShsOutDil": 36702999,
        "link": "https://www.sec.gov/Archives/edgar/data/850429/000085042996000007/0000850429-96-000007-index.html",
        "finalLink": "https://www.sec.gov/Archives/edgar/data/850429/"
    },
    {
        "date": "1996-06-30",
        "symbol": "TG",
        "reportedCurrency": "USD",
        "cik": "0000850429",
        "fillingDate": "1996-08-13",
        "acceptedDate": "1996-08-13 00:00:00",
        "calendarYear": "1996",
        "period": "Q2",
        "revenue": 126300000,
        "costOfRevenue": 95800000,
        "grossProfit": 30500000,
        "grossProfitRatio": 0.2414885194,
        "researchAndDevelopmentExpenses": 0,
        "generalAndAdministrativeExpenses": 12500000,
        "sellingAndMarketingExpenses": 0,
        "sellingGeneralAndAdministrativeExpenses": 12500000,
        "otherExpenses": 4700000,
        "operatingExpenses": 17200000,
        "costAndExpenses": 113000000,
        "interestIncome": 0,
        "interestExpense": 500000,
        "depreciationAndAmortization": 4700000,
        "ebitda": 18000000,
        "ebitdaratio": 0.1425178147,
        "operatingIncome": 13300000,
        "operatingIncomeRatio": 0.1053048298,
        "totalOtherIncomeExpensesNet": 400000,
        "incomeBeforeTax": 13700000,
        "incomeBeforeTaxRatio": 0.1084718923,
        "incomeTaxExpense": 5000000,
        "netIncome": 8700000,
        "netIncomeRatio": 0.0688836105,
        "eps": 0.24,
        "epsdiluted": 0.24,
        "weightedAverageShsOut": 36654999,
        "weightedAverageShsOutDil": 36654999,
        "link": "https://www.sec.gov/Archives/edgar/data/850429/000085042996000004/0000850429-96-000004-index.html",
        "finalLink": "https://www.sec.gov/Archives/edgar/data/850429/"
    },
    {
        "date": "1996-03-31",
        "symbol": "TG",
        "reportedCurrency": "USD",
        "cik": "0000850429",
        "fillingDate": "1996-05-10",
        "acceptedDate": "1996-05-10 00:00:00",
        "calendarYear": "1996",
        "period": "Q1",
        "revenue": 141400000,
        "costOfRevenue": 107600000,
        "grossProfit": 33800000,
        "grossProfitRatio": 0.2390381895,
        "researchAndDevelopmentExpenses": 0,
        "generalAndAdministrativeExpenses": 13600000,
        "sellingAndMarketingExpenses": 0,
        "sellingGeneralAndAdministrativeExpenses": 13600000,
        "otherExpenses": 6100000,
        "operatingExpenses": 19700000,
        "costAndExpenses": 127300000,
        "interestIncome": 0,
        "interestExpense": 700000,
        "depreciationAndAmortization": 6100000,
        "ebitda": 20200000,
        "ebitdaratio": 0.1428571429,
        "operatingIncome": 14100000,
        "operatingIncomeRatio": 0.0997171146,
        "totalOtherIncomeExpensesNet": 9600000,
        "incomeBeforeTax": 23700000,
        "incomeBeforeTaxRatio": 0.1676096181,
        "incomeTaxExpense": 7400000,
        "netIncome": 16300000,
        "netIncomeRatio": 0.1152758133,
        "eps": 0.45,
        "epsdiluted": 0.45,
        "weightedAverageShsOut": 36624999,
        "weightedAverageShsOutDil": 36624999,
        "link": "https://www.sec.gov/Archives/edgar/data/850429/000085042996000002/0000850429-96-000002-index.html",
        "finalLink": "https://www.sec.gov/Archives/edgar/data/850429/"
    },
    {
        "date": "1995-12-31",
        "symbol": "TG",
        "reportedCurrency": "USD",
        "cik": "0000850429",
        "fillingDate": "1996-03-25",
        "acceptedDate": "1996-03-25 00:00:00",
        "calendarYear": "1995",
        "period": "Q4",
        "revenue": 142800000,
        "costOfRevenue": 110600000,
        "grossProfit": 32200000,
        "grossProfitRatio": 0.2254901961,
        "researchAndDevelopmentExpenses": 0,
        "generalAndAdministrativeExpenses": 14900000,
        "sellingAndMarketingExpenses": 0,
        "sellingGeneralAndAdministrativeExpenses": 14900000,
        "otherExpenses": 5800000,
        "operatingExpenses": 20700000,
        "costAndExpenses": 131300000,
        "interestIncome": 0,
        "interestExpense": 500000,
        "depreciationAndAmortization": 5800000,
        "ebitda": 17300000,
        "ebitdaratio": 0.1211484594,
        "operatingIncome": 11500000,
        "operatingIncomeRatio": 0.0805322129,
        "totalOtherIncomeExpensesNet": -400000,
        "incomeBeforeTax": 11100000,
        "incomeBeforeTaxRatio": 0.0777310924,
        "incomeTaxExpense": 4100000,
        "netIncome": 7000000,
        "netIncomeRatio": 0.0490196078,
        "eps": 0.18,
        "epsdiluted": 0.18,
        "weightedAverageShsOut": 38095002,
        "weightedAverageShsOutDil": 38095002,
        "link": "https://www.sec.gov/Archives/edgar/data/850429/000091664196000185/0000916641-96-000185-index.html",
        "finalLink": "https://www.sec.gov/Archives/edgar/data/850429/"
    },
    {
        "date": "1995-09-30",
        "symbol": "TG",
        "reportedCurrency": "USD",
        "cik": "0000850429",
        "fillingDate": "1995-11-13",
        "acceptedDate": "1995-11-13 00:00:00",
        "calendarYear": "1995",
        "period": "Q3",
        "revenue": 146000000,
        "costOfRevenue": 115800000,
        "grossProfit": 30200000,
        "grossProfitRatio": 0.2068493151,
        "researchAndDevelopmentExpenses": 0,
        "generalAndAdministrativeExpenses": 13100000,
        "sellingAndMarketingExpenses": 0,
        "sellingGeneralAndAdministrativeExpenses": 13100000,
        "otherExpenses": 6000000,
        "operatingExpenses": 19100000,
        "costAndExpenses": 134900000,
        "interestIncome": 0,
        "interestExpense": 1000000,
        "depreciationAndAmortization": 6000000,
        "ebitda": 17100000,
        "ebitdaratio": 0.1171232877,
        "operatingIncome": 11100000,
        "operatingIncomeRatio": 0.0760273973,
        "totalOtherIncomeExpensesNet": -600000,
        "incomeBeforeTax": 10500000,
        "incomeBeforeTaxRatio": 0.0719178082,
        "incomeTaxExpense": 3900000,
        "netIncome": 6600000,
        "netIncomeRatio": 0.0452054795,
        "eps": 0.17,
        "epsdiluted": 0.17,
        "weightedAverageShsOut": 39625002,
        "weightedAverageShsOutDil": 39625002,
        "link": "https://www.sec.gov/Archives/edgar/data/850429/000091664195000385/0000916641-95-000385-index.html",
        "finalLink": "https://www.sec.gov/Archives/edgar/data/850429/"
    },
    {
        "date": "1995-06-30",
        "symbol": "TG",
        "reportedCurrency": "USD",
        "cik": "0000850429",
        "fillingDate": "1995-07-25",
        "acceptedDate": "1995-07-25 00:00:00",
        "calendarYear": "1995",
        "period": "Q2",
        "revenue": 149700000,
        "costOfRevenue": 118200000,
        "grossProfit": 31500000,
        "grossProfitRatio": 0.2104208417,
        "researchAndDevelopmentExpenses": 0,
        "generalAndAdministrativeExpenses": 14600000,
        "sellingAndMarketingExpenses": 0,
        "sellingGeneralAndAdministrativeExpenses": 14600000,
        "otherExpenses": 6100000,
        "operatingExpenses": 20700000,
        "costAndExpenses": 138900000,
        "interestIncome": 0,
        "interestExpense": 900000,
        "depreciationAndAmortization": 6100000,
        "ebitda": 16900000,
        "ebitdaratio": 0.1128924516,
        "operatingIncome": 10800000,
        "operatingIncomeRatio": 0.0721442886,
        "totalOtherIncomeExpensesNet": -1200000,
        "incomeBeforeTax": 9600000,
        "incomeBeforeTaxRatio": 0.0641282565,
        "incomeTaxExpense": 3500000,
        "netIncome": 6100000,
        "netIncomeRatio": 0.040748163,
        "eps": 0.16,
        "epsdiluted": 0.16,
        "weightedAverageShsOut": 37954998,
        "weightedAverageShsOutDil": 37954998,
        "link": "https://www.sec.gov/Archives/edgar/data/850429/000091664195000217/0000916641-95-000217-index.html",
        "finalLink": "https://www.sec.gov/Archives/edgar/data/850429/"
    },
    {
        "date": "1995-03-31",
        "symbol": "TG",
        "reportedCurrency": "USD",
        "cik": "0000850429",
        "fillingDate": "1995-04-17",
        "acceptedDate": "1995-04-17 00:00:00",
        "calendarYear": "1995",
        "period": "Q1",
        "revenue": 151100000,
        "costOfRevenue": 122100000,
        "grossProfit": 29000000,
        "grossProfitRatio": 0.1919258769,
        "researchAndDevelopmentExpenses": 0,
        "generalAndAdministrativeExpenses": 14400000,
        "sellingAndMarketingExpenses": 0,
        "sellingGeneralAndAdministrativeExpenses": 14400000,
        "otherExpenses": 5900000,
        "operatingExpenses": 20300000,
        "costAndExpenses": 142400000,
        "interestIncome": 0,
        "interestExpense": 700000,
        "depreciationAndAmortization": 5900000,
        "ebitda": 14600000,
        "ebitdaratio": 0.0966247518,
        "operatingIncome": 8700000,
        "operatingIncomeRatio": 0.0575777631,
        "totalOtherIncomeExpensesNet": -1500000,
        "incomeBeforeTax": 7200000,
        "incomeBeforeTaxRatio": 0.0476505625,
        "incomeTaxExpense": 2800000,
        "netIncome": 4400000,
        "netIncomeRatio": 0.0291197882,
        "eps": 0.11,
        "epsdiluted": 0.11,
        "weightedAverageShsOut": 40681998,
        "weightedAverageShsOutDil": 40681998,
        "link": "https://www.sec.gov/Archives/edgar/data/850429/000091664195000130/0000916641-95-000130-index.html",
        "finalLink": "https://www.sec.gov/Archives/edgar/data/850429/"
    },
    {
        "date": "1994-12-31",
        "symbol": "TG",
        "reportedCurrency": "USD",
        "cik": "0000850429",
        "fillingDate": "1995-03-28",
        "acceptedDate": "1995-03-28 00:00:00",
        "calendarYear": "1994",
        "period": "Q4",
        "revenue": 126100000,
        "costOfRevenue": 98500000,
        "grossProfit": 27600000,
        "grossProfitRatio": 0.2188739096,
        "researchAndDevelopmentExpenses": 0,
        "generalAndAdministrativeExpenses": 15100000,
        "sellingAndMarketingExpenses": 0,
        "sellingGeneralAndAdministrativeExpenses": 15100000,
        "otherExpenses": 5900000,
        "operatingExpenses": 21000000,
        "costAndExpenses": 119500000,
        "interestIncome": 0,
        "interestExpense": 700000,
        "depreciationAndAmortization": 5900000,
        "ebitda": 12500000,
        "ebitdaratio": 0.0991276764,
        "operatingIncome": 6600000,
        "operatingIncomeRatio": 0.0523394132,
        "totalOtherIncomeExpensesNet": -700000,
        "incomeBeforeTax": 5900000,
        "incomeBeforeTaxRatio": 0.0467882633,
        "incomeTaxExpense": 2200000,
        "netIncome": 3700000,
        "netIncomeRatio": 0.0293417922,
        "eps": 0.085,
        "epsdiluted": 0.085,
        "weightedAverageShsOut": 43525683,
        "weightedAverageShsOutDil": 43525683,
        "link": "https://www.sec.gov/Archives/edgar/data/850429/000091664195000080/0000916641-95-000080-index.html",
        "finalLink": "https://www.sec.gov/Archives/edgar/data/850429/"
    },
    {
        "date": "1994-09-30",
        "symbol": "TG",
        "reportedCurrency": "USD",
        "cik": "0000850429",
        "fillingDate": "1994-11-14",
        "acceptedDate": "1994-11-14 00:00:00",
        "calendarYear": "1994",
        "period": "Q3",
        "revenue": 132200000,
        "costOfRevenue": 104200000,
        "grossProfit": 28000000,
        "grossProfitRatio": 0.2118003026,
        "researchAndDevelopmentExpenses": 0,
        "generalAndAdministrativeExpenses": 14000000,
        "sellingAndMarketingExpenses": 0,
        "sellingGeneralAndAdministrativeExpenses": 14000000,
        "otherExpenses": 6300000,
        "operatingExpenses": 20300000,
        "costAndExpenses": 124500000,
        "interestIncome": 0,
        "interestExpense": 900000,
        "depreciationAndAmortization": 6100000,
        "ebitda": 14000000,
        "ebitdaratio": 0.1059001513,
        "operatingIncome": 7700000,
        "operatingIncomeRatio": 0.0582450832,
        "totalOtherIncomeExpensesNet": -8100000,
        "incomeBeforeTax": -400000,
        "incomeBeforeTaxRatio": -0.0030257186,
        "incomeTaxExpense": -100000,
        "netIncome": 26500000,
        "netIncomeRatio": 0.2004538578,
        "eps": 0.65,
        "epsdiluted": 0.65,
        "weightedAverageShsOut": 40483000,
        "weightedAverageShsOutDil": 40483000,
        "link": "https://www.sec.gov/Archives/edgar/data/850429/000085042994000007/0000850429-94-000007-index.html",
        "finalLink": "https://www.sec.gov/Archives/edgar/data/850429/"
    },
    {
        "date": "1994-06-30",
        "symbol": "TG",
        "reportedCurrency": "USD",
        "cik": "0000850429",
        "fillingDate": "1994-08-08",
        "acceptedDate": "1994-08-08 00:00:00",
        "calendarYear": "1994",
        "period": "Q2",
        "revenue": 122900000,
        "costOfRevenue": 96300000,
        "grossProfit": 26600000,
        "grossProfitRatio": 0.2164361269,
        "researchAndDevelopmentExpenses": 0,
        "generalAndAdministrativeExpenses": 14200000,
        "sellingAndMarketingExpenses": 0,
        "sellingGeneralAndAdministrativeExpenses": 14200000,
        "otherExpenses": 6400000,
        "operatingExpenses": 20600000,
        "costAndExpenses": 116900000,
        "interestIncome": 0,
        "interestExpense": 1200000,
        "depreciationAndAmortization": 6200000,
        "ebitda": 12200000,
        "ebitdaratio": 0.0992676973,
        "operatingIncome": 6000000,
        "operatingIncomeRatio": 0.048820179,
        "totalOtherIncomeExpensesNet": -900000,
        "incomeBeforeTax": 5100000,
        "incomeBeforeTaxRatio": 0.0414971522,
        "incomeTaxExpense": 2000000,
        "netIncome": 4900000,
        "netIncomeRatio": 0.0398698129,
        "eps": 0.1,
        "epsdiluted": 0.1,
        "weightedAverageShsOut": 47697000,
        "weightedAverageShsOutDil": 47697000,
        "link": "https://www.sec.gov/Archives/edgar/data/850429/000085042994000005/0000850429-94-000005-index.html",
        "finalLink": "https://www.sec.gov/Archives/edgar/data/850429/"
    },
    {
        "date": "1994-03-31",
        "symbol": "TG",
        "reportedCurrency": "USD",
        "cik": "0000850429",
        "fillingDate": "1994-05-12",
        "acceptedDate": "1994-05-12 00:00:00",
        "calendarYear": "1994",
        "period": "Q1",
        "revenue": 121000000,
        "costOfRevenue": 95700000,
        "grossProfit": 25300000,
        "grossProfitRatio": 0.2090909091,
        "researchAndDevelopmentExpenses": 0,
        "generalAndAdministrativeExpenses": 13100000,
        "sellingAndMarketingExpenses": 0,
        "sellingGeneralAndAdministrativeExpenses": 13100000,
        "otherExpenses": 6600000,
        "operatingExpenses": 19700000,
        "costAndExpenses": 115400000,
        "interestIncome": 0,
        "interestExpense": 1200000,
        "depreciationAndAmortization": 6600000,
        "ebitda": 12200000,
        "ebitdaratio": 0.1008264463,
        "operatingIncome": 5600000,
        "operatingIncomeRatio": 0.0462809917,
        "totalOtherIncomeExpensesNet": -10900000,
        "incomeBeforeTax": -5300000,
        "incomeBeforeTaxRatio": -0.0438016529,
        "incomeTaxExpense": -200000,
        "netIncome": 3600000,
        "netIncomeRatio": 0.0297520661,
        "eps": 0.0734,
        "epsdiluted": 0.0734,
        "weightedAverageShsOut": 49048000,
        "weightedAverageShsOutDil": 49048000,
        "link": "https://www.sec.gov/Archives/edgar/data/850429/000085042994000002/0000850429-94-000002-index.html",
        "finalLink": "https://www.sec.gov/Archives/edgar/data/850429/"
    },
    {
        "date": "1993-12-31",
        "symbol": "TG",
        "reportedCurrency": "USD",
        "cik": "0000850429",
        "fillingDate": "1994-03-25",
        "acceptedDate": "1994-03-25 00:00:00",
        "calendarYear": "1993",
        "period": "Q4",
        "revenue": 91200000,
        "costOfRevenue": 58400000,
        "grossProfit": 32800000,
        "grossProfitRatio": 0.3596491228,
        "researchAndDevelopmentExpenses": 0,
        "generalAndAdministrativeExpenses": 0,
        "sellingAndMarketingExpenses": 0,
        "sellingGeneralAndAdministrativeExpenses": 11400000,
        "otherExpenses": 25800000,
        "operatingExpenses": 37200000,
        "costAndExpenses": 95600000,
        "interestIncome": 0,
        "interestExpense": 700000,
        "depreciationAndAmortization": 2800000,
        "ebitda": -1600000,
        "ebitdaratio": -0.0175438596,
        "operatingIncome": -4400000,
        "operatingIncomeRatio": -0.048245614,
        "totalOtherIncomeExpensesNet": -3600000,
        "incomeBeforeTax": -8000000,
        "incomeBeforeTaxRatio": -0.0877192982,
        "incomeTaxExpense": -3000000,
        "netIncome": 1800000,
        "netIncomeRatio": 0.0197368421,
        "eps": 0.0367,
        "epsdiluted": 0.0367,
        "weightedAverageShsOut": 49049500,
        "weightedAverageShsOutDil": 49049500,
        "link": "https://www.sec.gov/Archives/edgar/data/850429/000095011894000055/0000950118-94-000055-index.html",
        "finalLink": "https://www.sec.gov/Archives/edgar/data/850429/"
    },
    {
        "date": "1993-09-30",
        "symbol": "TG",
        "reportedCurrency": "USD",
        "cik": "0000850429",
        "fillingDate": "1993-09-30",
        "acceptedDate": "1993-09-29 20:00:00",
        "calendarYear": "1993",
        "period": "Q3",
        "revenue": 122400000,
        "costOfRevenue": 101200000,
        "grossProfit": 21200000,
        "grossProfitRatio": 0.1732026144,
        "researchAndDevelopmentExpenses": 0,
        "generalAndAdministrativeExpenses": 0,
        "sellingAndMarketingExpenses": 0,
        "sellingGeneralAndAdministrativeExpenses": 15100000,
        "otherExpenses": 0,
        "operatingExpenses": 15100000,
        "costAndExpenses": 116300000,
        "interestIncome": 0,
        "interestExpense": 1400000,
        "depreciationAndAmortization": 0,
        "ebitda": 6100000,
        "ebitdaratio": 0.0498366013,
        "operatingIncome": 6100000,
        "operatingIncomeRatio": 0.0498366013,
        "totalOtherIncomeExpensesNet": -1400000,
        "incomeBeforeTax": 4700000,
        "incomeBeforeTaxRatio": 0.0383986928,
        "incomeTaxExpense": 2400000,
        "netIncome": 2300000,
        "netIncomeRatio": 0.0187908497,
        "eps": 0.0469,
        "epsdiluted": 0.0469,
        "weightedAverageShsOut": 49051000,
        "weightedAverageShsOutDil": 49051000,
        "link": "",
        "finalLink": ""
    },
    {
        "date": "1993-06-30",
        "symbol": "TG",
        "reportedCurrency": "USD",
        "cik": "0000850429",
        "fillingDate": "1993-06-30",
        "acceptedDate": "1993-06-29 20:00:00",
        "calendarYear": "1993",
        "period": "Q2",
        "revenue": 116200000,
        "costOfRevenue": 95300000,
        "grossProfit": 20900000,
        "grossProfitRatio": 0.1798623064,
        "researchAndDevelopmentExpenses": 0,
        "generalAndAdministrativeExpenses": 0,
        "sellingAndMarketingExpenses": 0,
        "sellingGeneralAndAdministrativeExpenses": 15400000,
        "otherExpenses": 0,
        "operatingExpenses": 15400000,
        "costAndExpenses": 110700000,
        "interestIncome": 0,
        "interestExpense": 1400000,
        "depreciationAndAmortization": -500000,
        "ebitda": 5000000,
        "ebitdaratio": 0.0430292599,
        "operatingIncome": 5500000,
        "operatingIncomeRatio": 0.0473321859,
        "totalOtherIncomeExpensesNet": -900000,
        "incomeBeforeTax": 4600000,
        "incomeBeforeTaxRatio": 0.0395869191,
        "incomeTaxExpense": 1800000,
        "netIncome": 1700000,
        "netIncomeRatio": 0.0146299484,
        "eps": 0.0347,
        "epsdiluted": 0.0347,
        "weightedAverageShsOut": 49051000,
        "weightedAverageShsOutDil": 49051000,
        "link": "",
        "finalLink": ""
    },
    {
        "date": "1993-03-31",
        "symbol": "TG",
        "reportedCurrency": "USD",
        "cik": "0000850429",
        "fillingDate": "1993-03-31",
        "acceptedDate": "1993-03-30 19:00:00",
        "calendarYear": "1993",
        "period": "Q1",
        "revenue": 119400000,
        "costOfRevenue": 98600000,
        "grossProfit": 20800000,
        "grossProfitRatio": 0.1742043551,
        "researchAndDevelopmentExpenses": 0,
        "generalAndAdministrativeExpenses": 0,
        "sellingAndMarketingExpenses": 0,
        "sellingGeneralAndAdministrativeExpenses": 15200000,
        "otherExpenses": 0,
        "operatingExpenses": 15200000,
        "costAndExpenses": 113800000,
        "interestIncome": 0,
        "interestExpense": 1500000,
        "depreciationAndAmortization": -1400000,
        "ebitda": 4200000,
        "ebitdaratio": 0.0351758794,
        "operatingIncome": 5600000,
        "operatingIncomeRatio": 0.0469011725,
        "totalOtherIncomeExpensesNet": 0,
        "incomeBeforeTax": 5600000,
        "incomeBeforeTaxRatio": 0.0469011725,
        "incomeTaxExpense": 2000000,
        "netIncome": 3800000,
        "netIncomeRatio": 0.0318257956,
        "eps": 0.0775,
        "epsdiluted": 0.0775,
        "weightedAverageShsOut": 49051000,
        "weightedAverageShsOutDil": 49051000,
        "link": "",
        "finalLink": ""
    },
    {
        "date": "1992-12-31",
        "symbol": "TG",
        "reportedCurrency": "USD",
        "cik": "0000850429",
        "fillingDate": "1992-12-31",
        "acceptedDate": "1992-12-30 19:00:00",
        "calendarYear": "1992",
        "period": "Q4",
        "revenue": 117100000,
        "costOfRevenue": 70400000,
        "grossProfit": 46700000,
        "grossProfitRatio": 0.3988044406,
        "researchAndDevelopmentExpenses": 0,
        "generalAndAdministrativeExpenses": 0,
        "sellingAndMarketingExpenses": 0,
        "sellingGeneralAndAdministrativeExpenses": 14900000,
        "otherExpenses": 23900000,
        "operatingExpenses": 38800000,
        "costAndExpenses": 109200000,
        "interestIncome": 0,
        "interestExpense": 1500000,
        "depreciationAndAmortization": -1000000,
        "ebitda": 6900000,
        "ebitdaratio": 0.0589239966,
        "operatingIncome": 7900000,
        "operatingIncomeRatio": 0.0674637062,
        "totalOtherIncomeExpensesNet": -500000,
        "incomeBeforeTax": 7400000,
        "incomeBeforeTaxRatio": 0.0631938514,
        "incomeTaxExpense": 2800000,
        "netIncome": 4600000,
        "netIncomeRatio": 0.0392826644,
        "eps": 0.094,
        "epsdiluted": 0.094,
        "weightedAverageShsOut": 49048000,
        "weightedAverageShsOutDil": 49051000,
        "link": "",
        "finalLink": ""
    },
    {
        "date": "1992-09-30",
        "symbol": "TG",
        "reportedCurrency": "USD",
        "cik": "0000850429",
        "fillingDate": "1992-09-30",
        "acceptedDate": "1992-09-29 20:00:00",
        "calendarYear": "1992",
        "period": "Q3",
        "revenue": 126200000,
        "costOfRevenue": 104300000,
        "grossProfit": 21900000,
        "grossProfitRatio": 0.1735340729,
        "researchAndDevelopmentExpenses": 0,
        "generalAndAdministrativeExpenses": 0,
        "sellingAndMarketingExpenses": 0,
        "sellingGeneralAndAdministrativeExpenses": 13700000,
        "otherExpenses": 0,
        "operatingExpenses": 13700000,
        "costAndExpenses": 118000000,
        "interestIncome": 0,
        "interestExpense": 1600000,
        "depreciationAndAmortization": -100000,
        "ebitda": 8100000,
        "ebitdaratio": 0.0641838352,
        "operatingIncome": 8200000,
        "operatingIncomeRatio": 0.0649762282,
        "totalOtherIncomeExpensesNet": -1400000,
        "incomeBeforeTax": 6800000,
        "incomeBeforeTaxRatio": 0.0538827258,
        "incomeTaxExpense": 2700000,
        "netIncome": 4100000,
        "netIncomeRatio": 0.0324881141,
        "eps": 0.0836,
        "epsdiluted": 0.0836,
        "weightedAverageShsOut": 49048000,
        "weightedAverageShsOutDil": 49048000,
        "link": "",
        "finalLink": ""
    },
    {
        "date": "1992-06-30",
        "symbol": "TG",
        "reportedCurrency": "USD",
        "cik": "0000850429",
        "fillingDate": "1992-06-30",
        "acceptedDate": "1992-06-29 20:00:00",
        "calendarYear": "1992",
        "period": "Q2",
        "revenue": 117400000,
        "costOfRevenue": 96100000,
        "grossProfit": 21300000,
        "grossProfitRatio": 0.1814310051,
        "researchAndDevelopmentExpenses": 0,
        "generalAndAdministrativeExpenses": 0,
        "sellingAndMarketingExpenses": 0,
        "sellingGeneralAndAdministrativeExpenses": 13600000,
        "otherExpenses": 0,
        "operatingExpenses": 13600000,
        "costAndExpenses": 109700000,
        "interestIncome": 0,
        "interestExpense": 1700000,
        "depreciationAndAmortization": -100000,
        "ebitda": 7600000,
        "ebitdaratio": 0.0647359455,
        "operatingIncome": 7700000,
        "operatingIncomeRatio": 0.0655877342,
        "totalOtherIncomeExpensesNet": -1500000,
        "incomeBeforeTax": 6200000,
        "incomeBeforeTaxRatio": 0.0528109029,
        "incomeTaxExpense": 2400000,
        "netIncome": 3800000,
        "netIncomeRatio": 0.0323679727,
        "eps": 0.0775,
        "epsdiluted": 0.0775,
        "weightedAverageShsOut": 49048000,
        "weightedAverageShsOutDil": 49048000,
        "link": "",
        "finalLink": ""
    },
    {
        "date": "1992-03-31",
        "symbol": "TG",
        "reportedCurrency": "USD",
        "cik": "0000850429",
        "fillingDate": "1992-03-31",
        "acceptedDate": "1992-03-30 19:00:00",
        "calendarYear": "1992",
        "period": "Q1",
        "revenue": 118300000,
        "costOfRevenue": 97200000,
        "grossProfit": 21100000,
        "grossProfitRatio": 0.1783601014,
        "researchAndDevelopmentExpenses": 0,
        "generalAndAdministrativeExpenses": 0,
        "sellingAndMarketingExpenses": 0,
        "sellingGeneralAndAdministrativeExpenses": 14500000,
        "otherExpenses": 0,
        "operatingExpenses": 14500000,
        "costAndExpenses": 111700000,
        "interestIncome": 0,
        "interestExpense": 0,
        "depreciationAndAmortization": 0,
        "ebitda": 6600000,
        "ebitdaratio": 0.0557903635,
        "operatingIncome": 6600000,
        "operatingIncomeRatio": 0.0557903635,
        "totalOtherIncomeExpensesNet": -1500000,
        "incomeBeforeTax": 5100000,
        "incomeBeforeTaxRatio": 0.0431107354,
        "incomeTaxExpense": 2300000,
        "netIncome": 2800000,
        "netIncomeRatio": 0.0236686391,
        "eps": 0.0571,
        "epsdiluted": 0.0571,
        "weightedAverageShsOut": 49048000,
        "weightedAverageShsOutDil": 49048000,
        "link": "",
        "finalLink": ""
    },
    {
        "date": "1991-12-31",
        "symbol": "TG",
        "reportedCurrency": "USD",
        "cik": "0000850429",
        "fillingDate": "1991-12-31",
        "acceptedDate": "1991-12-30 19:00:00",
        "calendarYear": "1991",
        "period": "Q4",
        "revenue": 115900000,
        "costOfRevenue": 65100000,
        "grossProfit": 50800000,
        "grossProfitRatio": 0.438308887,
        "researchAndDevelopmentExpenses": 0,
        "generalAndAdministrativeExpenses": 0,
        "sellingAndMarketingExpenses": 0,
        "sellingGeneralAndAdministrativeExpenses": 14200000,
        "otherExpenses": 31200000,
        "operatingExpenses": 45400000,
        "costAndExpenses": 110500000,
        "interestIncome": 0,
        "interestExpense": 1900000,
        "depreciationAndAmortization": 300000,
        "ebitda": 5400000,
        "ebitdaratio": 0.0465918896,
        "operatingIncome": 5400000,
        "operatingIncomeRatio": 0.0465918896,
        "totalOtherIncomeExpensesNet": -2300000,
        "incomeBeforeTax": 3100000,
        "incomeBeforeTaxRatio": 0.0267471959,
        "incomeTaxExpense": 1000000,
        "netIncome": 2100000,
        "netIncomeRatio": 0.0181190682,
        "eps": 0.0428,
        "epsdiluted": 0.0428,
        "weightedAverageShsOut": 49048000,
        "weightedAverageShsOutDil": 49048000,
        "link": "",
        "finalLink": ""
    },
    {
        "date": "1991-09-30",
        "symbol": "TG",
        "reportedCurrency": "USD",
        "cik": "0000850429",
        "fillingDate": "1991-09-30",
        "acceptedDate": "1991-09-29 20:00:00",
        "calendarYear": "1991",
        "period": "Q3",
        "revenue": 121800000,
        "costOfRevenue": 99300000,
        "grossProfit": 22500000,
        "grossProfitRatio": 0.184729064,
        "researchAndDevelopmentExpenses": 0,
        "generalAndAdministrativeExpenses": 0,
        "sellingAndMarketingExpenses": 0,
        "sellingGeneralAndAdministrativeExpenses": 15600000,
        "otherExpenses": 0,
        "operatingExpenses": 15600000,
        "costAndExpenses": 114900000,
        "interestIncome": 0,
        "interestExpense": 2100000,
        "depreciationAndAmortization": 700000,
        "ebitda": 6900000,
        "ebitdaratio": 0.0566502463,
        "operatingIncome": 6900000,
        "operatingIncomeRatio": 0.0566502463,
        "totalOtherIncomeExpensesNet": -2900000,
        "incomeBeforeTax": 4000000,
        "incomeBeforeTaxRatio": 0.0328407225,
        "incomeTaxExpense": 1600000,
        "netIncome": 2400000,
        "netIncomeRatio": 0.0197044335,
        "eps": 0.0489,
        "epsdiluted": 0.0489,
        "weightedAverageShsOut": 49048000,
        "weightedAverageShsOutDil": 49048000,
        "link": "",
        "finalLink": ""
    },
    {
        "date": "1991-06-30",
        "symbol": "TG",
        "reportedCurrency": "USD",
        "cik": "0000850429",
        "fillingDate": "1991-06-30",
        "acceptedDate": "1991-06-29 20:00:00",
        "calendarYear": "1991",
        "period": "Q2",
        "revenue": 122300000,
        "costOfRevenue": 102600000,
        "grossProfit": 19700000,
        "grossProfitRatio": 0.1610793132,
        "researchAndDevelopmentExpenses": 0,
        "generalAndAdministrativeExpenses": 0,
        "sellingAndMarketingExpenses": 0,
        "sellingGeneralAndAdministrativeExpenses": 15000000,
        "otherExpenses": 0,
        "operatingExpenses": 15000000,
        "costAndExpenses": 117600000,
        "interestIncome": 0,
        "interestExpense": 2200000,
        "depreciationAndAmortization": -300000,
        "ebitda": 4400000,
        "ebitdaratio": 0.0359771055,
        "operatingIncome": 4700000,
        "operatingIncomeRatio": 0.0384300899,
        "totalOtherIncomeExpensesNet": -1900000,
        "incomeBeforeTax": 2800000,
        "incomeBeforeTaxRatio": 0.0228945217,
        "incomeTaxExpense": 1100000,
        "netIncome": 1700000,
        "netIncomeRatio": 0.0139002453,
        "eps": 0.0347,
        "epsdiluted": 0.0347,
        "weightedAverageShsOut": 49048000,
        "weightedAverageShsOutDil": 49048000,
        "link": "",
        "finalLink": ""
    },
    {
        "date": "1991-03-31",
        "symbol": "TG",
        "reportedCurrency": "USD",
        "cik": "0000850429",
        "fillingDate": "1991-03-31",
        "acceptedDate": "1991-03-30 19:00:00",
        "calendarYear": "1991",
        "period": "Q1",
        "revenue": 114000000,
        "costOfRevenue": 100400000,
        "grossProfit": 13600000,
        "grossProfitRatio": 0.1192982456,
        "researchAndDevelopmentExpenses": 0,
        "generalAndAdministrativeExpenses": 0,
        "sellingAndMarketingExpenses": 0,
        "sellingGeneralAndAdministrativeExpenses": 13100000,
        "otherExpenses": 0,
        "operatingExpenses": 13100000,
        "costAndExpenses": 113500000,
        "interestIncome": 0,
        "interestExpense": 2100000,
        "depreciationAndAmortization": -400000,
        "ebitda": 100000,
        "ebitdaratio": 0.000877193,
        "operatingIncome": 500000,
        "operatingIncomeRatio": 0.0043859649,
        "totalOtherIncomeExpensesNet": -1600000,
        "incomeBeforeTax": -1100000,
        "incomeBeforeTaxRatio": -0.0096491228,
        "incomeTaxExpense": -400000,
        "netIncome": -700000,
        "netIncomeRatio": -0.0061403509,
        "eps": -0.0143,
        "epsdiluted": -0.0143,
        "weightedAverageShsOut": 49048000,
        "weightedAverageShsOutDil": 49048000,
        "link": "",
        "finalLink": ""
    },
    {
        "date": "1990-12-31",
        "symbol": "TG",
        "reportedCurrency": "USD",
        "cik": "0000850429",
        "fillingDate": "1990-12-31",
        "acceptedDate": "1990-12-30 19:00:00",
        "calendarYear": "1990",
        "period": "Q4",
        "revenue": 119300000,
        "costOfRevenue": 101100000,
        "grossProfit": 18200000,
        "grossProfitRatio": 0.1525565801,
        "researchAndDevelopmentExpenses": 0,
        "generalAndAdministrativeExpenses": 0,
        "sellingAndMarketingExpenses": 0,
        "sellingGeneralAndAdministrativeExpenses": 37100000,
        "otherExpenses": 6900000,
        "operatingExpenses": 44000000,
        "costAndExpenses": 145100000,
        "interestIncome": 0,
        "interestExpense": 2000000,
        "depreciationAndAmortization": 6900000,
        "ebitda": -18900000,
        "ebitdaratio": -0.1584241408,
        "operatingIncome": -25800000,
        "operatingIncomeRatio": -0.2162615256,
        "totalOtherIncomeExpensesNet": -1700000,
        "incomeBeforeTax": -27500000,
        "incomeBeforeTaxRatio": -0.230511316,
        "incomeTaxExpense": -9600000,
        "netIncome": -17900000,
        "netIncomeRatio": -0.1500419111,
        "eps": -0.36,
        "epsdiluted": -0.36,
        "weightedAverageShsOut": 49048000,
        "weightedAverageShsOutDil": 49048000,
        "link": "",
        "finalLink": ""
    },
    {
        "date": "1990-09-30",
        "symbol": "TG",
        "reportedCurrency": "USD",
        "cik": "0000850429",
        "fillingDate": "1990-09-30",
        "acceptedDate": "1990-09-29 20:00:00",
        "calendarYear": "1990",
        "period": "Q3",
        "revenue": 131800000,
        "costOfRevenue": 106200000,
        "grossProfit": 25600000,
        "grossProfitRatio": 0.1942336874,
        "researchAndDevelopmentExpenses": 0,
        "generalAndAdministrativeExpenses": 0,
        "sellingAndMarketingExpenses": 0,
        "sellingGeneralAndAdministrativeExpenses": 24600000,
        "otherExpenses": 6900000,
        "operatingExpenses": 31500000,
        "costAndExpenses": 137700000,
        "interestIncome": 0,
        "interestExpense": 1900000,
        "depreciationAndAmortization": 6200000,
        "ebitda": 900000,
        "ebitdaratio": 0.0068285281,
        "operatingIncome": -5900000,
        "operatingIncomeRatio": -0.0447647951,
        "totalOtherIncomeExpensesNet": -1800000,
        "incomeBeforeTax": -7700000,
        "incomeBeforeTaxRatio": -0.0584218513,
        "incomeTaxExpense": -2600000,
        "netIncome": -5100000,
        "netIncomeRatio": -0.0386949924,
        "eps": -0.1,
        "epsdiluted": -0.1,
        "weightedAverageShsOut": 49345000,
        "weightedAverageShsOutDil": 49345000,
        "link": "",
        "finalLink": ""
    },
    {
        "date": "1990-06-30",
        "symbol": "TG",
        "reportedCurrency": "USD",
        "cik": "0000850429",
        "fillingDate": "1990-06-30",
        "acceptedDate": "1990-06-29 20:00:00",
        "calendarYear": "1990",
        "period": "Q2",
        "revenue": 148800000,
        "costOfRevenue": 120700000,
        "grossProfit": 28100000,
        "grossProfitRatio": 0.188844086,
        "researchAndDevelopmentExpenses": 0,
        "generalAndAdministrativeExpenses": 0,
        "sellingAndMarketingExpenses": 0,
        "sellingGeneralAndAdministrativeExpenses": 24500000,
        "otherExpenses": 7500000,
        "operatingExpenses": 32000000,
        "costAndExpenses": 152700000,
        "interestIncome": 0,
        "interestExpense": 2100000,
        "depreciationAndAmortization": 7500000,
        "ebitda": 3600000,
        "ebitdaratio": 0.0241935484,
        "operatingIncome": -3900000,
        "operatingIncomeRatio": -0.0262096774,
        "totalOtherIncomeExpensesNet": -1700000,
        "incomeBeforeTax": -5600000,
        "incomeBeforeTaxRatio": -0.0376344086,
        "incomeTaxExpense": -3200000,
        "netIncome": -2400000,
        "netIncomeRatio": -0.0161290323,
        "eps": -0.0471,
        "epsdiluted": -0.0471,
        "weightedAverageShsOut": 50988000,
        "weightedAverageShsOutDil": 50988000,
        "link": "",
        "finalLink": ""
    },
    {
        "date": "1990-03-31",
        "symbol": "TG",
        "reportedCurrency": "USD",
        "cik": "0000850429",
        "fillingDate": "1990-03-31",
        "acceptedDate": "1990-03-30 19:00:00",
        "calendarYear": "1990",
        "period": "Q1",
        "revenue": 147700000,
        "costOfRevenue": 120700000,
        "grossProfit": 27000000,
        "grossProfitRatio": 0.182802979,
        "researchAndDevelopmentExpenses": 0,
        "generalAndAdministrativeExpenses": 0,
        "sellingAndMarketingExpenses": 0,
        "sellingGeneralAndAdministrativeExpenses": 16100000,
        "otherExpenses": 7900000,
        "operatingExpenses": 24000000,
        "costAndExpenses": 144700000,
        "interestIncome": 0,
        "interestExpense": 2000000,
        "depreciationAndAmortization": 7900000,
        "ebitda": 10900000,
        "ebitdaratio": 0.0737982397,
        "operatingIncome": 3000000,
        "operatingIncomeRatio": 0.0203114421,
        "totalOtherIncomeExpensesNet": -1800000,
        "incomeBeforeTax": 1200000,
        "incomeBeforeTaxRatio": 0.0081245768,
        "incomeTaxExpense": 400000,
        "netIncome": 800000,
        "netIncomeRatio": 0.0054163846,
        "eps": 0.0149,
        "epsdiluted": 0.0149,
        "weightedAverageShsOut": 53514000,
        "weightedAverageShsOutDil": 53514000,
        "link": "",
        "finalLink": ""
    },
    {
        "date": "1989-12-31",
        "symbol": "TG",
        "reportedCurrency": "USD",
        "cik": "0000850429",
        "fillingDate": "1989-12-31",
        "acceptedDate": "1989-12-31 20:00:00",
        "calendarYear": "1989",
        "period": "Q4",
        "revenue": 151500000,
        "costOfRevenue": 0,
        "grossProfit": 151500000,
        "grossProfitRatio": 1,
        "researchAndDevelopmentExpenses": 0,
        "generalAndAdministrativeExpenses": 0,
        "sellingAndMarketingExpenses": 0,
        "sellingGeneralAndAdministrativeExpenses": 0,
        "otherExpenses": -608900000,
        "operatingExpenses": -608900000,
        "costAndExpenses": -608900000,
        "interestIncome": 0,
        "interestExpense": 0,
        "depreciationAndAmortization": 0,
        "ebitda": -457400000,
        "ebitdaratio": -3.0191419142,
        "operatingIncome": -457400000,
        "operatingIncomeRatio": -3.0191419142,
        "totalOtherIncomeExpensesNet": 457400000,
        "incomeBeforeTax": 0,
        "incomeBeforeTaxRatio": 0,
        "incomeTaxExpense": 0,
        "netIncome": 7100000,
        "netIncomeRatio": 0.0468646865,
        "eps": 0.1331845168,
        "epsdiluted": 0.1331845168,
        "weightedAverageShsOut": 53309500,
        "weightedAverageShsOutDil": 53309500,
        "link": "",
        "finalLink": ""
    },
    {
        "date": "1989-09-30",
        "symbol": "TG",
        "reportedCurrency": "USD",
        "cik": "0000850429",
        "fillingDate": "1989-09-30",
        "acceptedDate": "1989-09-30 20:00:00",
        "calendarYear": "1989",
        "period": "Q3",
        "revenue": 163100000,
        "costOfRevenue": 0,
        "grossProfit": 163100000,
        "grossProfitRatio": 1,
        "researchAndDevelopmentExpenses": 0,
        "generalAndAdministrativeExpenses": 0,
        "sellingAndMarketingExpenses": 0,
        "sellingGeneralAndAdministrativeExpenses": 0,
        "otherExpenses": 0,
        "operatingExpenses": 0,
        "costAndExpenses": 0,
        "interestIncome": 0,
        "interestExpense": 0,
        "depreciationAndAmortization": 0,
        "ebitda": 163100000,
        "ebitdaratio": 1,
        "operatingIncome": 163100000,
        "operatingIncomeRatio": 1,
        "totalOtherIncomeExpensesNet": -163100000,
        "incomeBeforeTax": 0,
        "incomeBeforeTaxRatio": 0,
        "incomeTaxExpense": 0,
        "netIncome": 4400000,
        "netIncomeRatio": 0.0269773145,
        "eps": 0.0812242713,
        "epsdiluted": 0.0812242713,
        "weightedAverageShsOut": 54171000,
        "weightedAverageShsOutDil": 54171000,
        "link": "",
        "finalLink": ""
    },
    {
        "date": "1989-06-30",
        "symbol": "TG",
        "reportedCurrency": "USD",
        "cik": "0000850429",
        "fillingDate": "1989-06-30",
        "acceptedDate": "1989-06-30 19:00:00",
        "calendarYear": "1989",
        "period": "Q2",
        "revenue": 164700000,
        "costOfRevenue": 0,
        "grossProfit": 164700000,
        "grossProfitRatio": 1,
        "researchAndDevelopmentExpenses": 0,
        "generalAndAdministrativeExpenses": 0,
        "sellingAndMarketingExpenses": 0,
        "sellingGeneralAndAdministrativeExpenses": 0,
        "otherExpenses": 0,
        "operatingExpenses": 0,
        "costAndExpenses": 0,
        "interestIncome": 0,
        "interestExpense": 0,
        "depreciationAndAmortization": 0,
        "ebitda": 164700000,
        "ebitdaratio": 1,
        "operatingIncome": 164700000,
        "operatingIncomeRatio": 1,
        "totalOtherIncomeExpensesNet": -164700000,
        "incomeBeforeTax": 0,
        "incomeBeforeTaxRatio": 0,
        "incomeTaxExpense": 0,
        "netIncome": 3600000,
        "netIncomeRatio": 0.0218579235,
        "eps": 0.0660829341,
        "epsdiluted": 0.0660829341,
        "weightedAverageShsOut": 54477000,
        "weightedAverageShsOutDil": 54477000,
        "link": "",
        "finalLink": ""
    },
    {
        "date": "1989-03-31",
        "symbol": "TG",
        "reportedCurrency": "USD",
        "cik": "0000850429",
        "fillingDate": "1989-03-31",
        "acceptedDate": "1989-03-30 19:00:00",
        "calendarYear": "1989",
        "period": "Q1",
        "revenue": 158600000,
        "costOfRevenue": 0,
        "grossProfit": 158600000,
        "grossProfitRatio": 1,
        "researchAndDevelopmentExpenses": 0,
        "generalAndAdministrativeExpenses": 0,
        "sellingAndMarketingExpenses": 0,
        "sellingGeneralAndAdministrativeExpenses": 0,
        "otherExpenses": 0,
        "operatingExpenses": 0,
        "costAndExpenses": 0,
        "interestIncome": 0,
        "interestExpense": 0,
        "depreciationAndAmortization": 0,
        "ebitda": 158600000,
        "ebitdaratio": 1,
        "operatingIncome": 158600000,
        "operatingIncomeRatio": 1,
        "totalOtherIncomeExpensesNet": -158600000,
        "incomeBeforeTax": 0,
        "incomeBeforeTaxRatio": 0,
        "incomeTaxExpense": 0,
        "netIncome": 2200000,
        "netIncomeRatio": 0.0138713745,
        "eps": 0.0403840153,
        "epsdiluted": 0.0403840153,
        "weightedAverageShsOut": 54477000,
        "weightedAverageShsOutDil": 54477000,
        "link": "",
        "finalLink": ""
    },
    {
        "date": "1988-12-31",
        "symbol": "TG",
        "reportedCurrency": "USD",
        "cik": "0000850429",
        "fillingDate": "1988-12-31",
        "acceptedDate": "1988-12-30 19:00:00",
        "calendarYear": "1988",
        "period": "Q4",
        "revenue": 156300000,
        "costOfRevenue": 0,
        "grossProfit": 156300000,
        "grossProfitRatio": 1,
        "researchAndDevelopmentExpenses": 0,
        "generalAndAdministrativeExpenses": 0,
        "sellingAndMarketingExpenses": 0,
        "sellingGeneralAndAdministrativeExpenses": 0,
        "otherExpenses": -580400000,
        "operatingExpenses": -580400000,
        "costAndExpenses": -580400000,
        "interestIncome": 0,
        "interestExpense": 0,
        "depreciationAndAmortization": 0,
        "ebitda": -424100000,
        "ebitdaratio": -2.713371721,
        "operatingIncome": -424100000,
        "operatingIncomeRatio": -2.713371721,
        "totalOtherIncomeExpensesNet": 424100000,
        "incomeBeforeTax": 0,
        "incomeBeforeTaxRatio": 0,
        "incomeTaxExpense": 0,
        "netIncome": 9200000,
        "netIncomeRatio": 0.0588611644,
        "eps": 0.1688786093,
        "epsdiluted": 0.1688786093,
        "weightedAverageShsOut": 54477000,
        "weightedAverageShsOutDil": 54477000,
        "link": "",
        "finalLink": ""
    },
    {
        "date": "1988-09-30",
        "symbol": "TG",
        "reportedCurrency": "USD",
        "cik": "0000850429",
        "fillingDate": "1988-09-30",
        "acceptedDate": "1988-09-29 20:00:00",
        "calendarYear": "1988",
        "period": "Q3",
        "revenue": 156100000,
        "costOfRevenue": 0,
        "grossProfit": 156100000,
        "grossProfitRatio": 1,
        "researchAndDevelopmentExpenses": 0,
        "generalAndAdministrativeExpenses": 0,
        "sellingAndMarketingExpenses": 0,
        "sellingGeneralAndAdministrativeExpenses": 0,
        "otherExpenses": 0,
        "operatingExpenses": 0,
        "costAndExpenses": 0,
        "interestIncome": 0,
        "interestExpense": 0,
        "depreciationAndAmortization": 0,
        "ebitda": 156100000,
        "ebitdaratio": 1,
        "operatingIncome": 156100000,
        "operatingIncomeRatio": 1,
        "totalOtherIncomeExpensesNet": -156100000,
        "incomeBeforeTax": 0,
        "incomeBeforeTaxRatio": 0,
        "incomeTaxExpense": 0,
        "netIncome": 9200000,
        "netIncomeRatio": 0.0589365791,
        "eps": 0.1688786093,
        "epsdiluted": 0.1688786093,
        "weightedAverageShsOut": 54477000,
        "weightedAverageShsOutDil": 54477000,
        "link": "",
        "finalLink": ""
    },
    {
        "date": "1988-06-30",
        "symbol": "TG",
        "reportedCurrency": "USD",
        "cik": "0000850429",
        "fillingDate": "1988-06-30",
        "acceptedDate": "1988-06-29 20:00:00",
        "calendarYear": "1988",
        "period": "Q2",
        "revenue": 156100000,
        "costOfRevenue": 0,
        "grossProfit": 156100000,
        "grossProfitRatio": 1,
        "researchAndDevelopmentExpenses": 0,
        "generalAndAdministrativeExpenses": 0,
        "sellingAndMarketingExpenses": 0,
        "sellingGeneralAndAdministrativeExpenses": 0,
        "otherExpenses": 0,
        "operatingExpenses": 0,
        "costAndExpenses": 0,
        "interestIncome": 0,
        "interestExpense": 0,
        "depreciationAndAmortization": 0,
        "ebitda": 156100000,
        "ebitdaratio": 1,
        "operatingIncome": 156100000,
        "operatingIncomeRatio": 1,
        "totalOtherIncomeExpensesNet": -156100000,
        "incomeBeforeTax": 0,
        "incomeBeforeTaxRatio": 0,
        "incomeTaxExpense": 0,
        "netIncome": 9200000,
        "netIncomeRatio": 0.0589365791,
        "eps": 0.1688786093,
        "epsdiluted": 0.1688786093,
        "weightedAverageShsOut": 54477000,
        "weightedAverageShsOutDil": 54477000,
        "link": "",
        "finalLink": ""
    },
    {
        "date": "1988-03-31",
        "symbol": "TG",
        "reportedCurrency": "USD",
        "cik": "0000850429",
        "fillingDate": "1988-03-31",
        "acceptedDate": "1988-03-30 19:00:00",
        "calendarYear": "1988",
        "period": "Q1",
        "revenue": 156100000,
        "costOfRevenue": 0,
        "grossProfit": 156100000,
        "grossProfitRatio": 1,
        "researchAndDevelopmentExpenses": 0,
        "generalAndAdministrativeExpenses": 0,
        "sellingAndMarketingExpenses": 0,
        "sellingGeneralAndAdministrativeExpenses": 0,
        "otherExpenses": 0,
        "operatingExpenses": 0,
        "costAndExpenses": 0,
        "interestIncome": 0,
        "interestExpense": 0,
        "depreciationAndAmortization": 0,
        "ebitda": 156100000,
        "ebitdaratio": 1,
        "operatingIncome": 156100000,
        "operatingIncomeRatio": 1,
        "totalOtherIncomeExpensesNet": -156100000,
        "incomeBeforeTax": 0,
        "incomeBeforeTaxRatio": 0,
        "incomeTaxExpense": 0,
        "netIncome": 9100000,
        "netIncomeRatio": 0.0582959641,
        "eps": 0.1670429723,
        "epsdiluted": 0.1670429723,
        "weightedAverageShsOut": 54477000,
        "weightedAverageShsOutDil": 54477000,
        "link": "",
        "finalLink": ""
    },
    {
        "date": "1987-09-30",
        "symbol": "TG",
        "reportedCurrency": "USD",
        "cik": "0000850429",
        "fillingDate": "1987-09-30",
        "acceptedDate": "1987-09-29 20:00:00",
        "calendarYear": "1987",
        "period": "Q3",
        "revenue": 156100000,
        "costOfRevenue": 0,
        "grossProfit": 156100000,
        "grossProfitRatio": 1,
        "researchAndDevelopmentExpenses": 0,
        "generalAndAdministrativeExpenses": 0,
        "sellingAndMarketingExpenses": 0,
        "sellingGeneralAndAdministrativeExpenses": 0,
        "otherExpenses": 0,
        "operatingExpenses": 0,
        "costAndExpenses": 0,
        "interestIncome": 0,
        "interestExpense": 0,
        "depreciationAndAmortization": 0,
        "ebitda": 156100000,
        "ebitdaratio": 1,
        "operatingIncome": 156100000,
        "operatingIncomeRatio": 1,
        "totalOtherIncomeExpensesNet": -156100000,
        "incomeBeforeTax": 0,
        "incomeBeforeTaxRatio": 0,
        "incomeTaxExpense": 0,
        "netIncome": 9200000,
        "netIncomeRatio": 0.0589365791,
        "eps": 0.1688786093,
        "epsdiluted": 0.1688786093,
        "weightedAverageShsOut": 54477000,
        "weightedAverageShsOutDil": 54477000,
        "link": "",
        "finalLink": ""
    },
    {
        "date": "1987-06-30",
        "symbol": "TG",
        "reportedCurrency": "USD",
        "cik": "0000850429",
        "fillingDate": "1987-06-30",
        "acceptedDate": "1987-06-29 20:00:00",
        "calendarYear": "1987",
        "period": "Q2",
        "revenue": 156100000,
        "costOfRevenue": 0,
        "grossProfit": 156100000,
        "grossProfitRatio": 1,
        "researchAndDevelopmentExpenses": 0,
        "generalAndAdministrativeExpenses": 0,
        "sellingAndMarketingExpenses": 0,
        "sellingGeneralAndAdministrativeExpenses": 0,
        "otherExpenses": 0,
        "operatingExpenses": 0,
        "costAndExpenses": 0,
        "interestIncome": 0,
        "interestExpense": 0,
        "depreciationAndAmortization": 0,
        "ebitda": 156100000,
        "ebitdaratio": 1,
        "operatingIncome": 156100000,
        "operatingIncomeRatio": 1,
        "totalOtherIncomeExpensesNet": -156100000,
        "incomeBeforeTax": 0,
        "incomeBeforeTaxRatio": 0,
        "incomeTaxExpense": 0,
        "netIncome": 9200000,
        "netIncomeRatio": 0.0589365791,
        "eps": 0.1688786093,
        "epsdiluted": 0.1688786093,
        "weightedAverageShsOut": 54477000,
        "weightedAverageShsOutDil": 54477000,
        "link": "",
        "finalLink": ""
    },
    {
        "date": "1987-03-31",
        "symbol": "TG",
        "reportedCurrency": "USD",
        "cik": "0000850429",
        "fillingDate": "1987-03-31",
        "acceptedDate": "1987-03-30 19:00:00",
        "calendarYear": "1987",
        "period": "Q1",
        "revenue": 156100000,
        "costOfRevenue": 0,
        "grossProfit": 156100000,
        "grossProfitRatio": 1,
        "researchAndDevelopmentExpenses": 0,
        "generalAndAdministrativeExpenses": 0,
        "sellingAndMarketingExpenses": 0,
        "sellingGeneralAndAdministrativeExpenses": 0,
        "otherExpenses": 0,
        "operatingExpenses": 0,
        "costAndExpenses": 0,
        "interestIncome": 0,
        "interestExpense": 0,
        "depreciationAndAmortization": 0,
        "ebitda": 156100000,
        "ebitdaratio": 1,
        "operatingIncome": 156100000,
        "operatingIncomeRatio": 1,
        "totalOtherIncomeExpensesNet": -156100000,
        "incomeBeforeTax": 0,
        "incomeBeforeTaxRatio": 0,
        "incomeTaxExpense": 0,
        "netIncome": 9100000,
        "netIncomeRatio": 0.0582959641,
        "eps": 0.1670429723,
        "epsdiluted": 0.1670429723,
        "weightedAverageShsOut": 54477000,
        "weightedAverageShsOutDil": 54477000,
        "link": "",
        "finalLink": ""
    }
]