[
    {
        "date": "2025-06-30",
        "symbol": "TGNA",
        "reportedCurrency": "USD",
        "cik": "0000039899",
        "fillingDate": "2025-08-07",
        "acceptedDate": "2025-08-07 16:16:46",
        "calendarYear": "2025",
        "period": "Q2",
        "revenue": 675045000,
        "costOfRevenue": 422896000,
        "grossProfit": 252149000,
        "grossProfitRatio": 0.3735291721,
        "researchAndDevelopmentExpenses": 0,
        "generalAndAdministrativeExpenses": 105107000,
        "sellingAndMarketingExpenses": 0,
        "sellingGeneralAndAdministrativeExpenses": 105107000,
        "otherExpenses": -10109000,
        "operatingExpenses": 94998000,
        "costAndExpenses": 549856000,
        "interestIncome": 8168000,
        "interestExpense": 41789000,
        "depreciationAndAmortization": 24628000,
        "ebitda": 154583000,
        "ebitdaratio": 0.2289965854,
        "operatingIncome": 122414000,
        "operatingIncomeRatio": 0.1813419846,
        "totalOtherIncomeExpensesNet": -34248000,
        "incomeBeforeTax": 88166000,
        "incomeBeforeTaxRatio": 0.1306075891,
        "incomeTaxExpense": 20264000,
        "netIncome": 67765000,
        "netIncomeRatio": 0.1003859002,
        "eps": 0.42,
        "epsdiluted": 0.42,
        "weightedAverageShsOut": 161162000,
        "weightedAverageShsOutDil": 162294000,
        "link": "https://www.sec.gov/Archives/edgar/data/39899/000095017025105047/0000950170-25-105047-index.htm",
        "finalLink": "https://www.sec.gov/Archives/edgar/data/39899/000095017025105047/tgna-20250630.htm"
    },
    {
        "date": "2025-03-31",
        "symbol": "TGNA",
        "reportedCurrency": "USD",
        "cik": "0000039899",
        "fillingDate": "2025-05-08",
        "acceptedDate": "2025-05-08 16:17:33",
        "calendarYear": "2025",
        "period": "Q1",
        "revenue": 680049000,
        "costOfRevenue": 440991000,
        "grossProfit": 239058000,
        "grossProfitRatio": 0.3515305515,
        "researchAndDevelopmentExpenses": 0,
        "generalAndAdministrativeExpenses": 105703000,
        "sellingAndMarketingExpenses": 0,
        "sellingGeneralAndAdministrativeExpenses": 105703000,
        "otherExpenses": 24332000,
        "operatingExpenses": 130035000,
        "costAndExpenses": 571026000,
        "interestIncome": 8073000,
        "interestExpense": 41811000,
        "depreciationAndAmortization": 24332000,
        "ebitda": 139611000,
        "ebitdaratio": 0.2052955008,
        "operatingIncome": 109023000,
        "operatingIncomeRatio": 0.160316389,
        "totalOtherIncomeExpensesNet": -35555000,
        "incomeBeforeTax": 73468000,
        "incomeBeforeTaxRatio": 0.1080333917,
        "incomeTaxExpense": 15161000,
        "netIncome": 57916000,
        "netIncomeRatio": 0.0851644514,
        "eps": 0.36,
        "epsdiluted": 0.36,
        "weightedAverageShsOut": 160849000,
        "weightedAverageShsOutDil": 161917000,
        "link": "https://www.sec.gov/Archives/edgar/data/39899/000095017025067019/0000950170-25-067019-index.htm",
        "finalLink": "https://www.sec.gov/Archives/edgar/data/39899/000095017025067019/tgna-20250331.htm"
    },
    {
        "date": "2024-12-31",
        "symbol": "TGNA",
        "reportedCurrency": "USD",
        "cik": "0000039899",
        "fillingDate": "2025-02-27",
        "acceptedDate": "2025-02-27 16:18:26",
        "calendarYear": "2024",
        "period": "Q4",
        "revenue": 870529000,
        "costOfRevenue": 455649000,
        "grossProfit": 414880000,
        "grossProfitRatio": 0.4765837784,
        "researchAndDevelopmentExpenses": 0,
        "generalAndAdministrativeExpenses": 111689000,
        "sellingAndMarketingExpenses": 0,
        "sellingGeneralAndAdministrativeExpenses": 111689000,
        "otherExpenses": 27719000,
        "operatingExpenses": 139408000,
        "costAndExpenses": 595057000,
        "interestIncome": 8522000,
        "interestExpense": 42834000,
        "depreciationAndAmortization": 27719000,
        "ebitda": 297850000,
        "ebitdaratio": 0.34214828,
        "operatingIncome": 275472000,
        "operatingIncomeRatio": 0.3164420714,
        "totalOtherIncomeExpensesNet": -48175000,
        "incomeBeforeTax": 227297000,
        "incomeBeforeTaxRatio": 0.2611021574,
        "incomeTaxExpense": 46733000,
        "netIncome": 180666000,
        "netIncomeRatio": 0.2075358776,
        "eps": 1.12,
        "epsdiluted": 1.11,
        "weightedAverageShsOut": 161327000,
        "weightedAverageShsOutDil": 162709000,
        "link": "https://www.sec.gov/Archives/edgar/data/39899/000095017025029076/0000950170-25-029076-index.htm",
        "finalLink": "https://www.sec.gov/Archives/edgar/data/39899/000095017025029076/tgna-20241231.htm"
    },
    {
        "date": "2024-09-30",
        "symbol": "TGNA",
        "reportedCurrency": "USD",
        "cik": "0000039899",
        "fillingDate": "2024-11-07",
        "acceptedDate": "2024-11-07 16:04:17",
        "calendarYear": "2024",
        "period": "Q3",
        "revenue": 806827000,
        "costOfRevenue": 437855000,
        "grossProfit": 368972000,
        "grossProfitRatio": 0.4573124102,
        "researchAndDevelopmentExpenses": 0,
        "generalAndAdministrativeExpenses": 110070000,
        "sellingAndMarketingExpenses": 98549000,
        "sellingGeneralAndAdministrativeExpenses": 110070000,
        "otherExpenses": 29010000,
        "operatingExpenses": 139080000,
        "costAndExpenses": 576935000,
        "interestIncome": 7023000,
        "interestExpense": 42288000,
        "depreciationAndAmortization": 29010000,
        "ebitda": 263229000,
        "ebitdaratio": 0.3262520962,
        "operatingIncome": 229892000,
        "operatingIncomeRatio": 0.2849334492,
        "totalOtherIncomeExpensesNet": -37961000,
        "incomeBeforeTax": 191931000,
        "incomeBeforeTaxRatio": 0.2378837099,
        "incomeTaxExpense": 44743000,
        "netIncome": 146807000,
        "netIncomeRatio": 0.1819559831,
        "eps": 0.89,
        "epsdiluted": 0.89,
        "weightedAverageShsOut": 165188000,
        "weightedAverageShsOutDil": 165748000,
        "link": "https://www.sec.gov/Archives/edgar/data/39899/000095017024123259/0000950170-24-123259-index.htm",
        "finalLink": "https://www.sec.gov/Archives/edgar/data/39899/000095017024123259/tgna-20240930.htm"
    },
    {
        "date": "2024-06-30",
        "symbol": "TGNA",
        "reportedCurrency": "USD",
        "cik": "0000039899",
        "fillingDate": "2024-08-07",
        "acceptedDate": "2024-08-07 16:25:44",
        "calendarYear": "2024",
        "period": "Q2",
        "revenue": 710363000,
        "costOfRevenue": 460880000,
        "grossProfit": 249483000,
        "grossProfitRatio": 0.3512049473,
        "researchAndDevelopmentExpenses": 0,
        "generalAndAdministrativeExpenses": 10968000,
        "sellingAndMarketingExpenses": 96597000,
        "sellingGeneralAndAdministrativeExpenses": 107565000,
        "otherExpenses": 58000,
        "operatingExpenses": 107623000,
        "costAndExpenses": 568503000,
        "interestIncome": 5873000,
        "interestExpense": 41748000,
        "depreciationAndAmortization": 28836000,
        "ebitda": 170754000,
        "ebitdaratio": 0.2403756952,
        "operatingIncome": 141860000,
        "operatingIncomeRatio": 0.1997007164,
        "totalOtherIncomeExpensesNet": -38624000,
        "incomeBeforeTax": 103236000,
        "incomeBeforeTaxRatio": 0.1453285151,
        "incomeTaxExpense": 21207000,
        "netIncome": 82144000,
        "netIncomeRatio": 0.1156366534,
        "eps": 0.48,
        "epsdiluted": 0.48,
        "weightedAverageShsOut": 169512000,
        "weightedAverageShsOutDil": 169880000,
        "link": "https://www.sec.gov/Archives/edgar/data/39899/000095017024092846/0000950170-24-092846-index.htm",
        "finalLink": "https://www.sec.gov/Archives/edgar/data/39899/000095017024092846/tgna-20240630.htm"
    },
    {
        "date": "2024-03-31",
        "symbol": "TGNA",
        "reportedCurrency": "USD",
        "cik": "0000039899",
        "fillingDate": "2024-05-08",
        "acceptedDate": "2024-05-08 16:09:06",
        "calendarYear": "2024",
        "period": "Q1",
        "revenue": 714252000,
        "costOfRevenue": 430567000,
        "grossProfit": 283685000,
        "grossProfitRatio": 0.3971777468,
        "researchAndDevelopmentExpenses": 0,
        "generalAndAdministrativeExpenses": 11424000,
        "sellingAndMarketingExpenses": 103935000,
        "sellingGeneralAndAdministrativeExpenses": 115359000,
        "otherExpenses": 30766000,
        "operatingExpenses": 146125000,
        "costAndExpenses": 575595000,
        "interestIncome": 5573000,
        "interestExpense": 42368000,
        "depreciationAndAmortization": 27970000,
        "ebitda": 168326000,
        "ebitdaratio": 0.2356675235,
        "operatingIncome": 137560000,
        "operatingIncomeRatio": 0.1925930904,
        "totalOtherIncomeExpensesNet": 112963000,
        "incomeBeforeTax": 250523000,
        "incomeBeforeTaxRatio": 0.3507487553,
        "incomeTaxExpense": 61261000,
        "netIncome": 188900000,
        "netIncomeRatio": 0.2644724831,
        "eps": 1.06,
        "epsdiluted": 1.06,
        "weightedAverageShsOut": 177823000,
        "weightedAverageShsOutDil": 178437000,
        "link": "https://www.sec.gov/Archives/edgar/data/39899/000095017024055643/0000950170-24-055643-index.htm",
        "finalLink": "https://www.sec.gov/Archives/edgar/data/39899/000095017024055643/tgna-20240331.htm"
    },
    {
        "date": "2023-12-31",
        "symbol": "TGNA",
        "reportedCurrency": "USD",
        "cik": "0000039899",
        "fillingDate": "2024-02-29",
        "acceptedDate": "2024-02-29 17:03:35",
        "calendarYear": "2023",
        "period": "Q4",
        "revenue": 725854000,
        "costOfRevenue": 450131000,
        "grossProfit": 275723000,
        "grossProfitRatio": 0.3798601372,
        "researchAndDevelopmentExpenses": 0,
        "generalAndAdministrativeExpenses": 131041000,
        "sellingAndMarketingExpenses": -1264000,
        "sellingGeneralAndAdministrativeExpenses": 129777000,
        "otherExpenses": 0,
        "operatingExpenses": 129777000,
        "costAndExpenses": 579908000,
        "interestIncome": 5794000,
        "interestExpense": 43783000,
        "depreciationAndAmortization": 27942000,
        "ebitda": 177495000,
        "ebitdaratio": 0.2445326471,
        "operatingIncome": 143734000,
        "operatingIncomeRatio": 0.1980205386,
        "totalOtherIncomeExpensesNet": -41366000,
        "incomeBeforeTax": 102368000,
        "incomeBeforeTaxRatio": 0.1410311165,
        "incomeTaxExpense": 26372000,
        "netIncome": 76133000,
        "netIncomeRatio": 0.1048874843,
        "eps": 0.41,
        "epsdiluted": 0.4,
        "weightedAverageShsOut": 187705000,
        "weightedAverageShsOutDil": 188234000,
        "link": "https://www.sec.gov/Archives/edgar/data/39899/000003989924000006/0000039899-24-000006-index.htm",
        "finalLink": "https://www.sec.gov/Archives/edgar/data/39899/000003989924000006/tgna-20231231.htm"
    },
    {
        "date": "2023-09-30",
        "symbol": "TGNA",
        "reportedCurrency": "USD",
        "cik": "0000039899",
        "fillingDate": "2023-11-07",
        "acceptedDate": "2023-11-07 16:11:07",
        "calendarYear": "2023",
        "period": "Q3",
        "revenue": 713243000,
        "costOfRevenue": 438260000,
        "grossProfit": 274983000,
        "grossProfitRatio": 0.3855390098,
        "researchAndDevelopmentExpenses": 0,
        "generalAndAdministrativeExpenses": 12559000,
        "sellingAndMarketingExpenses": 100680000,
        "sellingGeneralAndAdministrativeExpenses": 111946000,
        "otherExpenses": 28380000,
        "operatingExpenses": 140326000,
        "costAndExpenses": 578586000,
        "interestIncome": 7389000,
        "interestExpense": 43418000,
        "depreciationAndAmortization": 28380000,
        "ebitda": 195853000,
        "ebitdaratio": 0.2745950539,
        "operatingIncome": 134657000,
        "operatingIncomeRatio": 0.1887954035,
        "totalOtherIncomeExpensesNet": -10602000,
        "incomeBeforeTax": 124055000,
        "incomeBeforeTaxRatio": 0.1739309043,
        "incomeTaxExpense": 27801000,
        "netIncome": 95901000,
        "netIncomeRatio": 0.1344576813,
        "eps": 0.48,
        "epsdiluted": 0.48,
        "weightedAverageShsOut": 200779000,
        "weightedAverageShsOutDil": 201218000,
        "link": "https://www.sec.gov/Archives/edgar/data/39899/000003989923000044/0000039899-23-000044-index.htm",
        "finalLink": "https://www.sec.gov/Archives/edgar/data/39899/000003989923000044/tgna-20230930.htm"
    },
    {
        "date": "2023-06-30",
        "symbol": "TGNA",
        "reportedCurrency": "USD",
        "cik": "0000039899",
        "fillingDate": "2023-08-03",
        "acceptedDate": "2023-08-03 16:08:27",
        "calendarYear": "2023",
        "period": "Q2",
        "revenue": 731506000,
        "costOfRevenue": 430528000,
        "grossProfit": 300978000,
        "grossProfitRatio": 0.4114498036,
        "researchAndDevelopmentExpenses": 0,
        "generalAndAdministrativeExpenses": 123737000,
        "sellingAndMarketingExpenses": 0,
        "sellingGeneralAndAdministrativeExpenses": 123737000,
        "otherExpenses": 5781000,
        "operatingExpenses": 152020000,
        "costAndExpenses": 582548000,
        "interestIncome": 8536000,
        "interestExpense": 42797000,
        "depreciationAndAmortization": 28283000,
        "ebitda": 192125000,
        "ebitdaratio": 0.2626430952,
        "operatingIncome": 281599000,
        "operatingIncomeRatio": 0.3849578814,
        "totalOtherIncomeExpensesNet": -37299000,
        "incomeBeforeTax": 244300000,
        "incomeBeforeTaxRatio": 0.3339685525,
        "incomeTaxExpense": 44207000,
        "netIncome": 199741000,
        "netIncomeRatio": 0.2730544931,
        "eps": 0.92,
        "epsdiluted": 0.92,
        "weightedAverageShsOut": 217830000,
        "weightedAverageShsOutDil": 217979000,
        "link": "https://www.sec.gov/Archives/edgar/data/39899/000003989923000037/0000039899-23-000037-index.htm",
        "finalLink": "https://www.sec.gov/Archives/edgar/data/39899/000003989923000037/tgna-20230630.htm"
    },
    {
        "date": "2023-03-31",
        "symbol": "TGNA",
        "reportedCurrency": "USD",
        "cik": "0000039899",
        "fillingDate": "2023-05-10",
        "acceptedDate": "2023-05-10 16:05:56",
        "calendarYear": "2023",
        "period": "Q1",
        "revenue": 740327000,
        "costOfRevenue": 426932000,
        "grossProfit": 313395000,
        "grossProfitRatio": 0.4233196952,
        "researchAndDevelopmentExpenses": 0,
        "generalAndAdministrativeExpenses": 111209000,
        "sellingAndMarketingExpenses": 0,
        "sellingGeneralAndAdministrativeExpenses": 111209000,
        "otherExpenses": 28631000,
        "operatingExpenses": 139840000,
        "costAndExpenses": 566772000,
        "interestIncome": 7573000,
        "interestExpense": 42906000,
        "depreciationAndAmortization": 28631000,
        "ebitda": 207360000,
        "ebitdaratio": 0.2800924456,
        "operatingIncome": 173555000,
        "operatingIncomeRatio": 0.234430191,
        "totalOtherIncomeExpensesNet": -37732000,
        "incomeBeforeTax": 135823000,
        "incomeBeforeTaxRatio": 0.1834635236,
        "incomeTaxExpense": 31819000,
        "netIncome": 103668000,
        "netIncomeRatio": 0.1400300138,
        "eps": 0.46,
        "epsdiluted": 0.46,
        "weightedAverageShsOut": 224544000,
        "weightedAverageShsOutDil": 224839000,
        "link": "https://www.sec.gov/Archives/edgar/data/39899/000003989923000018/0000039899-23-000018-index.htm",
        "finalLink": "https://www.sec.gov/Archives/edgar/data/39899/000003989923000018/tgna-20230331.htm"
    },
    {
        "date": "2022-12-31",
        "symbol": "TGNA",
        "reportedCurrency": "USD",
        "cik": "0000039899",
        "fillingDate": "2023-05-01",
        "acceptedDate": "2023-05-01 17:10:31",
        "calendarYear": "2022",
        "period": "Q4",
        "revenue": 917130000,
        "costOfRevenue": 432645000,
        "grossProfit": 484485000,
        "grossProfitRatio": 0.5282620784,
        "researchAndDevelopmentExpenses": 0,
        "generalAndAdministrativeExpenses": 126203000,
        "sellingAndMarketingExpenses": 0,
        "sellingGeneralAndAdministrativeExpenses": 126203000,
        "otherExpenses": 30067000,
        "operatingExpenses": 156270000,
        "costAndExpenses": 588915000,
        "interestIncome": 0,
        "interestExpense": 44046000,
        "depreciationAndAmortization": 30067000,
        "ebitda": 359626000,
        "ebitdaratio": 0.3921210733,
        "operatingIncome": 328216000,
        "operatingIncomeRatio": 0.3578729297,
        "totalOtherIncomeExpensesNet": -39627000,
        "incomeBeforeTax": 288589000,
        "incomeBeforeTaxRatio": 0.3146653146,
        "incomeTaxExpense": 69775000,
        "netIncome": 218488000,
        "netIncomeRatio": 0.238230131,
        "eps": 0.97,
        "epsdiluted": 0.97,
        "weightedAverageShsOut": 224233000,
        "weightedAverageShsOutDil": 225275000,
        "link": "https://www.sec.gov/Archives/edgar/data/39899/000003989923000012/0000039899-23-000012-index.htm",
        "finalLink": "https://www.sec.gov/Archives/edgar/data/39899/000003989923000012/tgna-20221231.htm"
    },
    {
        "date": "2022-09-30",
        "symbol": "TGNA",
        "reportedCurrency": "USD",
        "cik": "0000039899",
        "fillingDate": "2022-11-09",
        "acceptedDate": "2022-11-09 16:14:30",
        "calendarYear": "2022",
        "period": "Q3",
        "revenue": 803111000,
        "costOfRevenue": 428891000,
        "grossProfit": 374220000,
        "grossProfitRatio": 0.4659629864,
        "researchAndDevelopmentExpenses": 0,
        "generalAndAdministrativeExpenses": 111949000,
        "sellingAndMarketingExpenses": 0,
        "sellingGeneralAndAdministrativeExpenses": 111949000,
        "otherExpenses": 30172000,
        "operatingExpenses": 142121000,
        "costAndExpenses": 571012000,
        "interestIncome": 0,
        "interestExpense": 43406000,
        "depreciationAndAmortization": 30172000,
        "ebitda": 265547000,
        "ebitdaratio": 0.3306479428,
        "operatingIncome": 232258000,
        "operatingIncomeRatio": 0.2891978817,
        "totalOtherIncomeExpensesNet": -42274000,
        "incomeBeforeTax": 189984000,
        "incomeBeforeTaxRatio": 0.236560077,
        "incomeTaxExpense": 43827000,
        "netIncome": 145830000,
        "netIncomeRatio": 0.1815813754,
        "eps": 0.65,
        "epsdiluted": 0.65,
        "weightedAverageShsOut": 223968000,
        "weightedAverageShsOutDil": 224921000,
        "link": "https://www.sec.gov/Archives/edgar/data/39899/000003989922000031/0000039899-22-000031-index.htm",
        "finalLink": "https://www.sec.gov/Archives/edgar/data/39899/000003989922000031/tgna-20220930.htm"
    },
    {
        "date": "2022-06-30",
        "symbol": "TGNA",
        "reportedCurrency": "USD",
        "cik": "0000039899",
        "fillingDate": "2022-08-08",
        "acceptedDate": "2022-08-08 16:04:04",
        "calendarYear": "2022",
        "period": "Q2",
        "revenue": 784881000,
        "costOfRevenue": 420235000,
        "grossProfit": 364646000,
        "grossProfitRatio": 0.4645876254,
        "researchAndDevelopmentExpenses": 0,
        "generalAndAdministrativeExpenses": 113197000,
        "sellingAndMarketingExpenses": 0,
        "sellingGeneralAndAdministrativeExpenses": 113197000,
        "otherExpenses": -1865000,
        "operatingExpenses": 143730000,
        "costAndExpenses": 563965000,
        "interestIncome": 0,
        "interestExpense": 42950000,
        "depreciationAndAmortization": 30533000,
        "ebitda": 255186000,
        "ebitdaratio": 0.3251269938,
        "operatingIncome": 221021000,
        "operatingIncomeRatio": 0.2815981021,
        "totalOtherIncomeExpensesNet": -45051000,
        "incomeBeforeTax": 175970000,
        "incomeBeforeTaxRatio": 0.224199592,
        "incomeTaxExpense": 44030000,
        "netIncome": 131605000,
        "netIncomeRatio": 0.1676750998,
        "eps": 0.59,
        "epsdiluted": 0.59,
        "weightedAverageShsOut": 223675000,
        "weightedAverageShsOutDil": 224489000,
        "link": "https://www.sec.gov/Archives/edgar/data/39899/000003989922000024/0000039899-22-000024-index.htm",
        "finalLink": "https://www.sec.gov/Archives/edgar/data/39899/000003989922000024/tgna-20220630.htm"
    },
    {
        "date": "2022-03-31",
        "symbol": "TGNA",
        "reportedCurrency": "USD",
        "cik": "0000039899",
        "fillingDate": "2022-05-09",
        "acceptedDate": "2022-05-09 16:20:33",
        "calendarYear": "2022",
        "period": "Q1",
        "revenue": 774123000,
        "costOfRevenue": 411450000,
        "grossProfit": 362673000,
        "grossProfitRatio": 0.4684953166,
        "researchAndDevelopmentExpenses": 0,
        "generalAndAdministrativeExpenses": 123289000,
        "sellingAndMarketingExpenses": 0,
        "sellingGeneralAndAdministrativeExpenses": 123289000,
        "otherExpenses": 30305000,
        "operatingExpenses": 153594000,
        "costAndExpenses": 565044000,
        "interestIncome": 0,
        "interestExpense": 43620000,
        "depreciationAndAmortization": 30305000,
        "ebitda": 249243000,
        "ebitdaratio": 0.3219682144,
        "operatingIncome": 209137000,
        "operatingIncomeRatio": 0.27015991,
        "totalOtherIncomeExpensesNet": -30112000,
        "incomeBeforeTax": 179025000,
        "incomeBeforeTaxRatio": 0.2312616987,
        "incomeTaxExpense": 44738000,
        "netIncome": 134234000,
        "netIncomeRatio": 0.1734013845,
        "eps": 0.6,
        "epsdiluted": 0.6,
        "weightedAverageShsOut": 222712000,
        "weightedAverageShsOutDil": 223240000,
        "link": "https://www.sec.gov/Archives/edgar/data/39899/000003989922000013/0000039899-22-000013-index.htm",
        "finalLink": "https://www.sec.gov/Archives/edgar/data/39899/000003989922000013/tgna-20220331.htm"
    },
    {
        "date": "2021-12-31",
        "symbol": "TGNA",
        "reportedCurrency": "USD",
        "cik": "0000039899",
        "fillingDate": "2022-03-01",
        "acceptedDate": "2022-03-01 16:06:53",
        "calendarYear": "2021",
        "period": "Q4",
        "revenue": 774647000,
        "costOfRevenue": 407198000,
        "grossProfit": 367449000,
        "grossProfitRatio": 0.4743437979,
        "researchAndDevelopmentExpenses": 0,
        "generalAndAdministrativeExpenses": 125929000,
        "sellingAndMarketingExpenses": 0,
        "sellingGeneralAndAdministrativeExpenses": 125929000,
        "otherExpenses": 2485000,
        "operatingExpenses": 157948000,
        "costAndExpenses": 565146000,
        "interestIncome": 0,
        "interestExpense": 46079000,
        "depreciationAndAmortization": 32019000,
        "ebitda": 248642000,
        "ebitdaratio": 0.3209745858,
        "operatingIncome": 209414000,
        "operatingIncomeRatio": 0.270334746,
        "totalOtherIncomeExpensesNet": -47591000,
        "incomeBeforeTax": 161823000,
        "incomeBeforeTaxRatio": 0.2088990211,
        "incomeTaxExpense": 32011000,
        "netIncome": 129431000,
        "netIncomeRatio": 0.1670838459,
        "eps": 0.58,
        "epsdiluted": 0.58,
        "weightedAverageShsOut": 222068000,
        "weightedAverageShsOutDil": 223362000,
        "link": "https://www.sec.gov/Archives/edgar/data/39899/000003989922000007/0000039899-22-000007-index.htm",
        "finalLink": "https://www.sec.gov/Archives/edgar/data/39899/000003989922000007/tgna-20211231.htm"
    },
    {
        "date": "2021-09-30",
        "symbol": "TGNA",
        "reportedCurrency": "USD",
        "cik": "0000039899",
        "fillingDate": "2021-11-04",
        "acceptedDate": "2021-11-04 16:11:24",
        "calendarYear": "2021",
        "period": "Q3",
        "revenue": 756487000,
        "costOfRevenue": 399751000,
        "grossProfit": 356736000,
        "grossProfitRatio": 0.4715692404,
        "researchAndDevelopmentExpenses": 0,
        "generalAndAdministrativeExpenses": 11891000,
        "sellingAndMarketingExpenses": 97916000,
        "sellingGeneralAndAdministrativeExpenses": 109807000,
        "otherExpenses": 2486000,
        "operatingExpenses": 144882000,
        "costAndExpenses": 544633000,
        "interestIncome": 0,
        "interestExpense": 46477000,
        "depreciationAndAmortization": 32566000,
        "ebitda": 246929000,
        "ebitdaratio": 0.3264153911,
        "operatingIncome": 211350000,
        "operatingIncomeRatio": 0.2793835188,
        "totalOtherIncomeExpensesNet": -45781000,
        "incomeBeforeTax": 165569000,
        "incomeBeforeTaxRatio": 0.2188656249,
        "incomeTaxExpense": 36870000,
        "netIncome": 128396000,
        "netIncomeRatio": 0.1697266443,
        "eps": 0.58,
        "epsdiluted": 0.58,
        "weightedAverageShsOut": 221805000,
        "weightedAverageShsOutDil": 222799000,
        "link": "https://www.sec.gov/Archives/edgar/data/39899/000003989921000036/0000039899-21-000036-index.htm",
        "finalLink": "https://www.sec.gov/Archives/edgar/data/39899/000003989921000036/tgna-20210930.htm"
    },
    {
        "date": "2021-06-30",
        "symbol": "TGNA",
        "reportedCurrency": "USD",
        "cik": "0000039899",
        "fillingDate": "2021-08-09",
        "acceptedDate": "2021-08-09 16:06:32",
        "calendarYear": "2021",
        "period": "Q2",
        "revenue": 732908000,
        "costOfRevenue": 397118000,
        "grossProfit": 335790000,
        "grossProfitRatio": 0.458161188,
        "researchAndDevelopmentExpenses": 0,
        "generalAndAdministrativeExpenses": 11171000,
        "sellingAndMarketingExpenses": 93513000,
        "sellingGeneralAndAdministrativeExpenses": 104684000,
        "otherExpenses": 1524000,
        "operatingExpenses": 151743000,
        "costAndExpenses": 548861000,
        "interestIncome": 0,
        "interestExpense": 46609000,
        "depreciationAndAmortization": 31611000,
        "ebitda": 231106000,
        "ebitdaratio": 0.3153274354,
        "operatingIncome": 185522000,
        "operatingIncomeRatio": 0.2531313616,
        "totalOtherIncomeExpensesNet": -47682000,
        "incomeBeforeTax": 137840000,
        "incomeBeforeTaxRatio": 0.1880727185,
        "incomeTaxExpense": 30986000,
        "netIncome": 106627000,
        "netIncomeRatio": 0.1454848358,
        "eps": 0.48,
        "epsdiluted": 0.48,
        "weightedAverageShsOut": 221522000,
        "weightedAverageShsOutDil": 222506000,
        "link": "https://www.sec.gov/Archives/edgar/data/39899/000003989921000030/0000039899-21-000030-index.htm",
        "finalLink": "https://www.sec.gov/Archives/edgar/data/39899/000003989921000030/tgna-20210630.htm"
    },
    {
        "date": "2021-03-31",
        "symbol": "TGNA",
        "reportedCurrency": "USD",
        "cik": "0000039899",
        "fillingDate": "2021-05-10",
        "acceptedDate": "2021-05-10 16:08:50",
        "calendarYear": "2021",
        "period": "Q1",
        "revenue": 727051000,
        "costOfRevenue": 394692000,
        "grossProfit": 332359000,
        "grossProfitRatio": 0.4571329934,
        "researchAndDevelopmentExpenses": 0,
        "generalAndAdministrativeExpenses": 12271000,
        "sellingAndMarketingExpenses": 85851000,
        "sellingGeneralAndAdministrativeExpenses": 98122000,
        "otherExpenses": 330000,
        "operatingExpenses": 137852000,
        "costAndExpenses": 532544000,
        "interestIncome": 0,
        "interestExpense": 46485000,
        "depreciationAndAmortization": 31656000,
        "ebitda": 234237000,
        "ebitdaratio": 0.3221740978,
        "operatingIncome": 195930000,
        "operatingIncomeRatio": 0.2694859095,
        "totalOtherIncomeExpensesNet": -47484000,
        "incomeBeforeTax": 148446000,
        "incomeBeforeTaxRatio": 0.204175498,
        "incomeTaxExpense": 35614000,
        "netIncome": 112545000,
        "netIncomeRatio": 0.1547965686,
        "eps": 0.51,
        "epsdiluted": 0.51,
        "weightedAverageShsOut": 220602000,
        "weightedAverageShsOutDil": 221198000,
        "link": "https://www.sec.gov/Archives/edgar/data/39899/000003989921000020/0000039899-21-000020-index.htm",
        "finalLink": "https://www.sec.gov/Archives/edgar/data/39899/000003989921000020/tgna-20210331.htm"
    },
    {
        "date": "2020-12-31",
        "symbol": "TGNA",
        "reportedCurrency": "USD",
        "cik": "0000039899",
        "fillingDate": "2021-03-01",
        "acceptedDate": "2021-03-01 16:36:59",
        "calendarYear": "2020",
        "period": "Q4",
        "revenue": 937575000,
        "costOfRevenue": 399367000,
        "grossProfit": 538208000,
        "grossProfitRatio": 0.5740426099,
        "researchAndDevelopmentExpenses": 0,
        "generalAndAdministrativeExpenses": 109688000,
        "sellingAndMarketingExpenses": 0,
        "sellingGeneralAndAdministrativeExpenses": 109688000,
        "otherExpenses": -16759000,
        "operatingExpenses": 143984000,
        "costAndExpenses": 543351000,
        "interestIncome": 0,
        "interestExpense": 49561000,
        "depreciationAndAmortization": 34296000,
        "ebitda": 429795000,
        "ebitdaratio": 0.4584113271,
        "operatingIncome": 393646000,
        "operatingIncomeRatio": 0.4198554782,
        "totalOtherIncomeExpensesNet": -64330000,
        "incomeBeforeTax": 329316000,
        "incomeBeforeTaxRatio": 0.3512423006,
        "incomeTaxExpense": 84594000,
        "netIncome": 244304000,
        "netIncomeRatio": 0.2605700877,
        "eps": 1.11,
        "epsdiluted": 1.11,
        "weightedAverageShsOut": 219932000,
        "weightedAverageShsOutDil": 220659000,
        "link": "https://www.sec.gov/Archives/edgar/data/39899/000003989921000008/0000039899-21-000008-index.htm",
        "finalLink": "https://www.sec.gov/Archives/edgar/data/39899/000003989921000008/tgna-20201231.htm"
    },
    {
        "date": "2020-09-30",
        "symbol": "TGNA",
        "reportedCurrency": "USD",
        "cik": "0000039899",
        "fillingDate": "2020-11-09",
        "acceptedDate": "2020-11-09 16:21:14",
        "calendarYear": "2020",
        "period": "Q3",
        "revenue": 738389000,
        "costOfRevenue": 379185000,
        "grossProfit": 359204000,
        "grossProfitRatio": 0.4864698689,
        "researchAndDevelopmentExpenses": 0,
        "generalAndAdministrativeExpenses": 11209000,
        "sellingAndMarketingExpenses": 88238000,
        "sellingGeneralAndAdministrativeExpenses": 99447000,
        "otherExpenses": 961000,
        "operatingExpenses": 134405000,
        "costAndExpenses": 513590000,
        "interestIncome": 0,
        "interestExpense": 51896000,
        "depreciationAndAmortization": 33199000,
        "ebitda": 259332000,
        "ebitdaratio": 0.3512132494,
        "operatingIncome": 227701000,
        "operatingIncomeRatio": 0.3083753956,
        "totalOtherIncomeExpensesNet": -53464000,
        "incomeBeforeTax": 174237000,
        "incomeBeforeTaxRatio": 0.2359691165,
        "incomeTaxExpense": 41967000,
        "netIncome": 132219000,
        "netIncomeRatio": 0.1790641518,
        "eps": 0.6,
        "epsdiluted": 0.6,
        "weightedAverageShsOut": 219579000,
        "weightedAverageShsOutDil": 219977000,
        "link": "https://www.sec.gov/Archives/edgar/data/39899/000003989920000042/0000039899-20-000042-index.htm",
        "finalLink": "https://www.sec.gov/Archives/edgar/data/39899/000003989920000042/tgna-20200930.htm"
    },
    {
        "date": "2020-06-30",
        "symbol": "TGNA",
        "reportedCurrency": "USD",
        "cik": "0000039899",
        "fillingDate": "2020-08-10",
        "acceptedDate": "2020-08-10 16:43:42",
        "calendarYear": "2020",
        "period": "Q2",
        "revenue": 577627000,
        "costOfRevenue": 355367000,
        "grossProfit": 222260000,
        "grossProfitRatio": 0.3847811823,
        "researchAndDevelopmentExpenses": 0,
        "generalAndAdministrativeExpenses": 12864000,
        "sellingAndMarketingExpenses": 83676000,
        "sellingGeneralAndAdministrativeExpenses": 96540000,
        "otherExpenses": 1039000,
        "operatingExpenses": 147279000,
        "costAndExpenses": 502646000,
        "interestIncome": 0,
        "interestExpense": 51877000,
        "depreciationAndAmortization": 33959000,
        "ebitda": 125720000,
        "ebitdaratio": 0.2176491057,
        "operatingIncome": 75097000,
        "operatingIncomeRatio": 0.1300095044,
        "totalOtherIncomeExpensesNet": -48917000,
        "incomeBeforeTax": 26180000,
        "incomeBeforeTaxRatio": 0.0453233661,
        "incomeTaxExpense": 6607000,
        "netIncome": 19947000,
        "netIncomeRatio": 0.0345326655,
        "eps": 0.09,
        "epsdiluted": 0.09,
        "weightedAverageShsOut": 219128000,
        "weightedAverageShsOutDil": 219426000,
        "link": "https://www.sec.gov/Archives/edgar/data/39899/000003989920000033/0000039899-20-000033-index.htm",
        "finalLink": "https://www.sec.gov/Archives/edgar/data/39899/000003989920000033/tgna-20200630x10q.htm"
    },
    {
        "date": "2020-03-31",
        "symbol": "TGNA",
        "reportedCurrency": "USD",
        "cik": "0000039899",
        "fillingDate": "2020-05-11",
        "acceptedDate": "2020-05-11 17:22:47",
        "calendarYear": "2020",
        "period": "Q1",
        "revenue": 684189000,
        "costOfRevenue": 369368000,
        "grossProfit": 314821000,
        "grossProfitRatio": 0.4601374766,
        "researchAndDevelopmentExpenses": 0,
        "generalAndAdministrativeExpenses": 9487000,
        "sellingAndMarketingExpenses": 91634000,
        "sellingGeneralAndAdministrativeExpenses": 101121000,
        "otherExpenses": -19270000,
        "operatingExpenses": 147798000,
        "costAndExpenses": 517166000,
        "interestIncome": 0,
        "interestExpense": 56960000,
        "depreciationAndAmortization": 33116000,
        "ebitda": 213700000,
        "ebitdaratio": 0.3123405959,
        "operatingIncome": 174538000,
        "operatingIncomeRatio": 0.2551020259,
        "totalOtherIncomeExpensesNet": -67215000,
        "incomeBeforeTax": 107323000,
        "incomeBeforeTaxRatio": 0.1568616274,
        "incomeTaxExpense": 21125000,
        "netIncome": 86308000,
        "netIncomeRatio": 0.1261464303,
        "eps": 0.4,
        "epsdiluted": 0.39,
        "weightedAverageShsOut": 218277000,
        "weightedAverageShsOutDil": 218863000,
        "link": "https://www.sec.gov/Archives/edgar/data/39899/000003989920000017/0000039899-20-000017-index.htm",
        "finalLink": "https://www.sec.gov/Archives/edgar/data/39899/000003989920000017/tgna-20200331x10q.htm"
    },
    {
        "date": "2019-12-31",
        "symbol": "TGNA",
        "reportedCurrency": "USD",
        "cik": "0000039899",
        "fillingDate": "2020-03-02",
        "acceptedDate": "2020-03-02 16:16:09",
        "calendarYear": "2019",
        "period": "Q4",
        "revenue": 693955000,
        "costOfRevenue": 355159000,
        "grossProfit": 338796000,
        "grossProfitRatio": 0.4882103306,
        "researchAndDevelopmentExpenses": 0,
        "generalAndAdministrativeExpenses": 122740000,
        "sellingAndMarketingExpenses": 0,
        "sellingGeneralAndAdministrativeExpenses": 122740000,
        "otherExpenses": 4998000,
        "operatingExpenses": 156008000,
        "costAndExpenses": 511167000,
        "interestIncome": 0,
        "interestExpense": 60304000,
        "depreciationAndAmortization": 33268000,
        "ebitda": 227927000,
        "ebitdaratio": 0.328446369,
        "operatingIncome": 176724000,
        "operatingIncomeRatio": 0.2546620458,
        "totalOtherIncomeExpensesNet": -56079000,
        "incomeBeforeTax": 120645000,
        "incomeBeforeTaxRatio": 0.1738513304,
        "incomeTaxExpense": 36690000,
        "netIncome": 83955000,
        "netIncomeRatio": 0.120980467,
        "eps": 0.39,
        "epsdiluted": 0.38,
        "weightedAverageShsOut": 217428000,
        "weightedAverageShsOutDil": 218477000,
        "link": "https://www.sec.gov/Archives/edgar/data/39899/000003989920000006/0000039899-20-000006-index.htm",
        "finalLink": "https://www.sec.gov/Archives/edgar/data/39899/000003989920000006/tgna-20191231x10k.htm"
    },
    {
        "date": "2019-09-30",
        "symbol": "TGNA",
        "reportedCurrency": "USD",
        "cik": "0000039899",
        "fillingDate": "2019-11-07",
        "acceptedDate": "2019-11-07 16:06:58",
        "calendarYear": "2019",
        "period": "Q3",
        "revenue": 551857000,
        "costOfRevenue": 306474000,
        "grossProfit": 245383000,
        "grossProfitRatio": 0.4446496103,
        "researchAndDevelopmentExpenses": 0,
        "generalAndAdministrativeExpenses": 9819000,
        "sellingAndMarketingExpenses": 79164000,
        "sellingGeneralAndAdministrativeExpenses": 88983000,
        "otherExpenses": -463000,
        "operatingExpenses": 138630000,
        "costAndExpenses": 445104000,
        "interestIncome": 0,
        "interestExpense": 52454000,
        "depreciationAndAmortization": 30399000,
        "ebitda": 156400000,
        "ebitdaratio": 0.2834067521,
        "operatingIncome": 106833000,
        "operatingIncomeRatio": 0.193588194,
        "totalOtherIncomeExpensesNet": -53408000,
        "incomeBeforeTax": 53425000,
        "incomeBeforeTaxRatio": 0.0968094996,
        "incomeTaxExpense": 5079000,
        "netIncome": 48346000,
        "netIncomeRatio": 0.0876060284,
        "eps": 0.22,
        "epsdiluted": 0.22,
        "weightedAverageShsOut": 217315000,
        "weightedAverageShsOutDil": 218310000,
        "link": "https://www.sec.gov/Archives/edgar/data/39899/000003989919000042/0000039899-19-000042-index.htm",
        "finalLink": "https://www.sec.gov/Archives/edgar/data/39899/000003989919000042/tgna-20190930x10q.htm"
    },
    {
        "date": "2019-06-30",
        "symbol": "TGNA",
        "reportedCurrency": "USD",
        "cik": "0000039899",
        "fillingDate": "2019-08-06",
        "acceptedDate": "2019-08-06 17:30:56",
        "calendarYear": "2019",
        "period": "Q2",
        "revenue": 536932000,
        "costOfRevenue": 285293000,
        "grossProfit": 251639000,
        "grossProfitRatio": 0.468660836,
        "researchAndDevelopmentExpenses": 0,
        "generalAndAdministrativeExpenses": 10427000,
        "sellingAndMarketingExpenses": 75000000,
        "sellingGeneralAndAdministrativeExpenses": 85427000,
        "otherExpenses": 8964000,
        "operatingExpenses": 113133000,
        "costAndExpenses": 398426000,
        "interestIncome": 0,
        "interestExpense": 46327000,
        "depreciationAndAmortization": 23356000,
        "ebitda": 167087000,
        "ebitdaratio": 0.3111883814,
        "operatingIncome": 142812000,
        "operatingIncomeRatio": 0.2659778147,
        "totalOtherIncomeExpensesNet": -37978000,
        "incomeBeforeTax": 104834000,
        "incomeBeforeTaxRatio": 0.1952463254,
        "incomeTaxExpense": 24879000,
        "netIncome": 79955000,
        "netIncomeRatio": 0.148910849,
        "eps": 0.37,
        "epsdiluted": 0.37,
        "weightedAverageShsOut": 217089000,
        "weightedAverageShsOutDil": 217905000,
        "link": "https://www.sec.gov/Archives/edgar/data/39899/000003989919000028/0000039899-19-000028-index.htm",
        "finalLink": "https://www.sec.gov/Archives/edgar/data/39899/000003989919000028/tgna-20190630x10q.htm"
    },
    {
        "date": "2019-03-31",
        "symbol": "TGNA",
        "reportedCurrency": "USD",
        "cik": "0000039899",
        "fillingDate": "2019-05-09",
        "acceptedDate": "2019-05-09 17:23:57",
        "calendarYear": "2019",
        "period": "Q1",
        "revenue": 516753000,
        "costOfRevenue": 281311000,
        "grossProfit": 235442000,
        "grossProfitRatio": 0.4556180612,
        "researchAndDevelopmentExpenses": 0,
        "generalAndAdministrativeExpenses": 10824000,
        "sellingAndMarketingExpenses": 72165000,
        "sellingGeneralAndAdministrativeExpenses": 82989000,
        "otherExpenses": -1539000,
        "operatingExpenses": 109806000,
        "costAndExpenses": 391117000,
        "interestIncome": 0,
        "interestExpense": 46385000,
        "depreciationAndAmortization": 23606000,
        "ebitda": 152453000,
        "ebitdaratio": 0.2950210255,
        "operatingIncome": 132649000,
        "operatingIncomeRatio": 0.2566971067,
        "totalOtherIncomeExpensesNet": -35896000,
        "incomeBeforeTax": 96753000,
        "incomeBeforeTaxRatio": 0.187232585,
        "incomeTaxExpense": 22774000,
        "netIncome": 73979000,
        "netIncomeRatio": 0.1431612395,
        "eps": 0.34,
        "epsdiluted": 0.34,
        "weightedAverageShsOut": 216709000,
        "weightedAverageShsOutDil": 217202000,
        "link": "https://www.sec.gov/Archives/edgar/data/39899/000003989919000020/0000039899-19-000020-index.htm",
        "finalLink": "https://www.sec.gov/Archives/edgar/data/39899/000003989919000020/tgna-20190331x10q.htm"
    },
    {
        "date": "2018-12-31",
        "symbol": "TGNA",
        "reportedCurrency": "USD",
        "cik": "0000039899",
        "fillingDate": "2019-03-01",
        "acceptedDate": "2019-03-01 11:04:35",
        "calendarYear": "2018",
        "period": "Q4",
        "revenue": 642136000,
        "costOfRevenue": 271990000,
        "grossProfit": 370146000,
        "grossProfitRatio": 0.5764292922,
        "researchAndDevelopmentExpenses": 0,
        "generalAndAdministrativeExpenses": 97072000,
        "sellingAndMarketingExpenses": 0,
        "sellingGeneralAndAdministrativeExpenses": 97072000,
        "otherExpenses": 1509000,
        "operatingExpenses": 119474000,
        "costAndExpenses": 391464000,
        "interestIncome": 0,
        "interestExpense": 47010000,
        "depreciationAndAmortization": 22402000,
        "ebitda": 274117000,
        "ebitdaratio": 0.4268830902,
        "operatingIncome": 253042000,
        "operatingIncomeRatio": 0.3940629399,
        "totalOtherIncomeExpensesNet": -46789000,
        "incomeBeforeTax": 206253000,
        "incomeBeforeTaxRatio": 0.3211983131,
        "incomeTaxExpense": 45438000,
        "netIncome": 160815000,
        "netIncomeRatio": 0.250437602,
        "eps": 0.74,
        "epsdiluted": 0.74,
        "weightedAverageShsOut": 216105000,
        "weightedAverageShsOutDil": 216632000,
        "link": "https://www.sec.gov/Archives/edgar/data/39899/000003989919000011/0000039899-19-000011-index.htm",
        "finalLink": "https://www.sec.gov/Archives/edgar/data/39899/000003989919000011/tgna-20181231x10k.htm"
    },
    {
        "date": "2018-09-30",
        "symbol": "TGNA",
        "reportedCurrency": "USD",
        "cik": "0000039899",
        "fillingDate": "2018-11-08",
        "acceptedDate": "2018-11-08 16:06:41",
        "calendarYear": "2018",
        "period": "Q3",
        "revenue": 538976000,
        "costOfRevenue": 271156000,
        "grossProfit": 267820000,
        "grossProfitRatio": 0.4969052425,
        "researchAndDevelopmentExpenses": 0,
        "generalAndAdministrativeExpenses": 12112000,
        "sellingAndMarketingExpenses": 74580000,
        "sellingGeneralAndAdministrativeExpenses": 86692000,
        "otherExpenses": -214000,
        "operatingExpenses": 116541000,
        "costAndExpenses": 387697000,
        "interestIncome": 0,
        "interestExpense": 48226000,
        "depreciationAndAmortization": 22309000,
        "ebitda": 182059000,
        "ebitdaratio": 0.3377868402,
        "operatingIncome": 154284000,
        "operatingIncomeRatio": 0.2862539334,
        "totalOtherIncomeExpensesNet": -47669000,
        "incomeBeforeTax": 106615000,
        "incomeBeforeTaxRatio": 0.1978102921,
        "incomeTaxExpense": 13789000,
        "netIncome": 97151000,
        "netIncomeRatio": 0.1802510687,
        "eps": 0.45,
        "epsdiluted": 0.45,
        "weightedAverageShsOut": 216015000,
        "weightedAverageShsOutDil": 216348000,
        "link": "https://www.sec.gov/Archives/edgar/data/39899/000003989918000041/0000039899-18-000041-index.htm",
        "finalLink": "https://www.sec.gov/Archives/edgar/data/39899/000003989918000041/tgna-20180930x10q.htm"
    },
    {
        "date": "2018-06-30",
        "symbol": "TGNA",
        "reportedCurrency": "USD",
        "cik": "0000039899",
        "fillingDate": "2018-08-07",
        "acceptedDate": "2018-08-07 16:34:59",
        "calendarYear": "2018",
        "period": "Q2",
        "revenue": 524080000,
        "costOfRevenue": 264294000,
        "grossProfit": 259786000,
        "grossProfitRatio": 0.4956991299,
        "researchAndDevelopmentExpenses": 0,
        "generalAndAdministrativeExpenses": 11221000,
        "sellingAndMarketingExpenses": 77854000,
        "sellingGeneralAndAdministrativeExpenses": 89075000,
        "otherExpenses": -311000,
        "operatingExpenses": 111977000,
        "costAndExpenses": 376271000,
        "interestIncome": 0,
        "interestExpense": 49104000,
        "depreciationAndAmortization": 21823000,
        "ebitda": 170711000,
        "ebitdaratio": 0.3257346207,
        "operatingIncome": 154135000,
        "operatingIncomeRatio": 0.2941058617,
        "totalOtherIncomeExpensesNet": -33868000,
        "incomeBeforeTax": 120267000,
        "incomeBeforeTaxRatio": 0.2294821401,
        "incomeTaxExpense": 27755000,
        "netIncome": 92512000,
        "netIncomeRatio": 0.1765226683,
        "eps": 0.43,
        "epsdiluted": 0.43,
        "weightedAverageShsOut": 216342000,
        "weightedAverageShsOutDil": 216515000,
        "link": "https://www.sec.gov/Archives/edgar/data/39899/000003989918000029/0000039899-18-000029-index.htm",
        "finalLink": "https://www.sec.gov/Archives/edgar/data/39899/000003989918000029/tgna-20180630x10q.htm"
    },
    {
        "date": "2018-03-31",
        "symbol": "TGNA",
        "reportedCurrency": "USD",
        "cik": "0000039899",
        "fillingDate": "2018-05-08",
        "acceptedDate": "2018-05-08 12:08:17",
        "calendarYear": "2018",
        "period": "Q1",
        "revenue": 502090000,
        "costOfRevenue": 258493000,
        "grossProfit": 243597000,
        "grossProfitRatio": 0.4851660061,
        "researchAndDevelopmentExpenses": 0,
        "generalAndAdministrativeExpenses": 12708000,
        "sellingAndMarketingExpenses": 72621000,
        "sellingGeneralAndAdministrativeExpenses": 85329000,
        "otherExpenses": -12480000,
        "operatingExpenses": 106582000,
        "costAndExpenses": 365075000,
        "interestIncome": 0,
        "interestExpense": 47725000,
        "depreciationAndAmortization": 20253000,
        "ebitda": 143550000,
        "ebitdaratio": 0.2859049174,
        "operatingIncome": 137015000,
        "operatingIncomeRatio": 0.2728893226,
        "totalOtherIncomeExpensesNet": -61443000,
        "incomeBeforeTax": 75572000,
        "incomeBeforeTaxRatio": 0.1505148479,
        "incomeTaxExpense": 20385000,
        "netIncome": 55187000,
        "netIncomeRatio": 0.1099145572,
        "eps": 0.26,
        "epsdiluted": 0.25,
        "weightedAverageShsOut": 216276000,
        "weightedAverageShsOutDil": 216989000,
        "link": "https://www.sec.gov/Archives/edgar/data/39899/000003989918000019/0000039899-18-000019-index.htm",
        "finalLink": "https://www.sec.gov/Archives/edgar/data/39899/000003989918000019/tgna-20180331x10q.htm"
    },
    {
        "date": "2017-12-31",
        "symbol": "TGNA",
        "reportedCurrency": "USD",
        "cik": "0000039899",
        "fillingDate": "2018-03-01",
        "acceptedDate": "2018-03-01 15:37:40",
        "calendarYear": "2017",
        "period": "Q4",
        "revenue": 490323000,
        "costOfRevenue": 237153000,
        "grossProfit": 253170000,
        "grossProfitRatio": 0.516333111,
        "researchAndDevelopmentExpenses": 0,
        "generalAndAdministrativeExpenses": 85232000,
        "sellingAndMarketingExpenses": 0,
        "sellingGeneralAndAdministrativeExpenses": 85232000,
        "otherExpenses": -8451000,
        "operatingExpenses": 103977000,
        "costAndExpenses": 341130000,
        "interestIncome": 0,
        "interestExpense": 48171000,
        "depreciationAndAmortization": 18745000,
        "ebitda": 178095000,
        "ebitdaratio": 0.3632197551,
        "operatingIncome": 155850000,
        "operatingIncomeRatio": 0.3178517018,
        "totalOtherIncomeExpensesNet": -44671000,
        "incomeBeforeTax": 111179000,
        "incomeBeforeTaxRatio": 0.2267464508,
        "incomeTaxExpense": -192101000,
        "netIncome": 303280000,
        "netIncomeRatio": 0.6185310499,
        "eps": 1.41,
        "epsdiluted": 1.4,
        "weightedAverageShsOut": 215672000,
        "weightedAverageShsOutDil": 216431000,
        "link": "https://www.sec.gov/Archives/edgar/data/39899/000003989918000011/0000039899-18-000011-index.htm",
        "finalLink": "https://www.sec.gov/Archives/edgar/data/39899/000003989918000011/tgna-20171231x10k.htm"
    },
    {
        "date": "2017-09-30",
        "symbol": "TGNA",
        "reportedCurrency": "USD",
        "cik": "0000039899",
        "fillingDate": "2017-11-08",
        "acceptedDate": "2017-11-08 12:31:18",
        "calendarYear": "2017",
        "period": "Q3",
        "revenue": 464264000,
        "costOfRevenue": 235474000,
        "grossProfit": 228790000,
        "grossProfitRatio": 0.4928015095,
        "researchAndDevelopmentExpenses": 0,
        "generalAndAdministrativeExpenses": 12881000,
        "sellingAndMarketingExpenses": 72405000,
        "sellingGeneralAndAdministrativeExpenses": 85286000,
        "otherExpenses": -3671000,
        "operatingExpenses": 104376000,
        "costAndExpenses": 339850000,
        "interestIncome": 0,
        "interestExpense": 51855000,
        "depreciationAndAmortization": 20581000,
        "ebitda": 143504000,
        "ebitdaratio": 0.3090999948,
        "operatingIncome": 116861000,
        "operatingIncomeRatio": 0.2517123878,
        "totalOtherIncomeExpensesNet": -54660000,
        "incomeBeforeTax": 62201000,
        "incomeBeforeTaxRatio": 0.1339776506,
        "incomeTaxExpense": 11447000,
        "netIncome": 42757000,
        "netIncomeRatio": 0.0920963073,
        "eps": 0.2,
        "epsdiluted": 0.19,
        "weightedAverageShsOut": 215863000,
        "weightedAverageShsOutDil": 218095000,
        "link": "https://www.sec.gov/Archives/edgar/data/39899/000003989917000041/0000039899-17-000041-index.htm",
        "finalLink": "https://www.sec.gov/Archives/edgar/data/39899/000003989917000041/tgna-20170930x10q.htm"
    },
    {
        "date": "2017-06-30",
        "symbol": "TGNA",
        "reportedCurrency": "USD",
        "cik": "0000039899",
        "fillingDate": "2017-08-07",
        "acceptedDate": "2017-08-07 16:42:11",
        "calendarYear": "2017",
        "period": "Q2",
        "revenue": 489369000,
        "costOfRevenue": 229683000,
        "grossProfit": 259686000,
        "grossProfitRatio": 0.530654782,
        "researchAndDevelopmentExpenses": 0,
        "generalAndAdministrativeExpenses": 14248000,
        "sellingAndMarketingExpenses": 76401000,
        "sellingGeneralAndAdministrativeExpenses": 90649000,
        "otherExpenses": -21108000,
        "operatingExpenses": 108256000,
        "costAndExpenses": 337939000,
        "interestIncome": 0,
        "interestExpense": 54843000,
        "depreciationAndAmortization": 18706000,
        "ebitda": 169037000,
        "ebitdaratio": 0.3454182835,
        "operatingIncome": 150080000,
        "operatingIncomeRatio": 0.3066806438,
        "totalOtherIncomeExpensesNet": -76897000,
        "incomeBeforeTax": 73183000,
        "incomeBeforeTaxRatio": 0.1495456394,
        "incomeTaxExpense": 23913000,
        "netIncome": 49270000,
        "netIncomeRatio": 0.1006806725,
        "eps": 0.23,
        "epsdiluted": 0.23,
        "weightedAverageShsOut": 215501000,
        "weightedAverageShsOutDil": 217812000,
        "link": "https://www.sec.gov/Archives/edgar/data/39899/000003989917000033/0000039899-17-000033-index.htm",
        "finalLink": "https://www.sec.gov/Archives/edgar/data/39899/000003989917000033/tgna-20170630x10q.htm"
    },
    {
        "date": "2017-03-31",
        "symbol": "TGNA",
        "reportedCurrency": "USD",
        "cik": "0000039899",
        "fillingDate": "2017-05-09",
        "acceptedDate": "2017-05-09 16:04:22",
        "calendarYear": "2017",
        "period": "Q1",
        "revenue": 778471000,
        "costOfRevenue": 295809000,
        "grossProfit": 482662000,
        "grossProfitRatio": 0.62001282,
        "researchAndDevelopmentExpenses": 0,
        "generalAndAdministrativeExpenses": 14433000,
        "sellingAndMarketingExpenses": 260565000,
        "sellingGeneralAndAdministrativeExpenses": 274998000,
        "otherExpenses": -4009000,
        "operatingExpenses": 327103000,
        "costAndExpenses": 622912000,
        "interestIncome": 0,
        "interestExpense": 55416000,
        "depreciationAndAmortization": 52105000,
        "ebitda": 200003000,
        "ebitdaratio": 0.2569177272,
        "operatingIncome": 153376000,
        "operatingIncomeRatio": 0.1970221113,
        "totalOtherIncomeExpensesNet": -30629000,
        "incomeBeforeTax": 92482000,
        "incomeBeforeTaxRatio": 0.1187995442,
        "incomeTaxExpense": 28583000,
        "netIncome": 57714000,
        "netIncomeRatio": 0.0741376365,
        "eps": 0.27,
        "epsdiluted": 0.27,
        "weightedAverageShsOut": 215305000,
        "weightedAverageShsOutDil": 217569000,
        "link": "https://www.sec.gov/Archives/edgar/data/39899/000003989917000019/0000039899-17-000019-index.htm",
        "finalLink": "https://www.sec.gov/Archives/edgar/data/39899/000003989917000019/tgna-20170331x10q.htm"
    },
    {
        "date": "2016-12-31",
        "symbol": "TGNA",
        "reportedCurrency": "USD",
        "cik": "0000039899",
        "fillingDate": "2017-02-28",
        "acceptedDate": "2017-02-27 19:53:52",
        "calendarYear": "2016",
        "period": "Q4",
        "revenue": 887416000,
        "costOfRevenue": 273874000,
        "grossProfit": 613542000,
        "grossProfitRatio": 0.6913803673,
        "researchAndDevelopmentExpenses": 0,
        "generalAndAdministrativeExpenses": 16427000,
        "sellingAndMarketingExpenses": 7100000,
        "sellingGeneralAndAdministrativeExpenses": 269276000,
        "otherExpenses": -9219000,
        "operatingExpenses": 320569000,
        "costAndExpenses": 594443000,
        "interestIncome": 0,
        "interestExpense": 56552000,
        "depreciationAndAmortization": 51293000,
        "ebitda": 321223000,
        "ebitdaratio": 0.3619756687,
        "operatingIncome": 279789000,
        "operatingIncomeRatio": 0.3152850523,
        "totalOtherIncomeExpensesNet": -66411000,
        "incomeBeforeTax": 213378000,
        "incomeBeforeTaxRatio": 0.2404486735,
        "incomeTaxExpense": 69135000,
        "netIncome": 133119000,
        "netIncomeRatio": 0.1500074373,
        "eps": 0.62,
        "epsdiluted": 0.61,
        "weightedAverageShsOut": 214847000,
        "weightedAverageShsOutDil": 217200000,
        "link": "https://www.sec.gov/Archives/edgar/data/39899/000003989917000010/0000039899-17-000010-index.htm",
        "finalLink": "https://www.sec.gov/Archives/edgar/data/39899/000003989917000010/tgna-20161231x10k.htm"
    },
    {
        "date": "2016-09-30",
        "symbol": "TGNA",
        "reportedCurrency": "USD",
        "cik": "0000039899",
        "fillingDate": "2016-11-09",
        "acceptedDate": "2016-11-09 16:17:32",
        "calendarYear": "2016",
        "period": "Q3",
        "revenue": 860265000,
        "costOfRevenue": 261065000,
        "grossProfit": 599200000,
        "grossProfitRatio": 0.6965295578,
        "researchAndDevelopmentExpenses": 0,
        "generalAndAdministrativeExpenses": 14427000,
        "sellingAndMarketingExpenses": 253988000,
        "sellingGeneralAndAdministrativeExpenses": 268415000,
        "otherExpenses": -11051000,
        "operatingExpenses": 320210000,
        "costAndExpenses": 581275000,
        "interestIncome": 0,
        "interestExpense": 57607000,
        "depreciationAndAmortization": 51795000,
        "ebitda": 300967000,
        "ebitdaratio": 0.3498538241,
        "operatingIncome": 263772000,
        "operatingIncomeRatio": 0.306617147,
        "totalOtherIncomeExpensesNet": 5714000,
        "incomeBeforeTax": 191565000,
        "incomeBeforeTaxRatio": 0.2226813831,
        "incomeTaxExpense": 58130000,
        "netIncome": 118683000,
        "netIncomeRatio": 0.1379609771,
        "eps": 0.55,
        "epsdiluted": 0.54,
        "weightedAverageShsOut": 214813000,
        "weightedAverageShsOutDil": 218099000,
        "link": "https://www.sec.gov/Archives/edgar/data/39899/000003989916000059/0000039899-16-000059-index.htm",
        "finalLink": "https://www.sec.gov/Archives/edgar/data/39899/000003989916000059/tgna-20160930x10q.htm"
    },
    {
        "date": "2016-06-30",
        "symbol": "TGNA",
        "reportedCurrency": "USD",
        "cik": "0000039899",
        "fillingDate": "2016-08-05",
        "acceptedDate": "2016-08-05 16:04:54",
        "calendarYear": "2016",
        "period": "Q2",
        "revenue": 811785000,
        "costOfRevenue": 255472000,
        "grossProfit": 556313000,
        "grossProfitRatio": 0.6852959835,
        "researchAndDevelopmentExpenses": 0,
        "generalAndAdministrativeExpenses": 14351000,
        "sellingAndMarketingExpenses": 260761000,
        "sellingGeneralAndAdministrativeExpenses": 275112000,
        "otherExpenses": -2548000,
        "operatingExpenses": 325991000,
        "costAndExpenses": 581463000,
        "interestIncome": 0,
        "interestExpense": 56141000,
        "depreciationAndAmortization": 50879000,
        "ebitda": 200945000,
        "ebitdaratio": 0.2475347537,
        "operatingIncome": 226594000,
        "operatingIncomeRatio": 0.279130558,
        "totalOtherIncomeExpensesNet": 2255000,
        "incomeBeforeTax": 161991000,
        "incomeBeforeTaxRatio": 0.1995491417,
        "incomeTaxExpense": 47606000,
        "netIncome": 99451000,
        "netIncomeRatio": 0.1225090387,
        "eps": 0.46,
        "epsdiluted": 0.45,
        "weightedAverageShsOut": 216518000,
        "weightedAverageShsOutDil": 220204000,
        "link": "https://www.sec.gov/Archives/edgar/data/39899/000003989916000049/0000039899-16-000049-index.htm",
        "finalLink": "https://www.sec.gov/Archives/edgar/data/39899/000003989916000049/tgna-20160630x10q.htm"
    },
    {
        "date": "2016-03-31",
        "symbol": "TGNA",
        "reportedCurrency": "USD",
        "cik": "0000039899",
        "fillingDate": "2016-05-04",
        "acceptedDate": "2016-05-04 16:32:30",
        "calendarYear": "2016",
        "period": "Q1",
        "revenue": 781732000,
        "costOfRevenue": 248256000,
        "grossProfit": 533476000,
        "grossProfitRatio": 0.6824282491,
        "researchAndDevelopmentExpenses": 0,
        "generalAndAdministrativeExpenses": 13487000,
        "sellingAndMarketingExpenses": 267547000,
        "sellingGeneralAndAdministrativeExpenses": 281034000,
        "otherExpenses": 2379000,
        "operatingExpenses": 331557000,
        "costAndExpenses": 579813000,
        "interestIncome": 0,
        "interestExpense": 61713000,
        "depreciationAndAmortization": 50523000,
        "ebitda": 202825000,
        "ebitdaratio": 0.2594559261,
        "operatingIncome": 201919000,
        "operatingIncomeRatio": 0.2582969611,
        "totalOtherIncomeExpensesNet": -56401000,
        "incomeBeforeTax": 145518000,
        "incomeBeforeTaxRatio": 0.186148194,
        "incomeTaxExpense": 42108000,
        "netIncome": 92918000,
        "netIncomeRatio": 0.1188617071,
        "eps": 0.42,
        "epsdiluted": 0.3,
        "weightedAverageShsOut": 219286000,
        "weightedAverageShsOutDil": 223254000,
        "link": "https://www.sec.gov/Archives/edgar/data/39899/000003989916000043/0000039899-16-000043-index.htm",
        "finalLink": "https://www.sec.gov/Archives/edgar/data/39899/000003989916000043/tgna-20160331x10q.htm"
    },
    {
        "date": "2015-12-31",
        "symbol": "TGNA",
        "reportedCurrency": "USD",
        "cik": "0000039899",
        "fillingDate": "2016-02-29",
        "acceptedDate": "2016-02-29 13:38:22",
        "calendarYear": "2015",
        "period": "Q4",
        "revenue": 805264000,
        "costOfRevenue": 232555000,
        "grossProfit": 572709000,
        "grossProfitRatio": 0.7112065112,
        "researchAndDevelopmentExpenses": 0,
        "generalAndAdministrativeExpenses": 100271000,
        "sellingAndMarketingExpenses": 173300000,
        "sellingGeneralAndAdministrativeExpenses": 273571000,
        "otherExpenses": -6182000,
        "operatingExpenses": 321750000,
        "costAndExpenses": 554305000,
        "interestIncome": 0,
        "interestExpense": 66758000,
        "depreciationAndAmortization": 48179000,
        "ebitda": 292015000,
        "ebitdaratio": 0.3626326273,
        "operatingIncome": 326895000,
        "operatingIncomeRatio": 0.4059476147,
        "totalOtherIncomeExpensesNet": -62348000,
        "incomeBeforeTax": 253014000,
        "incomeBeforeTaxRatio": 0.3142000636,
        "incomeTaxExpense": 81609000,
        "netIncome": 155942000,
        "netIncomeRatio": 0.1936532615,
        "eps": 0.71,
        "epsdiluted": 0.69,
        "weightedAverageShsOut": 220768000,
        "weightedAverageShsOutDil": 225129000,
        "link": "https://www.sec.gov/Archives/edgar/data/39899/000003989916000034/0000039899-16-000034-index.htm",
        "finalLink": "https://www.sec.gov/Archives/edgar/data/39899/000003989916000034/tgna-20151231x10k.htm"
    },
    {
        "date": "2015-09-27",
        "symbol": "TGNA",
        "reportedCurrency": "USD",
        "cik": "0000039899",
        "fillingDate": "2015-11-06",
        "acceptedDate": "2015-11-06 15:08:29",
        "calendarYear": "2015",
        "period": "Q3",
        "revenue": 807086000,
        "costOfRevenue": 256941000,
        "grossProfit": 550145000,
        "grossProfitRatio": 0.6816435919,
        "researchAndDevelopmentExpenses": 0,
        "generalAndAdministrativeExpenses": 0,
        "sellingAndMarketingExpenses": 0,
        "sellingGeneralAndAdministrativeExpenses": 283564000,
        "otherExpenses": -3116000,
        "operatingExpenses": 333788000,
        "costAndExpenses": 590729000,
        "interestIncome": 0,
        "interestExpense": 66949000,
        "depreciationAndAmortization": 50224000,
        "ebitda": 264199000,
        "ebitdaratio": 0.327349254,
        "operatingIncome": 216357000,
        "operatingIncomeRatio": 0.268071804,
        "totalOtherIncomeExpensesNet": -71076000,
        "incomeBeforeTax": 145279000,
        "incomeBeforeTaxRatio": 0.1800043614,
        "incomeTaxExpense": 37178000,
        "netIncome": 90614000,
        "netIncomeRatio": 0.1122730415,
        "eps": 0.4,
        "epsdiluted": 0.39,
        "weightedAverageShsOut": 224530000,
        "weightedAverageShsOutDil": 230078000,
        "link": "https://www.sec.gov/Archives/edgar/data/39899/000003989915000026/0000039899-15-000026-index.htm",
        "finalLink": "https://www.sec.gov/Archives/edgar/data/39899/000003989915000026/tgna-20150927x10q.htm"
    },
    {
        "date": "2015-06-28",
        "symbol": "TGNA",
        "reportedCurrency": "USD",
        "cik": "0000039899",
        "fillingDate": "2015-08-05",
        "acceptedDate": "2015-08-05 16:18:10",
        "calendarYear": "2015",
        "period": "Q2",
        "revenue": 1521392000,
        "costOfRevenue": 710865000,
        "grossProfit": 810527000,
        "grossProfitRatio": 0.5327535573,
        "researchAndDevelopmentExpenses": 0,
        "generalAndAdministrativeExpenses": 0,
        "sellingAndMarketingExpenses": 0,
        "sellingGeneralAndAdministrativeExpenses": 439094000,
        "otherExpenses": -3842000,
        "operatingExpenses": 521366000,
        "costAndExpenses": 1232231000,
        "interestIncome": 0,
        "interestExpense": 69341000,
        "depreciationAndAmortization": 82272000,
        "ebitda": 239404000,
        "ebitdaratio": 0.1573585243,
        "operatingIncome": 268366000,
        "operatingIncomeRatio": 0.1763950382,
        "totalOtherIncomeExpensesNet": 12132000,
        "incomeBeforeTax": 197821000,
        "incomeBeforeTaxRatio": 0.130026318,
        "incomeTaxExpense": 66331000,
        "netIncome": 115867000,
        "netIncomeRatio": 0.0761585443,
        "eps": 0.51,
        "epsdiluted": 0.5,
        "weightedAverageShsOut": 226538000,
        "weightedAverageShsOutDil": 231920000,
        "link": "https://www.sec.gov/Archives/edgar/data/39899/000003989915000019/0000039899-15-000019-index.htm",
        "finalLink": "https://www.sec.gov/Archives/edgar/data/39899/000003989915000019/tgna-20150628x10q.htm"
    },
    {
        "date": "2015-03-29",
        "symbol": "TGNA",
        "reportedCurrency": "USD",
        "cik": "0000039899",
        "fillingDate": "2015-05-06",
        "acceptedDate": "2015-05-06 16:38:07",
        "calendarYear": "2015",
        "period": "Q1",
        "revenue": 1472765000,
        "costOfRevenue": 700639000,
        "grossProfit": 772126000,
        "grossProfitRatio": 0.5242696561,
        "researchAndDevelopmentExpenses": 0,
        "generalAndAdministrativeExpenses": 0,
        "sellingAndMarketingExpenses": 0,
        "sellingGeneralAndAdministrativeExpenses": 447244000,
        "otherExpenses": 22780000,
        "operatingExpenses": 528814000,
        "costAndExpenses": 1229453000,
        "interestIncome": 0,
        "interestExpense": 70759000,
        "depreciationAndAmortization": 81570000,
        "ebitda": 287257000,
        "ebitdaratio": 0.1950460528,
        "operatingIncome": 230928000,
        "operatingIncomeRatio": 0.1567989462,
        "totalOtherIncomeExpensesNet": 5535000,
        "incomeBeforeTax": 188007000,
        "incomeBeforeTaxRatio": 0.1276558039,
        "incomeTaxExpense": 60523000,
        "netIncome": 112894000,
        "netIncomeRatio": 0.0766544561,
        "eps": 0.5,
        "epsdiluted": 0.49,
        "weightedAverageShsOut": 227089000,
        "weightedAverageShsOutDil": 231931000,
        "link": "https://www.sec.gov/Archives/edgar/data/39899/000003989915000012/0000039899-15-000012-index.htm",
        "finalLink": "https://www.sec.gov/Archives/edgar/data/39899/000003989915000012/gci-20150329x10q.htm"
    },
    {
        "date": "2014-12-31",
        "symbol": "TGNA",
        "reportedCurrency": "USD",
        "cik": "0000039899",
        "fillingDate": "2015-02-25",
        "acceptedDate": "2015-02-25 16:51:09",
        "calendarYear": "2014",
        "period": "Q4",
        "revenue": 1700967000,
        "costOfRevenue": 748119000,
        "grossProfit": 952848000,
        "grossProfitRatio": 0.5601801799,
        "researchAndDevelopmentExpenses": 0,
        "generalAndAdministrativeExpenses": 373261000,
        "sellingAndMarketingExpenses": 110100000,
        "sellingGeneralAndAdministrativeExpenses": 483361000,
        "otherExpenses": 445134000,
        "operatingExpenses": 565682000,
        "costAndExpenses": 1313801000,
        "interestIncome": 0,
        "interestExpense": 73517000,
        "depreciationAndAmortization": 82321000,
        "ebitda": 869005000,
        "ebitdaratio": 0.5108888062,
        "operatingIncome": 341018000,
        "operatingIncomeRatio": 0.2004847831,
        "totalOtherIncomeExpensesNet": 372149000,
        "incomeBeforeTax": 713167000,
        "incomeBeforeTaxRatio": 0.4192715085,
        "incomeTaxExpense": 18200000,
        "netIncome": 676029000,
        "netIncomeRatio": 0.3974380455,
        "eps": 2.99,
        "epsdiluted": 2.92,
        "weightedAverageShsOut": 226046000,
        "weightedAverageShsOutDil": 231157000,
        "link": "https://www.sec.gov/Archives/edgar/data/39899/000003989915000006/0000039899-15-000006-index.htm",
        "finalLink": "https://www.sec.gov/Archives/edgar/data/39899/000003989915000006/gci-20141228x10k.htm"
    },
    {
        "date": "2014-09-28",
        "symbol": "TGNA",
        "reportedCurrency": "USD",
        "cik": "0000039899",
        "fillingDate": "2014-11-05",
        "acceptedDate": "2014-11-05 16:28:16",
        "calendarYear": "2014",
        "period": "Q3",
        "revenue": 1443137000,
        "costOfRevenue": 757301000,
        "grossProfit": 685836000,
        "grossProfitRatio": 0.4752397035,
        "researchAndDevelopmentExpenses": 0,
        "generalAndAdministrativeExpenses": 0,
        "sellingAndMarketingExpenses": 0,
        "sellingGeneralAndAdministrativeExpenses": 347123000,
        "otherExpenses": -17450000,
        "operatingExpenses": 408698000,
        "costAndExpenses": 1165999000,
        "interestIncome": 0,
        "interestExpense": 65931000,
        "depreciationAndAmortization": 61575000,
        "ebitda": 246809000,
        "ebitdaratio": 0.171022571,
        "operatingIncome": 270517000,
        "operatingIncomeRatio": 0.1874506717,
        "totalOtherIncomeExpensesNet": 4888000,
        "incomeBeforeTax": 188892000,
        "incomeBeforeTaxRatio": 0.1308898601,
        "incomeTaxExpense": 48900000,
        "netIncome": 118516000,
        "netIncomeRatio": 0.0821238732,
        "eps": 0.52,
        "epsdiluted": 0.51,
        "weightedAverageShsOut": 225761000,
        "weightedAverageShsOutDil": 232097000,
        "link": "https://www.sec.gov/Archives/edgar/data/39899/000003989914000033/0000039899-14-000033-index.htm",
        "finalLink": "https://www.sec.gov/Archives/edgar/data/39899/000003989914000033/gci-20140928x10q.htm"
    },
    {
        "date": "2014-06-29",
        "symbol": "TGNA",
        "reportedCurrency": "USD",
        "cik": "0000039899",
        "fillingDate": "2014-07-30",
        "acceptedDate": "2014-07-30 17:21:39",
        "calendarYear": "2014",
        "period": "Q2",
        "revenue": 1460004000,
        "costOfRevenue": 775627000,
        "grossProfit": 684377000,
        "grossProfitRatio": 0.4687500856,
        "researchAndDevelopmentExpenses": 0,
        "generalAndAdministrativeExpenses": 0,
        "sellingAndMarketingExpenses": 0,
        "sellingGeneralAndAdministrativeExpenses": 353779000,
        "otherExpenses": -2982000,
        "operatingExpenses": 413100000,
        "costAndExpenses": 1188727000,
        "interestIncome": 0,
        "interestExpense": 64148000,
        "depreciationAndAmortization": 59321000,
        "ebitda": 150822000,
        "ebitdaratio": 0.1033024567,
        "operatingIncome": 242502000,
        "operatingIncomeRatio": 0.1660968052,
        "totalOtherIncomeExpensesNet": 89410000,
        "incomeBeforeTax": 331912000,
        "incomeBeforeTaxRatio": 0.2273363635,
        "incomeTaxExpense": 106000000,
        "netIncome": 208467000,
        "netIncomeRatio": 0.1427852252,
        "eps": 0.92,
        "epsdiluted": 0.9,
        "weightedAverageShsOut": 226132000,
        "weightedAverageShsOutDil": 232106000,
        "link": "https://www.sec.gov/Archives/edgar/data/39899/000003989914000027/0000039899-14-000027-index.htm",
        "finalLink": "https://www.sec.gov/Archives/edgar/data/39899/000003989914000027/gci-20140629x10q.htm"
    },
    {
        "date": "2014-03-30",
        "symbol": "TGNA",
        "reportedCurrency": "USD",
        "cik": "0000039899",
        "fillingDate": "2014-05-07",
        "acceptedDate": "2014-05-07 16:14:14",
        "calendarYear": "2014",
        "period": "Q1",
        "revenue": 1404066000,
        "costOfRevenue": 767532000,
        "grossProfit": 636534000,
        "grossProfitRatio": 0.4533504835,
        "researchAndDevelopmentExpenses": 0,
        "generalAndAdministrativeExpenses": 0,
        "sellingAndMarketingExpenses": 0,
        "sellingGeneralAndAdministrativeExpenses": 355213000,
        "otherExpenses": -20748000,
        "operatingExpenses": 417720000,
        "costAndExpenses": 1185252000,
        "interestIncome": 0,
        "interestExpense": 69648000,
        "depreciationAndAmortization": 62507000,
        "ebitda": 281321000,
        "ebitdaratio": 0.2003616639,
        "operatingIncome": 203994000,
        "operatingIncomeRatio": 0.145288042,
        "totalOtherIncomeExpensesNet": -81905000,
        "incomeBeforeTax": 122089000,
        "incomeBeforeTaxRatio": 0.0869538896,
        "incomeTaxExpense": 52500000,
        "netIncome": 59159000,
        "netIncomeRatio": 0.0421340592,
        "eps": 0.26,
        "epsdiluted": 0.25,
        "weightedAverageShsOut": 227230000,
        "weightedAverageShsOutDil": 232268000,
        "link": "https://www.sec.gov/Archives/edgar/data/39899/000003989914000020/0000039899-14-000020-index.htm",
        "finalLink": "https://www.sec.gov/Archives/edgar/data/39899/000003989914000020/gci-20140330x10q.htm"
    },
    {
        "date": "2013-12-31",
        "symbol": "TGNA",
        "reportedCurrency": "USD",
        "cik": "0000039899",
        "fillingDate": "2014-02-27",
        "acceptedDate": "2014-02-26 19:03:09",
        "calendarYear": "2013",
        "period": "Q4",
        "revenue": 1368038000,
        "costOfRevenue": 722487000,
        "grossProfit": 645551000,
        "grossProfitRatio": 0.471880898,
        "researchAndDevelopmentExpenses": 0,
        "generalAndAdministrativeExpenses": 0,
        "sellingAndMarketingExpenses": 0,
        "sellingGeneralAndAdministrativeExpenses": 341451000,
        "otherExpenses": -18936000,
        "operatingExpenses": 388868000,
        "costAndExpenses": 1111355000,
        "interestIncome": 0,
        "interestExpense": 62857000,
        "depreciationAndAmortization": 47417000,
        "ebitda": 304100000,
        "ebitdaratio": 0.2222891469,
        "operatingIncome": 213606000,
        "operatingIncomeRatio": 0.1561403996,
        "totalOtherIncomeExpensesNet": -66898000,
        "incomeBeforeTax": 146708000,
        "incomeBeforeTaxRatio": 0.1072397112,
        "incomeTaxExpense": 41500000,
        "netIncome": 90747000,
        "netIncomeRatio": 0.0663336837,
        "eps": 0.4,
        "epsdiluted": 0.39,
        "weightedAverageShsOut": 227343000,
        "weightedAverageShsOutDil": 232585000,
        "link": "https://www.sec.gov/Archives/edgar/data/39899/000003989914000010/0000039899-14-000010-index.htm",
        "finalLink": "https://www.sec.gov/Archives/edgar/data/39899/000003989914000010/gci-20131229x10k.htm"
    },
    {
        "date": "2013-09-29",
        "symbol": "TGNA",
        "reportedCurrency": "USD",
        "cik": "0000039899",
        "fillingDate": "2013-11-06",
        "acceptedDate": "2013-11-06 16:27:34",
        "calendarYear": "2013",
        "period": "Q3",
        "revenue": 1252890000,
        "costOfRevenue": 713369000,
        "grossProfit": 539521000,
        "grossProfitRatio": 0.4306212038,
        "researchAndDevelopmentExpenses": 0,
        "generalAndAdministrativeExpenses": 0,
        "sellingAndMarketingExpenses": 0,
        "sellingGeneralAndAdministrativeExpenses": 315677000,
        "otherExpenses": -17580000,
        "operatingExpenses": 361943000,
        "costAndExpenses": 1075312000,
        "interestIncome": 0,
        "interestExpense": 41628000,
        "depreciationAndAmortization": 46266000,
        "ebitda": 223844000,
        "ebitdaratio": 0.1786621331,
        "operatingIncome": 171698000,
        "operatingIncomeRatio": 0.1370415599,
        "totalOtherIncomeExpensesNet": -47497000,
        "incomeBeforeTax": 124201000,
        "incomeBeforeTaxRatio": 0.0991316077,
        "incomeTaxExpense": 26700000,
        "netIncome": 79748000,
        "netIncomeRatio": 0.0636512383,
        "eps": 0.35,
        "epsdiluted": 0.34,
        "weightedAverageShsOut": 228587000,
        "weightedAverageShsOutDil": 234438000,
        "link": "https://www.sec.gov/Archives/edgar/data/39899/000003989913000037/0000039899-13-000037-index.htm",
        "finalLink": "https://www.sec.gov/Archives/edgar/data/39899/000003989913000037/gci-20130929x10q.htm"
    },
    {
        "date": "2013-06-30",
        "symbol": "TGNA",
        "reportedCurrency": "USD",
        "cik": "0000039899",
        "fillingDate": "2013-08-07",
        "acceptedDate": "2013-08-07 16:26:13",
        "calendarYear": "2013",
        "period": "Q2",
        "revenue": 1302699000,
        "costOfRevenue": 726869000,
        "grossProfit": 575830000,
        "grossProfitRatio": 0.4420284348,
        "researchAndDevelopmentExpenses": 0,
        "generalAndAdministrativeExpenses": 0,
        "sellingAndMarketingExpenses": 0,
        "sellingGeneralAndAdministrativeExpenses": 320615000,
        "otherExpenses": -9791000,
        "operatingExpenses": 368450000,
        "costAndExpenses": 1095319000,
        "interestIncome": 0,
        "interestExpense": 36174000,
        "depreciationAndAmortization": 47835000,
        "ebitda": 250350000,
        "ebitdaratio": 0.1921779321,
        "operatingIncome": 202882000,
        "operatingIncomeRatio": 0.1557397373,
        "totalOtherIncomeExpensesNet": -36541000,
        "incomeBeforeTax": 166341000,
        "incomeBeforeTaxRatio": 0.1276895123,
        "incomeTaxExpense": 39600000,
        "netIncome": 113620000,
        "netIncomeRatio": 0.0872189201,
        "eps": 0.5,
        "epsdiluted": 0.48,
        "weightedAverageShsOut": 228837000,
        "weightedAverageShsOutDil": 234636000,
        "link": "https://www.sec.gov/Archives/edgar/data/39899/000003989913000030/0000039899-13-000030-index.htm",
        "finalLink": "https://www.sec.gov/Archives/edgar/data/39899/000003989913000030/gci-20130630x10q.htm"
    },
    {
        "date": "2013-03-31",
        "symbol": "TGNA",
        "reportedCurrency": "USD",
        "cik": "0000039899",
        "fillingDate": "2013-05-08",
        "acceptedDate": "2013-05-08 16:08:20",
        "calendarYear": "2013",
        "period": "Q1",
        "revenue": 1237735000,
        "costOfRevenue": 719724000,
        "grossProfit": 518011000,
        "grossProfitRatio": 0.4185152718,
        "researchAndDevelopmentExpenses": 0,
        "generalAndAdministrativeExpenses": 0,
        "sellingAndMarketingExpenses": 0,
        "sellingGeneralAndAdministrativeExpenses": 314115000,
        "otherExpenses": -1583000,
        "operatingExpenses": 362169000,
        "costAndExpenses": 1081893000,
        "interestIncome": 0,
        "interestExpense": 35405000,
        "depreciationAndAmortization": 48054000,
        "ebitda": 205322000,
        "ebitdaratio": 0.1658852662,
        "operatingIncome": 151057000,
        "operatingIncomeRatio": 0.1220430868,
        "totalOtherIncomeExpensesNet": -29194000,
        "incomeBeforeTax": 121863000,
        "incomeBeforeTaxRatio": 0.0984564547,
        "incomeTaxExpense": 5400000,
        "netIncome": 104565000,
        "netIncomeRatio": 0.0844809269,
        "eps": 0.46,
        "epsdiluted": 0.44,
        "weightedAverageShsOut": 229396000,
        "weightedAverageShsOutDil": 235162000,
        "link": "https://www.sec.gov/Archives/edgar/data/39899/000003989913000017/0000039899-13-000017-index.htm",
        "finalLink": "https://www.sec.gov/Archives/edgar/data/39899/000003989913000017/gci-20130331x10q.htm"
    },
    {
        "date": "2012-12-31",
        "symbol": "TGNA",
        "reportedCurrency": "USD",
        "cik": "0000039899",
        "fillingDate": "2013-02-26",
        "acceptedDate": "2013-02-26 16:09:09",
        "calendarYear": "2012",
        "period": "Q4",
        "revenue": 1518309000,
        "costOfRevenue": 779777000,
        "grossProfit": 738532000,
        "grossProfitRatio": 0.4864174552,
        "researchAndDevelopmentExpenses": 0,
        "generalAndAdministrativeExpenses": 0,
        "sellingAndMarketingExpenses": 0,
        "sellingGeneralAndAdministrativeExpenses": 360422000,
        "otherExpenses": 6046000,
        "operatingExpenses": 410139000,
        "costAndExpenses": 1189916000,
        "interestIncome": 0,
        "interestExpense": 38927000,
        "depreciationAndAmortization": 49717000,
        "ebitda": 282550000,
        "ebitdaratio": 0.1860951888,
        "operatingIncome": 220380000,
        "operatingIncomeRatio": 0.1451483196,
        "totalOtherIncomeExpensesNet": -134487000,
        "incomeBeforeTax": 193906000,
        "incomeBeforeTaxRatio": 0.1277118162,
        "incomeTaxExpense": 78900000,
        "netIncome": 103085000,
        "netIncomeRatio": 0.0678946117,
        "eps": 0.45,
        "epsdiluted": 0.44,
        "weightedAverageShsOut": 229368000,
        "weightedAverageShsOutDil": 233980000,
        "link": "https://www.sec.gov/Archives/edgar/data/39899/000003989913000007/0000039899-13-000007-index.htm",
        "finalLink": "https://www.sec.gov/Archives/edgar/data/39899/000003989913000007/gci-20121230x10k.htm"
    },
    {
        "date": "2012-09-23",
        "symbol": "TGNA",
        "reportedCurrency": "USD",
        "cik": "0000039899",
        "fillingDate": "2012-10-31",
        "acceptedDate": "2012-10-31 16:02:19",
        "calendarYear": "2012",
        "period": "Q3",
        "revenue": 1309261000,
        "costOfRevenue": 720941000,
        "grossProfit": 588320000,
        "grossProfitRatio": 0.4493527265,
        "researchAndDevelopmentExpenses": 0,
        "generalAndAdministrativeExpenses": 0,
        "sellingAndMarketingExpenses": 0,
        "sellingGeneralAndAdministrativeExpenses": 318385000,
        "otherExpenses": 48505000,
        "operatingExpenses": 366890000,
        "costAndExpenses": 1087831000,
        "interestIncome": 0,
        "interestExpense": 35829000,
        "depreciationAndAmortization": 48505000,
        "ebitda": 271642000,
        "ebitdaratio": 0.2074773479,
        "operatingIncome": 217199000,
        "operatingIncomeRatio": 0.165894348,
        "totalOtherIncomeExpensesNet": -29891000,
        "incomeBeforeTax": 187308000,
        "incomeBeforeTaxRatio": 0.1430639116,
        "incomeTaxExpense": 38700000,
        "netIncome": 133083000,
        "netIncomeRatio": 0.1016474179,
        "eps": 0.58,
        "epsdiluted": 0.56,
        "weightedAverageShsOut": 230556000,
        "weightedAverageShsOutDil": 235550000,
        "link": "https://www.sec.gov/Archives/edgar/data/39899/000119312512443755/0001193125-12-443755-index.htm",
        "finalLink": "https://www.sec.gov/Archives/edgar/data/39899/000119312512443755/d398987d10q.htm"
    },
    {
        "date": "2012-06-24",
        "symbol": "TGNA",
        "reportedCurrency": "USD",
        "cik": "0000039899",
        "fillingDate": "2012-08-01",
        "acceptedDate": "2012-08-01 16:50:11",
        "calendarYear": "2012",
        "period": "Q2",
        "revenue": 1307040000,
        "costOfRevenue": 720889000,
        "grossProfit": 586151000,
        "grossProfitRatio": 0.4484568185,
        "researchAndDevelopmentExpenses": 0,
        "generalAndAdministrativeExpenses": 0,
        "sellingAndMarketingExpenses": 0,
        "sellingGeneralAndAdministrativeExpenses": 316301000,
        "otherExpenses": 48235000,
        "operatingExpenses": 364536000,
        "costAndExpenses": 1085425000,
        "interestIncome": 0,
        "interestExpense": 36142000,
        "depreciationAndAmortization": 48235000,
        "ebitda": 271136000,
        "ebitdaratio": 0.2074427715,
        "operatingIncome": 216518000,
        "operatingIncomeRatio": 0.165655221,
        "totalOtherIncomeExpensesNet": -29759000,
        "incomeBeforeTax": 186759000,
        "incomeBeforeTaxRatio": 0.1428869813,
        "incomeTaxExpense": 51200000,
        "netIncome": 119889000,
        "netIncomeRatio": 0.0917255784,
        "eps": 0.51,
        "epsdiluted": 0.51,
        "weightedAverageShsOut": 233334000,
        "weightedAverageShsOutDil": 237136000,
        "link": "https://www.sec.gov/Archives/edgar/data/39899/000119312512329029/0001193125-12-329029-index.htm",
        "finalLink": "https://www.sec.gov/Archives/edgar/data/39899/000119312512329029/d369872d10q.htm"
    },
    {
        "date": "2012-03-25",
        "symbol": "TGNA",
        "reportedCurrency": "USD",
        "cik": "0000039899",
        "fillingDate": "2012-05-02",
        "acceptedDate": "2012-05-02 16:36:03",
        "calendarYear": "2012",
        "period": "Q1",
        "revenue": 1218587000,
        "costOfRevenue": 722240000,
        "grossProfit": 496347000,
        "grossProfitRatio": 0.4073135525,
        "researchAndDevelopmentExpenses": 0,
        "generalAndAdministrativeExpenses": 0,
        "sellingAndMarketingExpenses": 0,
        "sellingGeneralAndAdministrativeExpenses": 313107000,
        "otherExpenses": 2035000,
        "operatingExpenses": 360689000,
        "costAndExpenses": 1082929000,
        "interestIncome": 0,
        "interestExpense": 39571000,
        "depreciationAndAmortization": 47582000,
        "ebitda": 189587000,
        "ebitdaratio": 0.1555793718,
        "operatingIncome": 135658000,
        "operatingIncomeRatio": 0.1113240171,
        "totalOtherIncomeExpensesNet": -33224000,
        "incomeBeforeTax": 102434000,
        "incomeBeforeTaxRatio": 0.0840596527,
        "incomeTaxExpense": 26600000,
        "netIncome": 68223000,
        "netIncomeRatio": 0.0559853338,
        "eps": 0.29,
        "epsdiluted": 0.28,
        "weightedAverageShsOut": 236280000,
        "weightedAverageShsOutDil": 240411000,
        "link": "https://www.sec.gov/Archives/edgar/data/39899/000119312512204752/0001193125-12-204752-index.htm",
        "finalLink": "https://www.sec.gov/Archives/edgar/data/39899/000119312512204752/d318014d10q.htm"
    },
    {
        "date": "2011-12-31",
        "symbol": "TGNA",
        "reportedCurrency": "USD",
        "cik": "0000039899",
        "fillingDate": "2012-02-22",
        "acceptedDate": "2012-02-22 16:03:54",
        "calendarYear": "2011",
        "period": "Q4",
        "revenue": 1387755000,
        "costOfRevenue": 782040000,
        "grossProfit": 605715000,
        "grossProfitRatio": 0.436471135,
        "researchAndDevelopmentExpenses": 0,
        "generalAndAdministrativeExpenses": 0,
        "sellingAndMarketingExpenses": 0,
        "sellingGeneralAndAdministrativeExpenses": 331741000,
        "otherExpenses": 48521000,
        "operatingExpenses": 380262000,
        "costAndExpenses": 1162302000,
        "interestIncome": 0,
        "interestExpense": 40831000,
        "depreciationAndAmortization": 48521000,
        "ebitda": 240130000,
        "ebitdaratio": 0.1730348657,
        "operatingIncome": 212260000,
        "operatingIncomeRatio": 0.1529520701,
        "totalOtherIncomeExpensesNet": -61482000,
        "incomeBeforeTax": 150778000,
        "incomeBeforeTaxRatio": 0.1086488609,
        "incomeTaxExpense": 26100000,
        "netIncome": 116940000,
        "netIncomeRatio": 0.0842655944,
        "eps": 0.49,
        "epsdiluted": 0.49,
        "weightedAverageShsOut": 236280000,
        "weightedAverageShsOutDil": 240411000,
        "link": "https://www.sec.gov/Archives/edgar/data/39899/000119312512072714/0001193125-12-072714-index.htm",
        "finalLink": "https://www.sec.gov/Archives/edgar/data/39899/000119312512072714/d258830d10k.htm"
    },
    {
        "date": "2011-09-25",
        "symbol": "TGNA",
        "reportedCurrency": "USD",
        "cik": "0000039899",
        "fillingDate": "2011-11-02",
        "acceptedDate": "2011-11-02 14:23:10",
        "calendarYear": "2011",
        "period": "Q3",
        "revenue": 1266034000,
        "costOfRevenue": 721888000,
        "grossProfit": 544146000,
        "grossProfitRatio": 0.429803623,
        "researchAndDevelopmentExpenses": 0,
        "generalAndAdministrativeExpenses": 0,
        "sellingAndMarketingExpenses": 0,
        "sellingGeneralAndAdministrativeExpenses": 297001000,
        "otherExpenses": 48984000,
        "operatingExpenses": 345985000,
        "costAndExpenses": 1067873000,
        "interestIncome": 0,
        "interestExpense": 40939000,
        "depreciationAndAmortization": 48984000,
        "ebitda": 246503000,
        "ebitdaratio": 0.1947048815,
        "operatingIncome": 198161000,
        "operatingIncomeRatio": 0.1565210729,
        "totalOtherIncomeExpensesNet": -41581000,
        "incomeBeforeTax": 156580000,
        "incomeBeforeTaxRatio": 0.1236775632,
        "incomeTaxExpense": 44800000,
        "netIncome": 99788000,
        "netIncomeRatio": 0.0788193682,
        "eps": 0.42,
        "epsdiluted": 0.41,
        "weightedAverageShsOut": 239688000,
        "weightedAverageShsOutDil": 243350000,
        "link": "https://www.sec.gov/Archives/edgar/data/39899/000119312511292520/0001193125-11-292520-index.htm",
        "finalLink": "https://www.sec.gov/Archives/edgar/data/39899/000119312511292520/d236095d10q.htm"
    },
    {
        "date": "2011-06-26",
        "symbol": "TGNA",
        "reportedCurrency": "USD",
        "cik": "0000039899",
        "fillingDate": "2011-08-03",
        "acceptedDate": "2011-08-03 16:09:54",
        "calendarYear": "2011",
        "period": "Q2",
        "revenue": 1334939000,
        "costOfRevenue": 739654000,
        "grossProfit": 595285000,
        "grossProfitRatio": 0.4459267427,
        "researchAndDevelopmentExpenses": 0,
        "generalAndAdministrativeExpenses": 0,
        "sellingAndMarketingExpenses": 0,
        "sellingGeneralAndAdministrativeExpenses": 303590000,
        "otherExpenses": 49941000,
        "operatingExpenses": 353531000,
        "costAndExpenses": 1093185000,
        "interestIncome": 0,
        "interestExpense": 44741000,
        "depreciationAndAmortization": 49941000,
        "ebitda": 303509000,
        "ebitdaratio": 0.2273579542,
        "operatingIncome": 241754000,
        "operatingIncomeRatio": 0.1810974134,
        "totalOtherIncomeExpensesNet": -6766000,
        "incomeBeforeTax": 208827000,
        "incomeBeforeTaxRatio": 0.1564318669,
        "incomeTaxExpense": 43300000,
        "netIncome": 151527000,
        "netIncomeRatio": 0.1135085573,
        "eps": 0.63,
        "epsdiluted": 0.62,
        "weightedAverageShsOut": 240311000,
        "weightedAverageShsOutDil": 243995000,
        "link": "https://www.sec.gov/Archives/edgar/data/39899/000119312511208158/0001193125-11-208158-index.htm",
        "finalLink": "https://www.sec.gov/Archives/edgar/data/39899/000119312511208158/d10q.htm"
    },
    {
        "date": "2011-03-27",
        "symbol": "TGNA",
        "reportedCurrency": "USD",
        "cik": "0000039899",
        "fillingDate": "2011-05-04",
        "acceptedDate": "2011-05-04 16:20:40",
        "calendarYear": "2011",
        "period": "Q1",
        "revenue": 1251261000,
        "costOfRevenue": 717515000,
        "grossProfit": 533746000,
        "grossProfitRatio": 0.4265664797,
        "researchAndDevelopmentExpenses": 0,
        "generalAndAdministrativeExpenses": 0,
        "sellingAndMarketingExpenses": 0,
        "sellingGeneralAndAdministrativeExpenses": 305203000,
        "otherExpenses": 49927000,
        "operatingExpenses": 355130000,
        "costAndExpenses": 1072645000,
        "interestIncome": 0,
        "interestExpense": 46629000,
        "depreciationAndAmortization": 49927000,
        "ebitda": 233298000,
        "ebitdaratio": 0.1864503089,
        "operatingIncome": 178616000,
        "operatingIncomeRatio": 0.142748795,
        "totalOtherIncomeExpensesNet": -41874000,
        "incomeBeforeTax": 136742000,
        "incomeBeforeTaxRatio": 0.109283355,
        "incomeTaxExpense": 38600000,
        "netIncome": 90493000,
        "netIncomeRatio": 0.0723214421,
        "eps": 0.38,
        "epsdiluted": 0.37,
        "weightedAverageShsOut": 239712000,
        "weightedAverageShsOutDil": 243308000,
        "link": "https://www.sec.gov/Archives/edgar/data/39899/000095012311044647/0000950123-11-044647-index.htm",
        "finalLink": "https://www.sec.gov/Archives/edgar/data/39899/000095012311044647/c15648e10vq.htm"
    },
    {
        "date": "2010-12-31",
        "symbol": "TGNA",
        "reportedCurrency": "USD",
        "cik": "0000039899",
        "fillingDate": "2011-02-23",
        "acceptedDate": "2011-02-23 16:20:21",
        "calendarYear": "2010",
        "period": "Q4",
        "revenue": 1461615000,
        "costOfRevenue": 755451000,
        "grossProfit": 706164000,
        "grossProfitRatio": 0.4831395409,
        "researchAndDevelopmentExpenses": 0,
        "generalAndAdministrativeExpenses": 0,
        "sellingAndMarketingExpenses": 0,
        "sellingGeneralAndAdministrativeExpenses": 310366000,
        "otherExpenses": 52066000,
        "operatingExpenses": 362432000,
        "costAndExpenses": 1117883000,
        "interestIncome": 0,
        "interestExpense": 46308000,
        "depreciationAndAmortization": 52066000,
        "ebitda": 367091000,
        "ebitdaratio": 0.2511543738,
        "operatingIncome": 309768000,
        "operatingIncomeRatio": 0.2119354276,
        "totalOtherIncomeExpensesNet": -41051000,
        "incomeBeforeTax": 268717000,
        "incomeBeforeTaxRatio": 0.1838493721,
        "incomeTaxExpense": 84800000,
        "netIncome": 174135000,
        "netIncomeRatio": 0.1191387609,
        "eps": 0.73,
        "epsdiluted": 0.72,
        "weightedAverageShsOut": 239712000,
        "weightedAverageShsOutDil": 243308000,
        "link": "https://www.sec.gov/Archives/edgar/data/39899/000095012311017139/0000950123-11-017139-index.htm",
        "finalLink": "https://www.sec.gov/Archives/edgar/data/39899/000095012311017139/c11288e10vk.htm"
    },
    {
        "date": "2010-09-26",
        "symbol": "TGNA",
        "reportedCurrency": "USD",
        "cik": "0000039899",
        "fillingDate": "2010-11-01",
        "acceptedDate": "2010-11-01 16:17:36",
        "calendarYear": "2010",
        "period": "Q3",
        "revenue": 1312335000,
        "costOfRevenue": 747416000,
        "grossProfit": 564919000,
        "grossProfitRatio": 0.4304685922,
        "researchAndDevelopmentExpenses": 0,
        "generalAndAdministrativeExpenses": 0,
        "sellingAndMarketingExpenses": 0,
        "sellingGeneralAndAdministrativeExpenses": 289443000,
        "otherExpenses": 52143000,
        "operatingExpenses": 341586000,
        "costAndExpenses": 1089002000,
        "interestIncome": 0,
        "interestExpense": 41015000,
        "depreciationAndAmortization": 52143000,
        "ebitda": 261849000,
        "ebitdaratio": 0.1995290837,
        "operatingIncome": 200288000,
        "operatingIncomeRatio": 0.1526195674,
        "totalOtherIncomeExpensesNet": -31600000,
        "incomeBeforeTax": 168688000,
        "incomeBeforeTaxRatio": 0.1285403498,
        "incomeTaxExpense": 55000000,
        "netIncome": 101409000,
        "netIncomeRatio": 0.0772737144,
        "eps": 0.43,
        "epsdiluted": 0.42,
        "weightedAverageShsOut": 235834884,
        "weightedAverageShsOutDil": 241450000,
        "link": "https://www.sec.gov/Archives/edgar/data/39899/000095012310098804/0000950123-10-098804-index.htm",
        "finalLink": "https://www.sec.gov/Archives/edgar/data/39899/000095012310098804/c06537e10vq.htm"
    },
    {
        "date": "2010-06-27",
        "symbol": "TGNA",
        "reportedCurrency": "USD",
        "cik": "0000039899",
        "fillingDate": "2010-07-30",
        "acceptedDate": "2010-07-30 16:20:21",
        "calendarYear": "2010",
        "period": "Q2",
        "revenue": 1365143000,
        "costOfRevenue": 745489000,
        "grossProfit": 619654000,
        "grossProfitRatio": 0.4539114217,
        "researchAndDevelopmentExpenses": 0,
        "generalAndAdministrativeExpenses": 0,
        "sellingAndMarketingExpenses": 0,
        "sellingGeneralAndAdministrativeExpenses": 292691000,
        "otherExpenses": 54354000,
        "operatingExpenses": 347045000,
        "costAndExpenses": 1092534000,
        "interestIncome": 0,
        "interestExpense": 42190000,
        "depreciationAndAmortization": 54354000,
        "ebitda": 331747000,
        "ebitdaratio": 0.2430126368,
        "operatingIncome": 272609000,
        "operatingIncomeRatio": 0.1996926329,
        "totalOtherIncomeExpensesNet": -37621000,
        "incomeBeforeTax": 234988000,
        "incomeBeforeTaxRatio": 0.1721343478,
        "incomeTaxExpense": 49400000,
        "netIncome": 195478000,
        "netIncomeRatio": 0.1431923249,
        "eps": 0.82,
        "epsdiluted": 0.81,
        "weightedAverageShsOut": 238387805,
        "weightedAverageShsOutDil": 241505000,
        "link": "https://www.sec.gov/Archives/edgar/data/39899/000095012310070517/0000950123-10-070517-index.htm",
        "finalLink": "https://www.sec.gov/Archives/edgar/data/39899/000095012310070517/c03110e10vq.htm"
    },
    {
        "date": "2010-03-28",
        "symbol": "TGNA",
        "reportedCurrency": "USD",
        "cik": "0000039899",
        "fillingDate": "2010-05-04",
        "acceptedDate": "2010-05-04 16:16:10",
        "calendarYear": "2010",
        "period": "Q1",
        "revenue": 1322405000,
        "costOfRevenue": 748559000,
        "grossProfit": 573846000,
        "grossProfitRatio": 0.4339411905,
        "researchAndDevelopmentExpenses": 0,
        "generalAndAdministrativeExpenses": 0,
        "sellingAndMarketingExpenses": 0,
        "sellingGeneralAndAdministrativeExpenses": 299759000,
        "otherExpenses": 55903000,
        "operatingExpenses": 355662000,
        "costAndExpenses": 1104221000,
        "interestIncome": 0,
        "interestExpense": 43480000,
        "depreciationAndAmortization": 55903000,
        "ebitda": 272943000,
        "ebitdaratio": 0.2063989474,
        "operatingIncome": 218184000,
        "operatingIncomeRatio": 0.1649903018,
        "totalOtherIncomeExpensesNet": -43463000,
        "incomeBeforeTax": 174714000,
        "incomeBeforeTaxRatio": 0.1321183752,
        "incomeTaxExpense": 55400000,
        "netIncome": 117179000,
        "netIncomeRatio": 0.088610524,
        "eps": 0.49,
        "epsdiluted": 0.49,
        "weightedAverageShsOut": 239140816,
        "weightedAverageShsOutDil": 239140816,
        "link": "https://www.sec.gov/Archives/edgar/data/39899/000095012310043564/0000950123-10-043564-index.htm",
        "finalLink": "https://www.sec.gov/Archives/edgar/data/39899/000095012310043564/c98163e10vq.htm"
    },
    {
        "date": "2009-12-31",
        "symbol": "TGNA",
        "reportedCurrency": "USD",
        "cik": "0000039899",
        "fillingDate": "2010-02-24",
        "acceptedDate": "2010-02-24 16:17:01",
        "calendarYear": "2009",
        "period": "Q4",
        "revenue": 1485339000,
        "costOfRevenue": 801484000,
        "grossProfit": 683855000,
        "grossProfitRatio": 0.4604033153,
        "researchAndDevelopmentExpenses": 0,
        "generalAndAdministrativeExpenses": 0,
        "sellingAndMarketingExpenses": 0,
        "sellingGeneralAndAdministrativeExpenses": 320720000,
        "otherExpenses": 57599000,
        "operatingExpenses": 378319000,
        "costAndExpenses": 1179803000,
        "interestIncome": 0,
        "interestExpense": 44799000,
        "depreciationAndAmortization": 57599000,
        "ebitda": 321210000,
        "ebitdaratio": 0.2162536633,
        "operatingIncome": 259271000,
        "operatingIncomeRatio": 0.1745534184,
        "totalOtherIncomeExpensesNet": -40459000,
        "incomeBeforeTax": 218812000,
        "incomeBeforeTaxRatio": 0.1473145188,
        "incomeTaxExpense": 77700000,
        "netIncome": 133602000,
        "netIncomeRatio": 0.0899471434,
        "eps": 0.56,
        "epsdiluted": 0.56,
        "weightedAverageShsOut": 236614053,
        "weightedAverageShsOutDil": 239140816,
        "link": "https://www.sec.gov/Archives/edgar/data/39899/000095012310016360/0000950123-10-016360-index.htm",
        "finalLink": "https://www.sec.gov/Archives/edgar/data/39899/000095012310016360/c95384e10vk.htm"
    },
    {
        "date": "2009-09-27",
        "symbol": "TGNA",
        "reportedCurrency": "USD",
        "cik": "0000039899",
        "fillingDate": "2009-11-04",
        "acceptedDate": "2009-11-04 12:57:54",
        "calendarYear": "2009",
        "period": "Q3",
        "revenue": 1336583000,
        "costOfRevenue": 796984000,
        "grossProfit": 539599000,
        "grossProfitRatio": 0.4037152949,
        "researchAndDevelopmentExpenses": 0,
        "generalAndAdministrativeExpenses": 0,
        "sellingAndMarketingExpenses": 0,
        "sellingGeneralAndAdministrativeExpenses": 284111000,
        "otherExpenses": 59279000,
        "operatingExpenses": 343390000,
        "costAndExpenses": 1140374000,
        "interestIncome": 0,
        "interestExpense": 38065000,
        "depreciationAndAmortization": 59279000,
        "ebitda": 218177000,
        "ebitdaratio": 0.1632349057,
        "operatingIncome": 156961000,
        "operatingIncomeRatio": 0.1174345327,
        "totalOtherIncomeExpensesNet": -36127000,
        "incomeBeforeTax": 122093000,
        "incomeBeforeTaxRatio": 0.0913471142,
        "incomeTaxExpense": 36900000,
        "netIncome": 73752000,
        "netIncomeRatio": 0.0551795137,
        "eps": 0.31,
        "epsdiluted": 0.31,
        "weightedAverageShsOut": 237909677,
        "weightedAverageShsOutDil": 237909677,
        "link": "https://www.sec.gov/Archives/edgar/data/39899/000095012309057428/0000950123-09-057428-index.htm",
        "finalLink": "https://www.sec.gov/Archives/edgar/data/39899/000095012309057428/c91650e10vq.htm"
    },
    {
        "date": "2009-06-28",
        "symbol": "TGNA",
        "reportedCurrency": "USD",
        "cik": "0000039899",
        "fillingDate": "2009-07-30",
        "acceptedDate": "2009-07-29 19:35:20",
        "calendarYear": "2009",
        "period": "Q2",
        "revenue": 1412593000,
        "costOfRevenue": 867312000,
        "grossProfit": 545281000,
        "grossProfitRatio": 0.3860142306,
        "researchAndDevelopmentExpenses": 0,
        "generalAndAdministrativeExpenses": 0,
        "sellingAndMarketingExpenses": 0,
        "sellingGeneralAndAdministrativeExpenses": 293102000,
        "otherExpenses": 62030000,
        "operatingExpenses": 355132000,
        "costAndExpenses": 1222444000,
        "interestIncome": 0,
        "interestExpense": 43972000,
        "depreciationAndAmortization": 62030000,
        "ebitda": 223498000,
        "ebitdaratio": 0.1582182554,
        "operatingIncome": 142758000,
        "operatingIncomeRatio": 0.1010609567,
        "totalOtherIncomeExpensesNet": -24550000,
        "incomeBeforeTax": 118207000,
        "incomeBeforeTaxRatio": 0.0836808621,
        "incomeTaxExpense": 39900000,
        "netIncome": 78307000,
        "netIncomeRatio": 0.0554349342,
        "eps": 0.3,
        "epsdiluted": 0.3,
        "weightedAverageShsOut": 234936667,
        "weightedAverageShsOutDil": 234936667,
        "link": "https://www.sec.gov/Archives/edgar/data/39899/000095012309027154/0000950123-09-027154-index.htm",
        "finalLink": "https://www.sec.gov/Archives/edgar/data/39899/000095012309027154/w74975e10vq.htm"
    },
    {
        "date": "2009-03-29",
        "symbol": "TGNA",
        "reportedCurrency": "USD",
        "cik": "0000039899",
        "fillingDate": "2009-05-08",
        "acceptedDate": "2009-05-08 16:11:57",
        "calendarYear": "2009",
        "period": "Q1",
        "revenue": 1378478000,
        "costOfRevenue": 839004000,
        "grossProfit": 539474000,
        "grossProfitRatio": 0.3913548131,
        "researchAndDevelopmentExpenses": 0,
        "generalAndAdministrativeExpenses": 0,
        "sellingAndMarketingExpenses": 0,
        "sellingGeneralAndAdministrativeExpenses": 309380000,
        "otherExpenses": 63901000,
        "operatingExpenses": 373281000,
        "costAndExpenses": 1212285000,
        "interestIncome": 0,
        "interestExpense": 48912000,
        "depreciationAndAmortization": 63901000,
        "ebitda": 229862000,
        "ebitdaratio": 0.1667505756,
        "operatingIncome": 166193000,
        "operatingIncomeRatio": 0.1205626785,
        "totalOtherIncomeExpensesNet": -49144000,
        "incomeBeforeTax": 117049000,
        "incomeBeforeTaxRatio": 0.084911765,
        "incomeTaxExpense": 39300000,
        "netIncome": 77435000,
        "netIncomeRatio": 0.0561742734,
        "eps": 0.34,
        "epsdiluted": 0.34,
        "weightedAverageShsOut": 229570000,
        "weightedAverageShsOutDil": 230951000,
        "link": "https://www.sec.gov/Archives/edgar/data/39899/000136231009006940/0001362310-09-006940-index.htm",
        "finalLink": "https://www.sec.gov/Archives/edgar/data/39899/000136231009006940/c84962e10vq.htm"
    },
    {
        "date": "2008-12-31",
        "symbol": "TGNA",
        "reportedCurrency": "USD",
        "cik": "0000039899",
        "fillingDate": "2009-02-25",
        "acceptedDate": "2009-02-25 17:16:05",
        "calendarYear": "2008",
        "period": "Q4",
        "revenue": 1735482000,
        "costOfRevenue": 1052685000,
        "grossProfit": 682797000,
        "grossProfitRatio": 0.3934336398,
        "researchAndDevelopmentExpenses": 0,
        "generalAndAdministrativeExpenses": 0,
        "sellingAndMarketingExpenses": 0,
        "sellingGeneralAndAdministrativeExpenses": 355207000,
        "otherExpenses": -2433907000,
        "operatingExpenses": -2078700000,
        "costAndExpenses": -1026015000,
        "interestIncome": 0,
        "interestExpense": 5308609000,
        "depreciationAndAmortization": 57458000,
        "ebitda": -5510928000,
        "ebitdaratio": -3.1754452077,
        "operatingIncome": -5214921000,
        "operatingIncomeRatio": -3.0048833696,
        "totalOtherIncomeExpensesNet": -172323000,
        "incomeBeforeTax": -5387244000,
        "incomeBeforeTaxRatio": -3.1041773986,
        "incomeTaxExpense": -680600000,
        "netIncome": -4706644000,
        "netIncomeRatio": -2.7120096895,
        "eps": -20.5,
        "epsdiluted": -20.38,
        "weightedAverageShsOut": 229570000,
        "weightedAverageShsOutDil": 230951000,
        "link": "https://www.sec.gov/Archives/edgar/data/39899/000136231009002765/0001362310-09-002765-index.htm",
        "finalLink": "https://www.sec.gov/Archives/edgar/data/39899/000136231009002765/c81466e10vk.htm"
    },
    {
        "date": "2008-09-28",
        "symbol": "TGNA",
        "reportedCurrency": "USD",
        "cik": "0000039899",
        "fillingDate": "2008-11-06",
        "acceptedDate": "2008-11-06 16:41:00",
        "calendarYear": "2008",
        "period": "Q3",
        "revenue": 1637310000,
        "costOfRevenue": 985004000,
        "grossProfit": 652306000,
        "grossProfitRatio": 0.3984010358,
        "researchAndDevelopmentExpenses": 0,
        "generalAndAdministrativeExpenses": 0,
        "sellingAndMarketingExpenses": 0,
        "sellingGeneralAndAdministrativeExpenses": 328320000,
        "otherExpenses": 64805000,
        "operatingExpenses": 393125000,
        "costAndExpenses": 1378129000,
        "interestIncome": 0,
        "interestExpense": 47757000,
        "depreciationAndAmortization": 64805000,
        "ebitda": 327505000,
        "ebitdaratio": 0.2000262626,
        "operatingIncome": 259181000,
        "operatingIncomeRatio": 0.1582968405,
        "totalOtherIncomeExpensesNet": -43283000,
        "incomeBeforeTax": 214757000,
        "incomeBeforeTaxRatio": 0.1311645321,
        "incomeTaxExpense": 56700000,
        "netIncome": 158057000,
        "netIncomeRatio": 0.0965345597,
        "eps": 0.69,
        "epsdiluted": 0.69,
        "weightedAverageShsOut": 227920000,
        "weightedAverageShsOutDil": 228331000,
        "link": "https://www.sec.gov/Archives/edgar/data/39899/000136231008006768/0001362310-08-006768-index.htm",
        "finalLink": "https://www.sec.gov/Archives/edgar/data/39899/000136231008006768/c76713e10vq.htm"
    },
    {
        "date": "2008-06-29",
        "symbol": "TGNA",
        "reportedCurrency": "USD",
        "cik": "0000039899",
        "fillingDate": "2008-08-01",
        "acceptedDate": "2008-08-01 16:17:45",
        "calendarYear": "2008",
        "period": "Q2",
        "revenue": 1717989000,
        "costOfRevenue": 988538000,
        "grossProfit": 729451000,
        "grossProfitRatio": 0.4245958501,
        "researchAndDevelopmentExpenses": 0,
        "generalAndAdministrativeExpenses": 0,
        "sellingAndMarketingExpenses": 0,
        "sellingGeneralAndAdministrativeExpenses": 299539000,
        "otherExpenses": -1703634000,
        "operatingExpenses": -1404095000,
        "costAndExpenses": -415557000,
        "interestIncome": 0,
        "interestExpense": 7044527000,
        "depreciationAndAmortization": 72093000,
        "ebitda": -2133546000,
        "ebitdaratio": -1.2418857164,
        "operatingIncome": 2133546000,
        "operatingIncomeRatio": 1.2418857164,
        "totalOtherIncomeExpensesNet": -291388000,
        "incomeBeforeTax": -2424956000,
        "incomeBeforeTaxRatio": -1.4115084555,
        "incomeTaxExpense": -134200000,
        "netIncome": -2290756000,
        "netIncomeRatio": -1.3333938692,
        "eps": -10.03,
        "epsdiluted": -10.03,
        "weightedAverageShsOut": 228325000,
        "weightedAverageShsOutDil": 228325000,
        "link": "https://www.sec.gov/Archives/edgar/data/39899/000136231008004057/0001362310-08-004057-index.htm",
        "finalLink": "https://www.sec.gov/Archives/edgar/data/39899/000136231008004057/c74107e10vq.htm"
    },
    {
        "date": "2008-03-30",
        "symbol": "TGNA",
        "reportedCurrency": "USD",
        "cik": "0000039899",
        "fillingDate": "2008-04-30",
        "acceptedDate": "2008-04-30 12:02:26",
        "calendarYear": "2008",
        "period": "Q1",
        "revenue": 1676869000,
        "costOfRevenue": 986500000,
        "grossProfit": 690369000,
        "grossProfitRatio": 0.4117012122,
        "researchAndDevelopmentExpenses": 0,
        "generalAndAdministrativeExpenses": 0,
        "sellingAndMarketingExpenses": 0,
        "sellingGeneralAndAdministrativeExpenses": 294896000,
        "otherExpenses": 67842000,
        "operatingExpenses": 362738000,
        "costAndExpenses": 1349238000,
        "interestIncome": 0,
        "interestExpense": 12002000,
        "depreciationAndAmortization": 67842000,
        "ebitda": 407890000,
        "ebitdaratio": 0.2432450001,
        "operatingIncome": 327631000,
        "operatingIncomeRatio": 0.195382585,
        "totalOtherIncomeExpensesNet": -36132000,
        "incomeBeforeTax": 291478000,
        "incomeBeforeTaxRatio": 0.1738227613,
        "incomeTaxExpense": 99700000,
        "netIncome": 191778000,
        "netIncomeRatio": 0.1143667156,
        "eps": 0.84,
        "epsdiluted": 0.84,
        "weightedAverageShsOut": 229219000,
        "weightedAverageShsOutDil": 229661000,
        "link": "https://www.sec.gov/Archives/edgar/data/39899/000136231008002290/0001362310-08-002290-index.htm",
        "finalLink": "https://www.sec.gov/Archives/edgar/data/39899/000136231008002290/c73115e10vq.htm"
    },
    {
        "date": "2007-12-31",
        "symbol": "TGNA",
        "reportedCurrency": "USD",
        "cik": "0000039899",
        "fillingDate": "2008-02-28",
        "acceptedDate": "2008-02-28 13:33:48",
        "calendarYear": "2007",
        "period": "Q4",
        "revenue": 1856485000,
        "costOfRevenue": 1027630000,
        "grossProfit": 828855000,
        "grossProfitRatio": 0.44646469,
        "researchAndDevelopmentExpenses": 0,
        "generalAndAdministrativeExpenses": 0,
        "sellingAndMarketingExpenses": 0,
        "sellingGeneralAndAdministrativeExpenses": 315279000,
        "otherExpenses": 140919000,
        "operatingExpenses": 456198000,
        "costAndExpenses": 1483828000,
        "interestIncome": 0,
        "interestExpense": 77760000,
        "depreciationAndAmortization": 70232000,
        "ebitda": 442889000,
        "ebitdaratio": 0.2385631987,
        "operatingIncome": 372657000,
        "operatingIncomeRatio": 0.2007325672,
        "totalOtherIncomeExpensesNet": -6043000,
        "incomeBeforeTax": 366614000,
        "incomeBeforeTaxRatio": 0.1974774911,
        "incomeTaxExpense": 121300000,
        "netIncome": 245314000,
        "netIncomeRatio": 0.1321389615,
        "eps": 1.07,
        "epsdiluted": 1.07,
        "weightedAverageShsOut": 229219000,
        "weightedAverageShsOutDil": 229661000,
        "link": "https://www.sec.gov/Archives/edgar/data/39899/000119312508041403/0001193125-08-041403-index.htm",
        "finalLink": "https://www.sec.gov/Archives/edgar/data/39899/000119312508041403/d10k.htm"
    },
    {
        "date": "2007-09-30",
        "symbol": "TGNA",
        "reportedCurrency": "USD",
        "cik": "0000039899",
        "fillingDate": "2007-11-08",
        "acceptedDate": "2007-11-08 16:41:21",
        "calendarYear": "2007",
        "period": "Q3",
        "revenue": 1812756000,
        "costOfRevenue": 1026041000,
        "grossProfit": 786715000,
        "grossProfitRatio": 0.4339883581,
        "researchAndDevelopmentExpenses": 0,
        "generalAndAdministrativeExpenses": 0,
        "sellingAndMarketingExpenses": 0,
        "sellingGeneralAndAdministrativeExpenses": 313654000,
        "otherExpenses": 70214000,
        "operatingExpenses": 383868000,
        "costAndExpenses": 1409909000,
        "interestIncome": 0,
        "interestExpense": 51436000,
        "depreciationAndAmortization": 70214000,
        "ebitda": 459343000,
        "ebitdaratio": 0.2533948309,
        "operatingIncome": 402847000,
        "operatingIncomeRatio": 0.2222290259,
        "totalOtherIncomeExpensesNet": -43505000,
        "incomeBeforeTax": 345624000,
        "incomeBeforeTaxRatio": 0.1906621741,
        "incomeTaxExpense": 111600000,
        "netIncome": 234024000,
        "netIncomeRatio": 0.1290984556,
        "eps": 1.01,
        "epsdiluted": 1.01,
        "weightedAverageShsOut": 232392000,
        "weightedAverageShsOutDil": 232698000,
        "link": "https://www.sec.gov/Archives/edgar/data/39899/000119312507240423/0001193125-07-240423-index.htm",
        "finalLink": "https://www.sec.gov/Archives/edgar/data/39899/000119312507240423/d10q.htm"
    },
    {
        "date": "2007-07-01",
        "symbol": "TGNA",
        "reportedCurrency": "USD",
        "cik": "0000039899",
        "fillingDate": "2007-08-08",
        "acceptedDate": "2007-08-08 16:50:20",
        "calendarYear": "2007",
        "period": "Q2",
        "revenue": 1928225000,
        "costOfRevenue": 1052476000,
        "grossProfit": 875749000,
        "grossProfitRatio": 0.4541736571,
        "researchAndDevelopmentExpenses": 0,
        "generalAndAdministrativeExpenses": 0,
        "sellingAndMarketingExpenses": 0,
        "sellingGeneralAndAdministrativeExpenses": 320636000,
        "otherExpenses": 71867000,
        "operatingExpenses": 392503000,
        "costAndExpenses": 1444979000,
        "interestIncome": 0,
        "interestExpense": 0,
        "depreciationAndAmortization": 72253000,
        "ebitda": 540244000,
        "ebitdaratio": 0.2801768466,
        "operatingIncome": 483246000,
        "operatingIncomeRatio": 0.2506170182,
        "totalOtherIncomeExpensesNet": -38606000,
        "incomeBeforeTax": 429385000,
        "incomeBeforeTaxRatio": 0.2226840747,
        "incomeTaxExpense": 139500000,
        "netIncome": 365662000,
        "netIncomeRatio": 0.1896365829,
        "eps": 1.56,
        "epsdiluted": 1.56,
        "weightedAverageShsOut": 234196000,
        "weightedAverageShsOutDil": 234605000,
        "link": "https://www.sec.gov/Archives/edgar/data/39899/000119312507175702/0001193125-07-175702-index.htm",
        "finalLink": "https://www.sec.gov/Archives/edgar/data/39899/000119312507175702/d10q.htm"
    },
    {
        "date": "2007-04-01",
        "symbol": "TGNA",
        "reportedCurrency": "USD",
        "cik": "0000039899",
        "fillingDate": "2007-05-11",
        "acceptedDate": "2007-05-11 16:46:07",
        "calendarYear": "2007",
        "period": "Q1",
        "revenue": 1871195000,
        "costOfRevenue": 1074270000,
        "grossProfit": 796925000,
        "grossProfitRatio": 0.4258909414,
        "researchAndDevelopmentExpenses": 0,
        "generalAndAdministrativeExpenses": 0,
        "sellingAndMarketingExpenses": 0,
        "sellingGeneralAndAdministrativeExpenses": 325296000,
        "otherExpenses": 72426000,
        "operatingExpenses": 397722000,
        "costAndExpenses": 1471992000,
        "interestIncome": 0,
        "interestExpense": 96839000,
        "depreciationAndAmortization": 72426000,
        "ebitda": 454143000,
        "ebitdaratio": 0.2427021235,
        "operatingIncome": 399203000,
        "operatingIncomeRatio": 0.2133412071,
        "totalOtherIncomeExpensesNet": -67406000,
        "incomeBeforeTax": 314311000,
        "incomeBeforeTaxRatio": 0.1679734074,
        "incomeTaxExpense": 103700000,
        "netIncome": 210611000,
        "netIncomeRatio": 0.1125542768,
        "eps": 0.9,
        "epsdiluted": 0.9,
        "weightedAverageShsOut": 234585000,
        "weightedAverageShsOutDil": 235005000,
        "link": "https://www.sec.gov/Archives/edgar/data/39899/000119312507111861/0001193125-07-111861-index.htm",
        "finalLink": "https://www.sec.gov/Archives/edgar/data/39899/000119312507111861/d10q.htm"
    },
    {
        "date": "2006-12-31",
        "symbol": "TGNA",
        "reportedCurrency": "USD",
        "cik": "0000039899",
        "fillingDate": "2007-03-01",
        "acceptedDate": "2007-03-01 10:40:53",
        "calendarYear": "2006",
        "period": "Q4",
        "revenue": 2208349000,
        "costOfRevenue": 1196747000,
        "grossProfit": 1011602000,
        "grossProfitRatio": 0.4580806747,
        "researchAndDevelopmentExpenses": 0,
        "generalAndAdministrativeExpenses": 0,
        "sellingAndMarketingExpenses": 0,
        "sellingGeneralAndAdministrativeExpenses": 355540000,
        "otherExpenses": 69987000,
        "operatingExpenses": 425527000,
        "costAndExpenses": 1622274000,
        "interestIncome": 0,
        "interestExpense": 63976000,
        "depreciationAndAmortization": 69987000,
        "ebitda": 656062000,
        "ebitdaratio": 0.2970825716,
        "operatingIncome": 586075000,
        "operatingIncomeRatio": 0.2653905701,
        "totalOtherIncomeExpensesNet": -70032000,
        "incomeBeforeTax": 516043000,
        "incomeBeforeTaxRatio": 0.2336781913,
        "incomeTaxExpense": 162500000,
        "netIncome": 353543000,
        "netIncomeRatio": 0.1600938076,
        "eps": 1.51,
        "epsdiluted": 1.5,
        "weightedAverageShsOut": 234585000,
        "weightedAverageShsOutDil": 235005000,
        "link": "https://www.sec.gov/Archives/edgar/data/39899/000119312507043708/0001193125-07-043708-index.htm",
        "finalLink": "https://www.sec.gov/Archives/edgar/data/39899/000119312507043708/d10k.htm"
    },
    {
        "date": "2006-09-24",
        "symbol": "TGNA",
        "reportedCurrency": "USD",
        "cik": "0000039899",
        "fillingDate": "2006-10-27",
        "acceptedDate": "2006-10-27 16:06:46",
        "calendarYear": "2006",
        "period": "Q3",
        "revenue": 1914555000,
        "costOfRevenue": 1070148000,
        "grossProfit": 844407000,
        "grossProfitRatio": 0.4410460917,
        "researchAndDevelopmentExpenses": 0,
        "generalAndAdministrativeExpenses": 0,
        "sellingAndMarketingExpenses": 0,
        "sellingGeneralAndAdministrativeExpenses": 320062000,
        "otherExpenses": 69372000,
        "operatingExpenses": 389434000,
        "costAndExpenses": 1459582000,
        "interestIncome": 0,
        "interestExpense": 71640000,
        "depreciationAndAmortization": 69372000,
        "ebitda": 515762000,
        "ebitdaratio": 0.2693900149,
        "operatingIncome": 454973000,
        "operatingIncomeRatio": 0.2376390336,
        "totalOtherIncomeExpensesNet": -64757000,
        "incomeBeforeTax": 381633000,
        "incomeBeforeTaxRatio": 0.199332482,
        "incomeTaxExpense": 120200000,
        "netIncome": 261433000,
        "netIncomeRatio": 0.1365502689,
        "eps": 1.11,
        "epsdiluted": 1.11,
        "weightedAverageShsOut": 235525225,
        "weightedAverageShsOutDil": 235525225,
        "link": "https://www.sec.gov/Archives/edgar/data/39899/000119312506217019/0001193125-06-217019-index.htm",
        "finalLink": "https://www.sec.gov/Archives/edgar/data/39899/000119312506217019/d10q.htm"
    },
    {
        "date": "2006-06-25",
        "symbol": "TGNA",
        "reportedCurrency": "USD",
        "cik": "0000039899",
        "fillingDate": "2006-07-31",
        "acceptedDate": "2006-07-31 16:31:31",
        "calendarYear": "2006",
        "period": "Q2",
        "revenue": 2027909000,
        "costOfRevenue": 1096263000,
        "grossProfit": 931646000,
        "grossProfitRatio": 0.4594121334,
        "researchAndDevelopmentExpenses": 0,
        "generalAndAdministrativeExpenses": 0,
        "sellingAndMarketingExpenses": 0,
        "sellingGeneralAndAdministrativeExpenses": 325275000,
        "otherExpenses": 68488000,
        "operatingExpenses": 393763000,
        "costAndExpenses": 1490026000,
        "interestIncome": 0,
        "interestExpense": 73598000,
        "depreciationAndAmortization": 68488000,
        "ebitda": 596580000,
        "ebitdaratio": 0.2941847982,
        "operatingIncome": 537883000,
        "operatingIncomeRatio": 0.2652402056,
        "totalOtherIncomeExpensesNet": -60695000,
        "incomeBeforeTax": 467397000,
        "incomeBeforeTaxRatio": 0.2304822356,
        "incomeTaxExpense": 156900000,
        "netIncome": 310497000,
        "netIncomeRatio": 0.1531119,
        "eps": 1.31,
        "epsdiluted": 1.31,
        "weightedAverageShsOut": 237020611,
        "weightedAverageShsOutDil": 237020611,
        "link": "https://www.sec.gov/Archives/edgar/data/39899/000119312506157054/0001193125-06-157054-index.htm",
        "finalLink": "https://www.sec.gov/Archives/edgar/data/39899/000119312506157054/d10q.htm"
    },
    {
        "date": "2006-03-26",
        "symbol": "TGNA",
        "reportedCurrency": "USD",
        "cik": "0000039899",
        "fillingDate": "2006-05-04",
        "acceptedDate": "2006-05-04 14:46:19",
        "calendarYear": "2006",
        "period": "Q1",
        "revenue": 1882541000,
        "costOfRevenue": 1075078000,
        "grossProfit": 807463000,
        "grossProfitRatio": 0.4289218668,
        "researchAndDevelopmentExpenses": 0,
        "generalAndAdministrativeExpenses": 0,
        "sellingAndMarketingExpenses": 0,
        "sellingGeneralAndAdministrativeExpenses": 319234000,
        "otherExpenses": 68923000,
        "operatingExpenses": 388157000,
        "costAndExpenses": 1463235000,
        "interestIncome": 0,
        "interestExpense": 65073000,
        "depreciationAndAmortization": 68923000,
        "ebitda": 419306000,
        "ebitdaratio": 0.22273406,
        "operatingIncome": 419306000,
        "operatingIncomeRatio": 0.22273406,
        "totalOtherIncomeExpensesNet": -64897000,
        "incomeBeforeTax": 354409000,
        "incomeBeforeTaxRatio": 0.1882609728,
        "incomeTaxExpense": 119100000,
        "netIncome": 235309000,
        "netIncomeRatio": 0.1249954184,
        "eps": 0.99,
        "epsdiluted": 0.99,
        "weightedAverageShsOut": 237782000,
        "weightedAverageShsOutDil": 238375000,
        "link": "https://www.sec.gov/Archives/edgar/data/39899/000119312506100159/0001193125-06-100159-index.htm",
        "finalLink": "https://www.sec.gov/Archives/edgar/data/39899/000119312506100159/d10q.htm"
    },
    {
        "date": "2005-12-31",
        "symbol": "TGNA",
        "reportedCurrency": "USD",
        "cik": "0000039899",
        "fillingDate": "2006-02-24",
        "acceptedDate": "2006-02-24 15:37:53",
        "calendarYear": "2005",
        "period": "Q4",
        "revenue": 2054954000,
        "costOfRevenue": 1089209000,
        "grossProfit": 965745000,
        "grossProfitRatio": 0.4699594249,
        "researchAndDevelopmentExpenses": 0,
        "generalAndAdministrativeExpenses": 0,
        "sellingAndMarketingExpenses": 0,
        "sellingGeneralAndAdministrativeExpenses": 319551000,
        "otherExpenses": 68527000,
        "operatingExpenses": 388078000,
        "costAndExpenses": 1477287000,
        "interestIncome": 0,
        "interestExpense": 68066000,
        "depreciationAndAmortization": 70347000,
        "ebitda": 648014000,
        "ebitdaratio": 0.3153423386,
        "operatingIncome": 577667000,
        "operatingIncomeRatio": 0.2811094555,
        "totalOtherIncomeExpensesNet": -62202000,
        "incomeBeforeTax": 515465000,
        "incomeBeforeTaxRatio": 0.2508401648,
        "incomeTaxExpense": 172200000,
        "netIncome": 343265000,
        "netIncomeRatio": 0.1670426686,
        "eps": 1.44,
        "epsdiluted": 1.44,
        "weightedAverageShsOut": 237782000,
        "weightedAverageShsOutDil": 238375000,
        "link": "https://www.sec.gov/Archives/edgar/data/39899/000119312506038810/0001193125-06-038810-index.htm",
        "finalLink": "https://www.sec.gov/Archives/edgar/data/39899/000119312506038810/d10k.htm"
    },
    {
        "date": "2005-09-25",
        "symbol": "TGNA",
        "reportedCurrency": "USD",
        "cik": "0000039899",
        "fillingDate": "2005-10-31",
        "acceptedDate": "2005-10-31 15:17:19",
        "calendarYear": "2005",
        "period": "Q3",
        "revenue": 1864903000,
        "costOfRevenue": 1020307000,
        "grossProfit": 844596000,
        "grossProfitRatio": 0.4528900431,
        "researchAndDevelopmentExpenses": 0,
        "generalAndAdministrativeExpenses": 0,
        "sellingAndMarketingExpenses": 0,
        "sellingGeneralAndAdministrativeExpenses": 303651000,
        "otherExpenses": 67737000,
        "operatingExpenses": 371388000,
        "costAndExpenses": 1391695000,
        "interestIncome": 0,
        "interestExpense": 45360000,
        "depreciationAndAmortization": 66376000,
        "ebitda": 540945000,
        "ebitdaratio": 0.2900660249,
        "operatingIncome": 473208000,
        "operatingIncomeRatio": 0.2537440285,
        "totalOtherIncomeExpensesNet": -60693000,
        "incomeBeforeTax": 412515000,
        "incomeBeforeTaxRatio": 0.2211991723,
        "incomeTaxExpense": 137900000,
        "netIncome": 297009000,
        "netIncomeRatio": 0.1592624389,
        "eps": 1.22,
        "epsdiluted": 1.22,
        "weightedAverageShsOut": 243450000,
        "weightedAverageShsOutDil": 243450000,
        "link": "https://www.sec.gov/Archives/edgar/data/39899/000119312505212014/0001193125-05-212014-index.htm",
        "finalLink": "https://www.sec.gov/Archives/edgar/data/39899/000119312505212014/d10q.htm"
    },
    {
        "date": "2005-06-26",
        "symbol": "TGNA",
        "reportedCurrency": "USD",
        "cik": "0000039899",
        "fillingDate": "2005-08-01",
        "acceptedDate": "2005-08-01 09:06:36",
        "calendarYear": "2005",
        "period": "Q2",
        "revenue": 1936477000,
        "costOfRevenue": 1000720000,
        "grossProfit": 935757000,
        "grossProfitRatio": 0.4832264984,
        "researchAndDevelopmentExpenses": 0,
        "generalAndAdministrativeExpenses": 0,
        "sellingAndMarketingExpenses": 0,
        "sellingGeneralAndAdministrativeExpenses": 301496000,
        "otherExpenses": 74755000,
        "operatingExpenses": 376251000,
        "costAndExpenses": 1376971000,
        "interestIncome": 0,
        "interestExpense": 54502000,
        "depreciationAndAmortization": 74755000,
        "ebitda": 624391000,
        "ebitdaratio": 0.3224365691,
        "operatingIncome": 559506000,
        "operatingIncomeRatio": 0.2889298453,
        "totalOtherIncomeExpensesNet": -41593000,
        "incomeBeforeTax": 508043000,
        "incomeBeforeTaxRatio": 0.262354265,
        "incomeTaxExpense": 169400000,
        "netIncome": 338643000,
        "netIncomeRatio": 0.1748758183,
        "eps": 1.37,
        "epsdiluted": 1.37,
        "weightedAverageShsOut": 247184672,
        "weightedAverageShsOutDil": 247184672,
        "link": "https://www.sec.gov/Archives/edgar/data/39899/000119312505153281/0001193125-05-153281-index.htm",
        "finalLink": "https://www.sec.gov/Archives/edgar/data/39899/000119312505153281/d10q.htm"
    },
    {
        "date": "2005-03-27",
        "symbol": "TGNA",
        "reportedCurrency": "USD",
        "cik": "0000039899",
        "fillingDate": "2005-04-29",
        "acceptedDate": "2005-04-29 11:04:26",
        "calendarYear": "2005",
        "period": "Q1",
        "revenue": 1792097000,
        "costOfRevenue": 974425000,
        "grossProfit": 817672000,
        "grossProfitRatio": 0.4562654812,
        "researchAndDevelopmentExpenses": 0,
        "generalAndAdministrativeExpenses": 0,
        "sellingAndMarketingExpenses": 0,
        "sellingGeneralAndAdministrativeExpenses": 297470000,
        "otherExpenses": 64708000,
        "operatingExpenses": 362178000,
        "costAndExpenses": 1336603000,
        "interestIncome": 0,
        "interestExpense": 66776000,
        "depreciationAndAmortization": 64708000,
        "ebitda": 512268000,
        "ebitdaratio": 0.2858483665,
        "operatingIncome": 455494000,
        "operatingIncomeRatio": 0.2541681617,
        "totalOtherIncomeExpensesNet": -47923000,
        "incomeBeforeTax": 399637000,
        "incomeBeforeTaxRatio": 0.2229996479,
        "incomeTaxExpense": 133900000,
        "netIncome": 265737000,
        "netIncomeRatio": 0.1482827101,
        "eps": 1.05,
        "epsdiluted": 1.05,
        "weightedAverageShsOut": 252115000,
        "weightedAverageShsOutDil": 254270000,
        "link": "https://www.sec.gov/Archives/edgar/data/39899/000119312505089753/0001193125-05-089753-index.htm",
        "finalLink": "https://www.sec.gov/Archives/edgar/data/39899/000119312505089753/d10q.htm"
    },
    {
        "date": "2004-12-31",
        "symbol": "TGNA",
        "reportedCurrency": "USD",
        "cik": "0000039899",
        "fillingDate": "2005-03-01",
        "acceptedDate": "2005-02-28 18:10:31",
        "calendarYear": "2004",
        "period": "Q4",
        "revenue": 1962412000,
        "costOfRevenue": 983086000,
        "grossProfit": 979326000,
        "grossProfitRatio": 0.4990419953,
        "researchAndDevelopmentExpenses": 0,
        "generalAndAdministrativeExpenses": 0,
        "sellingAndMarketingExpenses": 0,
        "sellingGeneralAndAdministrativeExpenses": 306125000,
        "otherExpenses": 59928000,
        "operatingExpenses": 366053000,
        "costAndExpenses": 1349139000,
        "interestIncome": 0,
        "interestExpense": 47577000,
        "depreciationAndAmortization": 59928000,
        "ebitda": 673201000,
        "ebitdaratio": 0.3430477392,
        "operatingIncome": 613273000,
        "operatingIncomeRatio": 0.3125098094,
        "totalOtherIncomeExpensesNet": -42036000,
        "incomeBeforeTax": 571237000,
        "incomeBeforeTaxRatio": 0.291089231,
        "incomeTaxExpense": 193100000,
        "netIncome": 378137000,
        "netIncomeRatio": 0.1926899142,
        "eps": 1.5,
        "epsdiluted": 1.49,
        "weightedAverageShsOut": 252115000,
        "weightedAverageShsOutDil": 254270000,
        "link": "https://www.sec.gov/Archives/edgar/data/39899/000119312505038875/0001193125-05-038875-index.htm",
        "finalLink": "https://www.sec.gov/Archives/edgar/data/39899/000119312505038875/d10k.htm"
    },
    {
        "date": "2004-09-26",
        "symbol": "TGNA",
        "reportedCurrency": "USD",
        "cik": "0000039899",
        "fillingDate": "2004-11-03",
        "acceptedDate": "2004-11-03 15:01:40",
        "calendarYear": "2004",
        "period": "Q3",
        "revenue": 1815884000,
        "costOfRevenue": 952349000,
        "grossProfit": 863535000,
        "grossProfitRatio": 0.4755452441,
        "researchAndDevelopmentExpenses": 0,
        "generalAndAdministrativeExpenses": 0,
        "sellingAndMarketingExpenses": 0,
        "sellingGeneralAndAdministrativeExpenses": 290707000,
        "otherExpenses": 60652000,
        "operatingExpenses": 351359000,
        "costAndExpenses": 1303708000,
        "interestIncome": 0,
        "interestExpense": 48763000,
        "depreciationAndAmortization": 60652000,
        "ebitda": 564165000,
        "ebitdaratio": 0.3106833917,
        "operatingIncome": 512176000,
        "operatingIncomeRatio": 0.2820532589,
        "totalOtherIncomeExpensesNet": -33604000,
        "incomeBeforeTax": 469909000,
        "incomeBeforeTaxRatio": 0.2587769924,
        "incomeTaxExpense": 159700000,
        "netIncome": 310209000,
        "netIncomeRatio": 0.170830846,
        "eps": 1.19,
        "epsdiluted": 1.18,
        "weightedAverageShsOut": 260679832,
        "weightedAverageShsOutDil": 262888983,
        "link": "https://www.sec.gov/Archives/edgar/data/39899/000119312504184733/0001193125-04-184733-index.htm",
        "finalLink": "https://www.sec.gov/Archives/edgar/data/39899/000119312504184733/d10q.htm"
    },
    {
        "date": "2004-06-27",
        "symbol": "TGNA",
        "reportedCurrency": "USD",
        "cik": "0000039899",
        "fillingDate": "2004-08-04",
        "acceptedDate": "2004-08-04 12:18:44",
        "calendarYear": "2004",
        "period": "Q2",
        "revenue": 1873303000,
        "costOfRevenue": 946552000,
        "grossProfit": 926751000,
        "grossProfitRatio": 0.49471495,
        "researchAndDevelopmentExpenses": 0,
        "generalAndAdministrativeExpenses": 0,
        "sellingAndMarketingExpenses": 0,
        "sellingGeneralAndAdministrativeExpenses": 288286000,
        "otherExpenses": 62084000,
        "operatingExpenses": 350370000,
        "costAndExpenses": 1296922000,
        "interestIncome": 0,
        "interestExpense": 46056000,
        "depreciationAndAmortization": 62084000,
        "ebitda": 576381000,
        "ebitdaratio": 0.3076816724,
        "operatingIncome": 576381000,
        "operatingIncomeRatio": 0.3076816724,
        "totalOtherIncomeExpensesNet": -39049000,
        "incomeBeforeTax": 537332000,
        "incomeBeforeTaxRatio": 0.286836673,
        "incomeTaxExpense": 182900000,
        "netIncome": 354432000,
        "netIncomeRatio": 0.1892016401,
        "eps": 1.31,
        "epsdiluted": 1.3,
        "weightedAverageShsOut": 270558779,
        "weightedAverageShsOutDil": 272640000,
        "link": "https://www.sec.gov/Archives/edgar/data/39899/000095013304003002/0000950133-04-003002-index.htm",
        "finalLink": "https://www.sec.gov/Archives/edgar/data/39899/000095013304003002/w99514e10vq.htm"
    },
    {
        "date": "2004-03-28",
        "symbol": "TGNA",
        "reportedCurrency": "USD",
        "cik": "0000039899",
        "fillingDate": "2004-05-04",
        "acceptedDate": "2004-05-04 12:45:44",
        "calendarYear": "2004",
        "period": "Q1",
        "revenue": 1729684000,
        "costOfRevenue": 939448000,
        "grossProfit": 790236000,
        "grossProfitRatio": 0.4568672659,
        "researchAndDevelopmentExpenses": 0,
        "generalAndAdministrativeExpenses": 0,
        "sellingAndMarketingExpenses": 0,
        "sellingGeneralAndAdministrativeExpenses": 283030000,
        "otherExpenses": 61357000,
        "operatingExpenses": 344387000,
        "costAndExpenses": 1283835000,
        "interestIncome": 0,
        "interestExpense": 26091000,
        "depreciationAndAmortization": 61357000,
        "ebitda": 445849000,
        "ebitdaratio": 0.2577632677,
        "operatingIncome": 445849000,
        "operatingIncomeRatio": 0.2577632677,
        "totalOtherIncomeExpensesNet": -28941000,
        "incomeBeforeTax": 416908000,
        "incomeBeforeTaxRatio": 0.2410313098,
        "incomeTaxExpense": 142500000,
        "netIncome": 274408000,
        "netIncomeRatio": 0.1586463192,
        "eps": 1.01,
        "epsdiluted": 1,
        "weightedAverageShsOut": 272321000,
        "weightedAverageShsOutDil": 275507000,
        "link": "https://www.sec.gov/Archives/edgar/data/39899/000095013304001723/0000950133-04-001723-index.htm",
        "finalLink": "https://www.sec.gov/Archives/edgar/data/39899/000095013304001723/w96711e10vq.htm"
    },
    {
        "date": "2003-12-31",
        "symbol": "TGNA",
        "reportedCurrency": "USD",
        "cik": "0000039899",
        "fillingDate": "2004-03-12",
        "acceptedDate": "2004-03-12 09:26:21",
        "calendarYear": "2003",
        "period": "Q4",
        "revenue": 1822304000,
        "costOfRevenue": 911087000,
        "grossProfit": 911217000,
        "grossProfitRatio": 0.5000356691,
        "researchAndDevelopmentExpenses": 0,
        "generalAndAdministrativeExpenses": 0,
        "sellingAndMarketingExpenses": 0,
        "sellingGeneralAndAdministrativeExpenses": 274161000,
        "otherExpenses": 57635000,
        "operatingExpenses": 331796000,
        "costAndExpenses": 1242883000,
        "interestIncome": 0,
        "interestExpense": 43402000,
        "depreciationAndAmortization": 57635000,
        "ebitda": 637056000,
        "ebitdaratio": 0.3495882136,
        "operatingIncome": 579421000,
        "operatingIncomeRatio": 0.3179606696,
        "totalOtherIncomeExpensesNet": -35583000,
        "incomeBeforeTax": 543838000,
        "incomeBeforeTaxRatio": 0.2984342898,
        "incomeTaxExpense": 185800000,
        "netIncome": 358038000,
        "netIncomeRatio": 0.1964754509,
        "eps": 1.31,
        "epsdiluted": 1.3,
        "weightedAverageShsOut": 272321000,
        "weightedAverageShsOutDil": 275507000,
        "link": "https://www.sec.gov/Archives/edgar/data/39899/000095013304000855/0000950133-04-000855-index.htm",
        "finalLink": "https://www.sec.gov/Archives/edgar/data/39899/000095013304000855/w94831e10vk.htm"
    },
    {
        "date": "2003-09-28",
        "symbol": "TGNA",
        "reportedCurrency": "USD",
        "cik": "0000039899",
        "fillingDate": "2003-11-03",
        "acceptedDate": "2003-11-03 14:25:09",
        "calendarYear": "2003",
        "period": "Q3",
        "revenue": 1631283000,
        "costOfRevenue": 849088000,
        "grossProfit": 782195000,
        "grossProfitRatio": 0.4794968132,
        "researchAndDevelopmentExpenses": 0,
        "generalAndAdministrativeExpenses": 0,
        "sellingAndMarketingExpenses": 0,
        "sellingGeneralAndAdministrativeExpenses": 259147000,
        "otherExpenses": 60586000,
        "operatingExpenses": 319733000,
        "costAndExpenses": 1168821000,
        "interestIncome": 0,
        "interestExpense": 43003000,
        "depreciationAndAmortization": 60586000,
        "ebitda": 462462000,
        "ebitdaratio": 0.2834958741,
        "operatingIncome": 462462000,
        "operatingIncomeRatio": 0.2834958741,
        "totalOtherIncomeExpensesNet": -38430000,
        "incomeBeforeTax": 424032000,
        "incomeBeforeTaxRatio": 0.25993773,
        "incomeTaxExpense": 145000000,
        "netIncome": 279032000,
        "netIncomeRatio": 0.1710506393,
        "eps": 1.03,
        "epsdiluted": 1.03,
        "weightedAverageShsOut": 270904854,
        "weightedAverageShsOutDil": 270904854,
        "link": "https://www.sec.gov/Archives/edgar/data/39899/000095013303003638/0000950133-03-003638-index.htm",
        "finalLink": "https://www.sec.gov/Archives/edgar/data/39899/000095013303003638/w91178e10vq.htm"
    },
    {
        "date": "2003-06-29",
        "symbol": "TGNA",
        "reportedCurrency": "USD",
        "cik": "0000039899",
        "fillingDate": "2003-08-05",
        "acceptedDate": "2003-08-05 16:54:21",
        "calendarYear": "2003",
        "period": "Q2",
        "revenue": 1705283000,
        "costOfRevenue": 856972000,
        "grossProfit": 848311000,
        "grossProfitRatio": 0.4974605388,
        "researchAndDevelopmentExpenses": 0,
        "generalAndAdministrativeExpenses": 0,
        "sellingAndMarketingExpenses": 0,
        "sellingGeneralAndAdministrativeExpenses": 262917000,
        "otherExpenses": 57252000,
        "operatingExpenses": 320169000,
        "costAndExpenses": 1177141000,
        "interestIncome": 0,
        "interestExpense": 34536000,
        "depreciationAndAmortization": 57252000,
        "ebitda": 528142000,
        "ebitdaratio": 0.3097092975,
        "operatingIncome": 528142000,
        "operatingIncomeRatio": 0.3097092975,
        "totalOtherIncomeExpensesNet": -35435000,
        "incomeBeforeTax": 492707000,
        "incomeBeforeTaxRatio": 0.2889297554,
        "incomeTaxExpense": 168400000,
        "netIncome": 324307000,
        "netIncomeRatio": 0.190177818,
        "eps": 1.21,
        "epsdiluted": 1.2,
        "weightedAverageShsOut": 268022314,
        "weightedAverageShsOutDil": 270255833,
        "link": "https://www.sec.gov/Archives/edgar/data/39899/000095013303002673/0000950133-03-002673-index.htm",
        "finalLink": "https://www.sec.gov/Archives/edgar/data/39899/000095013303002673/w88952e10vq.htm"
    },
    {
        "date": "2003-03-30",
        "symbol": "TGNA",
        "reportedCurrency": "USD",
        "cik": "0000039899",
        "fillingDate": "2003-05-06",
        "acceptedDate": "2003-05-06 16:39:38",
        "calendarYear": "2003",
        "period": "Q1",
        "revenue": 1552245000,
        "costOfRevenue": 836622000,
        "grossProfit": 715623000,
        "grossProfitRatio": 0.4610245161,
        "researchAndDevelopmentExpenses": 0,
        "generalAndAdministrativeExpenses": 0,
        "sellingAndMarketingExpenses": 0,
        "sellingGeneralAndAdministrativeExpenses": 248571000,
        "otherExpenses": 56059000,
        "operatingExpenses": 304630000,
        "costAndExpenses": 1141252000,
        "interestIncome": 0,
        "interestExpense": 26405000,
        "depreciationAndAmortization": 56059000,
        "ebitda": 410993000,
        "ebitdaratio": 0.26477328,
        "operatingIncome": 410993000,
        "operatingIncomeRatio": 0.26477328,
        "totalOtherIncomeExpensesNet": -31257000,
        "incomeBeforeTax": 379736000,
        "incomeBeforeTaxRatio": 0.2446366392,
        "incomeTaxExpense": 129900000,
        "netIncome": 249836000,
        "netIncomeRatio": 0.1609513962,
        "eps": 0.93,
        "epsdiluted": 0.93,
        "weightedAverageShsOut": 268640860,
        "weightedAverageShsOutDil": 268640860,
        "link": "https://www.sec.gov/Archives/edgar/data/39899/000095013303001672/0000950133-03-001672-index.htm",
        "finalLink": "https://www.sec.gov/Archives/edgar/data/39899/000095013303001672/w86034e10vq.htm"
    },
    {
        "date": "2002-12-31",
        "symbol": "TGNA",
        "reportedCurrency": "USD",
        "cik": "0000039899",
        "fillingDate": "2003-03-18",
        "acceptedDate": "2003-03-18 13:35:04",
        "calendarYear": "2002",
        "period": "Q4",
        "revenue": 1692417000,
        "costOfRevenue": 804945000,
        "grossProfit": 887472000,
        "grossProfitRatio": 0.5243814025,
        "researchAndDevelopmentExpenses": 0,
        "generalAndAdministrativeExpenses": 0,
        "sellingAndMarketingExpenses": 0,
        "sellingGeneralAndAdministrativeExpenses": 262893000,
        "otherExpenses": 55644000,
        "operatingExpenses": 318537000,
        "costAndExpenses": 1123482000,
        "interestIncome": 0,
        "interestExpense": 54311000,
        "depreciationAndAmortization": 55644000,
        "ebitda": 624579000,
        "ebitdaratio": 0.3690455721,
        "operatingIncome": 568935000,
        "operatingIncomeRatio": 0.3361671503,
        "totalOtherIncomeExpensesNet": -43829000,
        "incomeBeforeTax": 525106000,
        "incomeBeforeTaxRatio": 0.3102698685,
        "incomeTaxExpense": 178100000,
        "netIncome": 347006000,
        "netIncomeRatio": 0.2050357566,
        "eps": 1.29,
        "epsdiluted": 1.29,
        "weightedAverageShsOut": 266762368,
        "weightedAverageShsOutDil": 268640860,
        "link": "https://www.sec.gov/Archives/edgar/data/39899/000095013303000812/0000950133-03-000812-index.htm",
        "finalLink": "https://www.sec.gov/Archives/edgar/data/39899/000095013303000812/w83892e10vk.htm"
    },
    {
        "date": "2002-09-29",
        "symbol": "TGNA",
        "reportedCurrency": "USD",
        "cik": "0000039899",
        "fillingDate": "2002-11-12",
        "acceptedDate": "2002-11-12 17:16:25",
        "calendarYear": "2002",
        "period": "Q3",
        "revenue": 1580928000,
        "costOfRevenue": 820131000,
        "grossProfit": 760797000,
        "grossProfitRatio": 0.4812344395,
        "researchAndDevelopmentExpenses": 0,
        "generalAndAdministrativeExpenses": 0,
        "sellingAndMarketingExpenses": 0,
        "sellingGeneralAndAdministrativeExpenses": 253735000,
        "otherExpenses": 56402000,
        "operatingExpenses": 310137000,
        "costAndExpenses": 1130268000,
        "interestIncome": 0,
        "interestExpense": 51739000,
        "depreciationAndAmortization": 56402000,
        "ebitda": 507062000,
        "ebitdaratio": 0.3207369343,
        "operatingIncome": 450660000,
        "operatingIncomeRatio": 0.2850604202,
        "totalOtherIncomeExpensesNet": -45724000,
        "incomeBeforeTax": 404936000,
        "incomeBeforeTaxRatio": 0.256138167,
        "incomeTaxExpense": 139300000,
        "netIncome": 265636000,
        "netIncomeRatio": 0.1680253623,
        "eps": 0.99,
        "epsdiluted": 0.99,
        "weightedAverageShsOut": 267056000,
        "weightedAverageShsOutDil": 269306000,
        "link": "https://www.sec.gov/Archives/edgar/data/39899/000003989902000017/0000039899-02-000017-index.htm",
        "finalLink": "https://www.sec.gov/Archives/edgar/data/39899/000003989902000017/form_10q.txt"
    },
    {
        "date": "2002-06-30",
        "symbol": "TGNA",
        "reportedCurrency": "USD",
        "cik": "0000039899",
        "fillingDate": "2002-08-07",
        "acceptedDate": "2002-08-07 14:06:25",
        "calendarYear": "2002",
        "period": "Q2",
        "revenue": 1624296000,
        "costOfRevenue": 810361000,
        "grossProfit": 813935000,
        "grossProfitRatio": 0.5011001689,
        "researchAndDevelopmentExpenses": 0,
        "generalAndAdministrativeExpenses": 0,
        "sellingAndMarketingExpenses": 0,
        "sellingGeneralAndAdministrativeExpenses": 254534000,
        "otherExpenses": 55196000,
        "operatingExpenses": 309730000,
        "costAndExpenses": 1120091000,
        "interestIncome": 0,
        "interestExpense": 41263000,
        "depreciationAndAmortization": 55196000,
        "ebitda": 559401000,
        "ebitdaratio": 0.3443959722,
        "operatingIncome": 504205000,
        "operatingIncomeRatio": 0.3104144811,
        "totalOtherIncomeExpensesNet": -41182000,
        "incomeBeforeTax": 463023000,
        "incomeBeforeTaxRatio": 0.2850607278,
        "incomeTaxExpense": 159100000,
        "netIncome": 303923000,
        "netIncomeRatio": 0.1871106005,
        "eps": 1.14,
        "epsdiluted": 1.13,
        "weightedAverageShsOut": 266599123,
        "weightedAverageShsOutDil": 268958407,
        "link": "https://www.sec.gov/Archives/edgar/data/39899/000003989902000011/0000039899-02-000011-index.htm",
        "finalLink": "https://www.sec.gov/Archives/edgar/data/39899/000003989902000011/form_10q.txt"
    },
    {
        "date": "2002-03-31",
        "symbol": "TGNA",
        "reportedCurrency": "USD",
        "cik": "0000039899",
        "fillingDate": "2002-05-15",
        "acceptedDate": "2002-05-15 16:31:34",
        "calendarYear": "2002",
        "period": "Q1",
        "revenue": 1524608000,
        "costOfRevenue": 818566000,
        "grossProfit": 706042000,
        "grossProfitRatio": 0.4630973995,
        "researchAndDevelopmentExpenses": 0,
        "generalAndAdministrativeExpenses": 0,
        "sellingAndMarketingExpenses": 0,
        "sellingGeneralAndAdministrativeExpenses": 248331000,
        "otherExpenses": 55202000,
        "operatingExpenses": 303533000,
        "costAndExpenses": 1122099000,
        "interestIncome": 0,
        "interestExpense": 33338000,
        "depreciationAndAmortization": 55202000,
        "ebitda": 457711000,
        "ebitdaratio": 0.3002155308,
        "operatingIncome": 402509000,
        "operatingIncomeRatio": 0.264008191,
        "totalOtherIncomeExpensesNet": -31046000,
        "incomeBeforeTax": 371463000,
        "incomeBeforeTaxRatio": 0.2436449238,
        "incomeTaxExpense": 127900000,
        "netIncome": 243563000,
        "netIncomeRatio": 0.1597545074,
        "eps": 0.92,
        "epsdiluted": 0.91,
        "weightedAverageShsOut": 266182000,
        "weightedAverageShsOutDil": 268546000,
        "link": "https://www.sec.gov/Archives/edgar/data/39899/000003989902000007/0000039899-02-000007-index.htm",
        "finalLink": "https://www.sec.gov/Archives/edgar/data/39899/000003989902000007/form_10q.txt"
    },
    {
        "date": "2001-12-31",
        "symbol": "TGNA",
        "reportedCurrency": "USD",
        "cik": "0000039899",
        "fillingDate": "2002-03-22",
        "acceptedDate": "2002-03-22 00:00:00",
        "calendarYear": "2001",
        "period": "Q4",
        "revenue": 1624137000,
        "costOfRevenue": 831745000,
        "grossProfit": 792392000,
        "grossProfitRatio": 0.4878849506,
        "researchAndDevelopmentExpenses": 0,
        "generalAndAdministrativeExpenses": 0,
        "sellingAndMarketingExpenses": 0,
        "sellingGeneralAndAdministrativeExpenses": 245102000,
        "otherExpenses": 108454000,
        "operatingExpenses": 353556000,
        "costAndExpenses": 1185301000,
        "interestIncome": 0,
        "interestExpense": 33540000,
        "depreciationAndAmortization": 108454000,
        "ebitda": 547290000,
        "ebitdaratio": 0.3369728046,
        "operatingIncome": 438836000,
        "operatingIncomeRatio": 0.2701964182,
        "totalOtherIncomeExpensesNet": -29974000,
        "incomeBeforeTax": 408862000,
        "incomeBeforeTaxRatio": 0.2517410785,
        "incomeTaxExpense": 160500000,
        "netIncome": 248362000,
        "netIncomeRatio": 0.1529193658,
        "eps": 0.93,
        "epsdiluted": 0.92,
        "weightedAverageShsOut": 266182000,
        "weightedAverageShsOutDil": 268546000,
        "link": "https://www.sec.gov/Archives/edgar/data/39899/000003989902000002/0000039899-02-000002-index.htm",
        "finalLink": "https://www.sec.gov/Archives/edgar/data/39899/000003989902000002/front_section.txt"
    },
    {
        "date": "2001-09-30",
        "symbol": "TGNA",
        "reportedCurrency": "USD",
        "cik": "0000039899",
        "fillingDate": "2001-11-14",
        "acceptedDate": "2001-11-14 00:00:00",
        "calendarYear": "2001",
        "period": "Q3",
        "revenue": 1517928000,
        "costOfRevenue": 824839000,
        "grossProfit": 693089000,
        "grossProfitRatio": 0.4566020259,
        "researchAndDevelopmentExpenses": 0,
        "generalAndAdministrativeExpenses": 0,
        "sellingAndMarketingExpenses": 0,
        "sellingGeneralAndAdministrativeExpenses": 244308000,
        "otherExpenses": 112183000,
        "operatingExpenses": 356491000,
        "costAndExpenses": 1181330000,
        "interestIncome": 0,
        "interestExpense": 47540000,
        "depreciationAndAmortization": 112183000,
        "ebitda": 448781000,
        "ebitdaratio": 0.2956536805,
        "operatingIncome": 336598000,
        "operatingIncomeRatio": 0.2217483306,
        "totalOtherIncomeExpensesNet": -48070000,
        "incomeBeforeTax": 288528000,
        "incomeBeforeTaxRatio": 0.1900801619,
        "incomeTaxExpense": 113700000,
        "netIncome": 174828000,
        "netIncomeRatio": 0.1151754233,
        "eps": 0.66,
        "epsdiluted": 0.66,
        "weightedAverageShsOut": 264890909,
        "weightedAverageShsOutDil": 264890909,
        "link": "https://www.sec.gov/Archives/edgar/data/39899/000003989901500019/0000039899-01-500019-index.htm",
        "finalLink": "https://www.sec.gov/Archives/edgar/data/39899/000003989901500019/form_10q.txt"
    },
    {
        "date": "2001-07-01",
        "symbol": "TGNA",
        "reportedCurrency": "USD",
        "cik": "0000039899",
        "fillingDate": "2001-08-15",
        "acceptedDate": "2001-08-15 00:00:00",
        "calendarYear": "2001",
        "period": "Q2",
        "revenue": 1627232000,
        "costOfRevenue": 824030000,
        "grossProfit": 803202000,
        "grossProfitRatio": 0.493600175,
        "researchAndDevelopmentExpenses": 0,
        "generalAndAdministrativeExpenses": 0,
        "sellingAndMarketingExpenses": 0,
        "sellingGeneralAndAdministrativeExpenses": 246324000,
        "otherExpenses": 110516000,
        "operatingExpenses": 356840000,
        "costAndExpenses": 1180870000,
        "interestIncome": 0,
        "interestExpense": 60672000,
        "depreciationAndAmortization": 110516000,
        "ebitda": 556878000,
        "ebitdaratio": 0.3422240959,
        "operatingIncome": 446362000,
        "operatingIncomeRatio": 0.2743075357,
        "totalOtherIncomeExpensesNet": -61200000,
        "incomeBeforeTax": 385162000,
        "incomeBeforeTaxRatio": 0.2366976559,
        "incomeTaxExpense": 151700000,
        "netIncome": 233462000,
        "netIncomeRatio": 0.143471859,
        "eps": 0.88,
        "epsdiluted": 0.88,
        "weightedAverageShsOut": 264685000,
        "weightedAverageShsOutDil": 266754000,
        "link": "https://www.sec.gov/Archives/edgar/data/39899/000003989901500015/0000039899-01-500015-index.htm",
        "finalLink": "https://www.sec.gov/Archives/edgar/data/39899/000003989901500015/form_10q.txt"
    },
    {
        "date": "2001-04-01",
        "symbol": "TGNA",
        "reportedCurrency": "USD",
        "cik": "0000039899",
        "fillingDate": "2001-05-16",
        "acceptedDate": "2001-05-16 00:00:00",
        "calendarYear": "2001",
        "period": "Q1",
        "revenue": 1574948000,
        "costOfRevenue": 839547000,
        "grossProfit": 735401000,
        "grossProfitRatio": 0.4669366862,
        "researchAndDevelopmentExpenses": 0,
        "generalAndAdministrativeExpenses": 0,
        "sellingAndMarketingExpenses": 0,
        "sellingGeneralAndAdministrativeExpenses": 254738000,
        "otherExpenses": 112624000,
        "operatingExpenses": 367362000,
        "costAndExpenses": 1206909000,
        "interestIncome": 0,
        "interestExpense": 79546000,
        "depreciationAndAmortization": 112624000,
        "ebitda": 480663000,
        "ebitdaratio": 0.3051929334,
        "operatingIncome": 368039000,
        "operatingIncomeRatio": 0.2336832708,
        "totalOtherIncomeExpensesNet": -79994000,
        "incomeBeforeTax": 288045000,
        "incomeBeforeTaxRatio": 0.1828917526,
        "incomeTaxExpense": 113500000,
        "netIncome": 174545000,
        "netIncomeRatio": 0.1108258812,
        "eps": 0.66,
        "epsdiluted": 0.66,
        "weightedAverageShsOut": 264552317,
        "weightedAverageShsOutDil": 264552317,
        "link": "https://www.sec.gov/Archives/edgar/data/39899/000003989901500013/0000039899-01-500013-index.htm",
        "finalLink": "https://www.sec.gov/Archives/edgar/data/39899/000003989901500013/form_10q.txt"
    },
    {
        "date": "2000-12-31",
        "symbol": "TGNA",
        "reportedCurrency": "USD",
        "cik": "0000039899",
        "fillingDate": "2001-03-27",
        "acceptedDate": "2001-03-27 00:00:00",
        "calendarYear": "2000",
        "period": "Q4",
        "revenue": 1768386000,
        "costOfRevenue": 820730000,
        "grossProfit": 947656000,
        "grossProfitRatio": 0.5358875268,
        "researchAndDevelopmentExpenses": 0,
        "generalAndAdministrativeExpenses": 0,
        "sellingAndMarketingExpenses": 0,
        "sellingGeneralAndAdministrativeExpenses": 254083000,
        "otherExpenses": 109501000,
        "operatingExpenses": 363584000,
        "costAndExpenses": 1184314000,
        "interestIncome": 0,
        "interestExpense": 118732000,
        "depreciationAndAmortization": 109501000,
        "ebitda": 693573000,
        "ebitdaratio": 0.392206792,
        "operatingIncome": 584072000,
        "operatingIncomeRatio": 0.3302853563,
        "totalOtherIncomeExpensesNet": -95974000,
        "incomeBeforeTax": 488098000,
        "incomeBeforeTaxRatio": 0.2760132686,
        "incomeTaxExpense": 193200000,
        "netIncome": 294898000,
        "netIncomeRatio": 0.1667611031,
        "eps": 1.11,
        "epsdiluted": 1.11,
        "weightedAverageShsOut": 264552317,
        "weightedAverageShsOutDil": 264552317,
        "link": "https://www.sec.gov/Archives/edgar/data/39899/000003989901500005/0000039899-01-500005-index.htm",
        "finalLink": "https://www.sec.gov/Archives/edgar/data/39899/000003989901500005/front_section.txt"
    },
    {
        "date": "2000-09-24",
        "symbol": "TGNA",
        "reportedCurrency": "USD",
        "cik": "0000039899",
        "fillingDate": "2000-11-08",
        "acceptedDate": "2000-11-08 00:00:00",
        "calendarYear": "2000",
        "period": "Q3",
        "revenue": 1599289000,
        "costOfRevenue": 820171000,
        "grossProfit": 779118000,
        "grossProfitRatio": 0.4871652341,
        "researchAndDevelopmentExpenses": 0,
        "generalAndAdministrativeExpenses": 0,
        "sellingAndMarketingExpenses": 0,
        "sellingGeneralAndAdministrativeExpenses": 254542000,
        "otherExpenses": 103591000,
        "operatingExpenses": 358133000,
        "costAndExpenses": 1178304000,
        "interestIncome": 0,
        "interestExpense": 76482000,
        "depreciationAndAmortization": 103591000,
        "ebitda": 524576000,
        "ebitdaratio": 0.3280057576,
        "operatingIncome": 420985000,
        "operatingIncomeRatio": 0.263232599,
        "totalOtherIncomeExpensesNet": -76222000,
        "incomeBeforeTax": 344763000,
        "incomeBeforeTaxRatio": 0.2155726701,
        "incomeTaxExpense": 136500000,
        "netIncome": 208263000,
        "netIncomeRatio": 0.1302222425,
        "eps": 0.79,
        "epsdiluted": 0.79,
        "weightedAverageShsOut": 263692168,
        "weightedAverageShsOutDil": 263692168,
        "link": "https://www.sec.gov/Archives/edgar/data/39899/000003989900000017/0000039899-00-000017-index.htm",
        "finalLink": "https://www.sec.gov/Archives/edgar/data/39899/000003989900000017/0000039899-00-000017-0001.txt"
    },
    {
        "date": "2000-06-25",
        "symbol": "TGNA",
        "reportedCurrency": "USD",
        "cik": "0000039899",
        "fillingDate": "2000-08-09",
        "acceptedDate": "2000-08-09 00:00:00",
        "calendarYear": "2000",
        "period": "Q2",
        "revenue": 1490200000,
        "costOfRevenue": 715655000,
        "grossProfit": 774545000,
        "grossProfitRatio": 0.5197590927,
        "researchAndDevelopmentExpenses": 0,
        "generalAndAdministrativeExpenses": 0,
        "sellingAndMarketingExpenses": 0,
        "sellingGeneralAndAdministrativeExpenses": 237415000,
        "otherExpenses": 82449000,
        "operatingExpenses": 319864000,
        "costAndExpenses": 1035519000,
        "interestIncome": 0,
        "interestExpense": 6772000,
        "depreciationAndAmortization": 82449000,
        "ebitda": 537130000,
        "ebitdaratio": 0.3604415515,
        "operatingIncome": 454681000,
        "operatingIncomeRatio": 0.3051140786,
        "totalOtherIncomeExpensesNet": -14719000,
        "incomeBeforeTax": 439962000,
        "incomeBeforeTaxRatio": 0.295236881,
        "incomeTaxExpense": 174200000,
        "netIncome": 265762000,
        "netIncomeRatio": 0.1783398202,
        "eps": 1.01,
        "epsdiluted": 1,
        "weightedAverageShsOut": 263633808,
        "weightedAverageShsOutDil": 263633808,
        "link": "https://www.sec.gov/Archives/edgar/data/39899/000003989900000009/0000039899-00-000009-index.htm",
        "finalLink": "https://www.sec.gov/Archives/edgar/data/39899/000003989900000009/0000039899-00-000009-0001.txt"
    },
    {
        "date": "2000-03-26",
        "symbol": "TGNA",
        "reportedCurrency": "USD",
        "cik": "0000039899",
        "fillingDate": "2000-05-04",
        "acceptedDate": "2000-05-04 00:00:00",
        "calendarYear": "2000",
        "period": "Q1",
        "revenue": 1364443000,
        "costOfRevenue": 700696000,
        "grossProfit": 663747000,
        "grossProfitRatio": 0.4864600427,
        "researchAndDevelopmentExpenses": 0,
        "generalAndAdministrativeExpenses": 0,
        "sellingAndMarketingExpenses": 0,
        "sellingGeneralAndAdministrativeExpenses": 225855000,
        "otherExpenses": 80374000,
        "operatingExpenses": 306229000,
        "costAndExpenses": 1006925000,
        "interestIncome": 0,
        "interestExpense": 0,
        "depreciationAndAmortization": 80374000,
        "ebitda": 437892000,
        "ebitdaratio": 0.3209309586,
        "operatingIncome": 357518000,
        "operatingIncomeRatio": 0.2620248702,
        "totalOtherIncomeExpensesNet": -21501000,
        "incomeBeforeTax": 336017000,
        "incomeBeforeTaxRatio": 0.2462667917,
        "incomeTaxExpense": 133000000,
        "netIncome": 950154000,
        "netIncomeRatio": 0.6963676753,
        "eps": 3.47,
        "epsdiluted": 3.44,
        "weightedAverageShsOut": 273958000,
        "weightedAverageShsOutDil": 276207000,
        "link": "https://www.sec.gov/Archives/edgar/data/39899/000003989900000008/0000039899-00-000008-index.html",
        "finalLink": "https://www.sec.gov/Archives/edgar/data/39899/000003989900000008/"
    },
    {
        "date": "1999-12-31",
        "symbol": "TGNA",
        "reportedCurrency": "USD",
        "cik": "0000039899",
        "fillingDate": "2000-03-17",
        "acceptedDate": "2000-03-17 00:00:00",
        "calendarYear": "1999",
        "period": "Q4",
        "revenue": 1310600000,
        "costOfRevenue": 614300000,
        "grossProfit": 696300000,
        "grossProfitRatio": 0.5312833817,
        "researchAndDevelopmentExpenses": 0,
        "generalAndAdministrativeExpenses": 0,
        "sellingAndMarketingExpenses": 0,
        "sellingGeneralAndAdministrativeExpenses": 198800000,
        "otherExpenses": 35500000,
        "operatingExpenses": 234300000,
        "costAndExpenses": 848600000,
        "interestIncome": 0,
        "interestExpense": 6100000,
        "depreciationAndAmortization": 35500000,
        "ebitda": 497500000,
        "ebitdaratio": 0.3795971311,
        "operatingIncome": 462000000,
        "operatingIncomeRatio": 0.3525103006,
        "totalOtherIncomeExpensesNet": -38300000,
        "incomeBeforeTax": 423700000,
        "incomeBeforeTaxRatio": 0.3232870441,
        "incomeTaxExpense": 167600000,
        "netIncome": 294600000,
        "netIncomeRatio": 0.2247825423,
        "eps": 1.07,
        "epsdiluted": 1.07,
        "weightedAverageShsOut": 273958000,
        "weightedAverageShsOutDil": 276207000,
        "link": "https://www.sec.gov/Archives/edgar/data/39899/000003989900000006/0000039899-00-000006-index.html",
        "finalLink": "https://www.sec.gov/Archives/edgar/data/39899/000003989900000006/"
    },
    {
        "date": "1999-09-26",
        "symbol": "TGNA",
        "reportedCurrency": "USD",
        "cik": "0000039899",
        "fillingDate": "1999-11-09",
        "acceptedDate": "1999-11-09 00:00:00",
        "calendarYear": "1999",
        "period": "Q3",
        "revenue": 1358200000,
        "costOfRevenue": 686700000,
        "grossProfit": 671500000,
        "grossProfitRatio": 0.4944043587,
        "researchAndDevelopmentExpenses": 0,
        "generalAndAdministrativeExpenses": 0,
        "sellingAndMarketingExpenses": 0,
        "sellingGeneralAndAdministrativeExpenses": 214400000,
        "otherExpenses": 87100000,
        "operatingExpenses": 301500000,
        "costAndExpenses": 988200000,
        "interestIncome": 0,
        "interestExpense": 23200000,
        "depreciationAndAmortization": 87100000,
        "ebitda": 428191000,
        "ebitdaratio": 0.3152635842,
        "operatingIncome": 370000000,
        "operatingIncomeRatio": 0.2724193786,
        "totalOtherIncomeExpensesNet": -8166000,
        "incomeBeforeTax": 345200000,
        "incomeBeforeTaxRatio": 0.2541599175,
        "incomeTaxExpense": 137700000,
        "netIncome": 207500000,
        "netIncomeRatio": 0.1527757326,
        "eps": 0.74,
        "epsdiluted": 0.74,
        "weightedAverageShsOut": 280377027,
        "weightedAverageShsOutDil": 280377027,
        "link": "https://www.sec.gov/Archives/edgar/data/39899/000003989999000029/0000039899-99-000029-index.html",
        "finalLink": "https://www.sec.gov/Archives/edgar/data/39899/000003989999000029/"
    },
    {
        "date": "1999-06-27",
        "symbol": "TGNA",
        "reportedCurrency": "USD",
        "cik": "0000039899",
        "fillingDate": "1999-08-11",
        "acceptedDate": "1999-08-11 00:00:00",
        "calendarYear": "1999",
        "period": "Q2",
        "revenue": 1343300000,
        "costOfRevenue": 646200000,
        "grossProfit": 697100000,
        "grossProfitRatio": 0.5189458796,
        "researchAndDevelopmentExpenses": 0,
        "generalAndAdministrativeExpenses": 0,
        "sellingAndMarketingExpenses": 0,
        "sellingGeneralAndAdministrativeExpenses": 199300000,
        "otherExpenses": 78600000,
        "operatingExpenses": 277900000,
        "costAndExpenses": 924100000,
        "interestIncome": 0,
        "interestExpense": 0,
        "depreciationAndAmortization": 78600000,
        "ebitda": 468411000,
        "ebitdaratio": 0.3487017048,
        "operatingIncome": 419200000,
        "operatingIncomeRatio": 0.312067297,
        "totalOtherIncomeExpensesNet": 41453000,
        "incomeBeforeTax": 460700000,
        "incomeBeforeTaxRatio": 0.3429613638,
        "incomeTaxExpense": 183700000,
        "netIncome": 277000000,
        "netIncomeRatio": 0.2062085908,
        "eps": 0.99,
        "epsdiluted": 0.98,
        "weightedAverageShsOut": 279767677,
        "weightedAverageShsOutDil": 282622449,
        "link": "https://www.sec.gov/Archives/edgar/data/39899/000003989999000024/0000039899-99-000024-index.html",
        "finalLink": "https://www.sec.gov/Archives/edgar/data/39899/000003989999000024/"
    },
    {
        "date": "1999-03-28",
        "symbol": "TGNA",
        "reportedCurrency": "USD",
        "cik": "0000039899",
        "fillingDate": "1999-05-07",
        "acceptedDate": "1999-05-07 00:00:00",
        "calendarYear": "1999",
        "period": "Q1",
        "revenue": 1248100000,
        "costOfRevenue": 661400000,
        "grossProfit": 586700000,
        "grossProfitRatio": 0.4700745133,
        "researchAndDevelopmentExpenses": 0,
        "generalAndAdministrativeExpenses": 0,
        "sellingAndMarketingExpenses": 0,
        "sellingGeneralAndAdministrativeExpenses": 195900000,
        "otherExpenses": 78900000,
        "operatingExpenses": 274800000,
        "costAndExpenses": 936200000,
        "interestIncome": 0,
        "interestExpense": 11700000,
        "depreciationAndAmortization": 78900000,
        "ebitda": 363289000,
        "ebitdaratio": 0.2910736319,
        "operatingIncome": 311900000,
        "operatingIncomeRatio": 0.2498998478,
        "totalOtherIncomeExpensesNet": 1208000,
        "incomeBeforeTax": 297800000,
        "incomeBeforeTaxRatio": 0.2386026761,
        "incomeTaxExpense": 118900000,
        "netIncome": 178900000,
        "netIncomeRatio": 0.1433378736,
        "eps": 0.64,
        "epsdiluted": 0.64,
        "weightedAverageShsOut": 279314000,
        "weightedAverageShsOutDil": 281677000,
        "link": "https://www.sec.gov/Archives/edgar/data/39899/000003989999000018/0000039899-99-000018-index.html",
        "finalLink": "https://www.sec.gov/Archives/edgar/data/39899/"
    },
    {
        "date": "1998-12-31",
        "symbol": "TGNA",
        "reportedCurrency": "USD",
        "cik": "0000039899",
        "fillingDate": "1999-03-22",
        "acceptedDate": "1999-03-22 00:00:00",
        "calendarYear": "1998",
        "period": "Q4",
        "revenue": 1391200000,
        "costOfRevenue": 655900000,
        "grossProfit": 735300000,
        "grossProfitRatio": 0.5285365152,
        "researchAndDevelopmentExpenses": 0,
        "generalAndAdministrativeExpenses": 0,
        "sellingAndMarketingExpenses": 0,
        "sellingGeneralAndAdministrativeExpenses": 205400000,
        "otherExpenses": 77100000,
        "operatingExpenses": 282500000,
        "costAndExpenses": 938400000,
        "interestIncome": 0,
        "interestExpense": 26100000,
        "depreciationAndAmortization": 77100000,
        "ebitda": 529900000,
        "ebitdaratio": 0.3808941921,
        "operatingIncome": 452800000,
        "operatingIncomeRatio": 0.3254744106,
        "totalOtherIncomeExpensesNet": -22400000,
        "incomeBeforeTax": 430400000,
        "incomeBeforeTaxRatio": 0.309373203,
        "incomeTaxExpense": 172700000,
        "netIncome": 257700000,
        "netIncomeRatio": 0.1852357677,
        "eps": 0.92,
        "epsdiluted": 0.92,
        "weightedAverageShsOut": 279531250,
        "weightedAverageShsOutDil": 279531250,
        "link": "https://www.sec.gov/Archives/edgar/data/39899/000003989999000011/0000039899-99-000011-index.html",
        "finalLink": "https://www.sec.gov/Archives/edgar/data/39899/"
    },
    {
        "date": "1998-09-27",
        "symbol": "TGNA",
        "reportedCurrency": "USD",
        "cik": "0000039899",
        "fillingDate": "1998-11-12",
        "acceptedDate": "1998-11-12 00:00:00",
        "calendarYear": "1998",
        "period": "Q3",
        "revenue": 1226100000,
        "costOfRevenue": 648300000,
        "grossProfit": 577800000,
        "grossProfitRatio": 0.4712503058,
        "researchAndDevelopmentExpenses": 0,
        "generalAndAdministrativeExpenses": 0,
        "sellingAndMarketingExpenses": 0,
        "sellingGeneralAndAdministrativeExpenses": 188100000,
        "otherExpenses": 77000000,
        "operatingExpenses": 265100000,
        "costAndExpenses": 913400000,
        "interestIncome": 0,
        "interestExpense": 19000000,
        "depreciationAndAmortization": 77000000,
        "ebitda": 389700000,
        "ebitdaratio": 0.3178370443,
        "operatingIncome": 312700000,
        "operatingIncomeRatio": 0.2550362939,
        "totalOtherIncomeExpensesNet": -18100000,
        "incomeBeforeTax": 294600000,
        "incomeBeforeTaxRatio": 0.2402740396,
        "incomeTaxExpense": 118100000,
        "netIncome": 176500000,
        "netIncomeRatio": 0.1439523693,
        "eps": 0.62,
        "epsdiluted": 0.62,
        "weightedAverageShsOut": 284677419,
        "weightedAverageShsOutDil": 284677419,
        "link": "https://www.sec.gov/Archives/edgar/data/39899/000003989998000017/0000039899-98-000017-index.html",
        "finalLink": "https://www.sec.gov/Archives/edgar/data/39899/"
    },
    {
        "date": "1998-06-28",
        "symbol": "TGNA",
        "reportedCurrency": "USD",
        "cik": "0000039899",
        "fillingDate": "1998-08-12",
        "acceptedDate": "1998-08-12 00:00:00",
        "calendarYear": "1998",
        "period": "Q2",
        "revenue": 1304100000,
        "costOfRevenue": 646800000,
        "grossProfit": 657300000,
        "grossProfitRatio": 0.5040257649,
        "researchAndDevelopmentExpenses": 0,
        "generalAndAdministrativeExpenses": 0,
        "sellingAndMarketingExpenses": 0,
        "sellingGeneralAndAdministrativeExpenses": 190900000,
        "otherExpenses": 76600000,
        "operatingExpenses": 267500000,
        "costAndExpenses": 914300000,
        "interestIncome": 0,
        "interestExpense": 15300000,
        "depreciationAndAmortization": 76600000,
        "ebitda": 466400000,
        "ebitdaratio": 0.3576412852,
        "operatingIncome": 389800000,
        "operatingIncomeRatio": 0.2989034583,
        "totalOtherIncomeExpensesNet": -17800000,
        "incomeBeforeTax": 372000000,
        "incomeBeforeTaxRatio": 0.2852541983,
        "incomeTaxExpense": 149200000,
        "netIncome": 222800000,
        "netIncomeRatio": 0.170845794,
        "eps": 0.78,
        "epsdiluted": 0.78,
        "weightedAverageShsOut": 285641026,
        "weightedAverageShsOutDil": 285641026,
        "link": "https://www.sec.gov/Archives/edgar/data/39899/000003989998000015/0000039899-98-000015-index.html",
        "finalLink": "https://www.sec.gov/Archives/edgar/data/39899/"
    },
    {
        "date": "1998-03-29",
        "symbol": "TGNA",
        "reportedCurrency": "USD",
        "cik": "0000039899",
        "fillingDate": "1998-05-13",
        "acceptedDate": "1998-05-13 00:00:00",
        "calendarYear": "1998",
        "period": "Q1",
        "revenue": 1199900000,
        "costOfRevenue": 643000000,
        "grossProfit": 556900000,
        "grossProfitRatio": 0.4641220102,
        "researchAndDevelopmentExpenses": 0,
        "generalAndAdministrativeExpenses": 0,
        "sellingAndMarketingExpenses": 0,
        "sellingGeneralAndAdministrativeExpenses": 189200000,
        "otherExpenses": 79500000,
        "operatingExpenses": 268700000,
        "costAndExpenses": 911700000,
        "interestIncome": 0,
        "interestExpense": 0,
        "depreciationAndAmortization": 79500000,
        "ebitda": 367700000,
        "ebitdaratio": 0.3064422035,
        "operatingIncome": 288200000,
        "operatingIncomeRatio": 0.2401866822,
        "totalOtherIncomeExpensesNet": 284200000,
        "incomeBeforeTax": 572400000,
        "incomeBeforeTaxRatio": 0.4770397533,
        "incomeTaxExpense": 229500000,
        "netIncome": 342900000,
        "netIncomeRatio": 0.2857738145,
        "eps": 1.21,
        "epsdiluted": 1.2,
        "weightedAverageShsOut": 283388430,
        "weightedAverageShsOutDil": 285750000,
        "link": "https://www.sec.gov/Archives/edgar/data/39899/000003989998000012/0000039899-98-000012-index.html",
        "finalLink": "https://www.sec.gov/Archives/edgar/data/39899/"
    },
    {
        "date": "1997-12-31",
        "symbol": "TGNA",
        "reportedCurrency": "USD",
        "cik": "0000039899",
        "fillingDate": "1998-03-23",
        "acceptedDate": "1998-03-23 00:00:00",
        "calendarYear": "1997",
        "period": "Q4",
        "revenue": 1318800000,
        "costOfRevenue": 624000000,
        "grossProfit": 694800000,
        "grossProfitRatio": 0.5268425842,
        "researchAndDevelopmentExpenses": 0,
        "generalAndAdministrativeExpenses": 0,
        "sellingAndMarketingExpenses": 0,
        "sellingGeneralAndAdministrativeExpenses": 204900000,
        "otherExpenses": 76700000,
        "operatingExpenses": 281600000,
        "costAndExpenses": 905600000,
        "interestIncome": 0,
        "interestExpense": 27100000,
        "depreciationAndAmortization": 76700000,
        "ebitda": 489900000,
        "ebitdaratio": 0.3714740673,
        "operatingIncome": 413200000,
        "operatingIncomeRatio": 0.313315135,
        "totalOtherIncomeExpensesNet": -25800000,
        "incomeBeforeTax": 387400000,
        "incomeBeforeTaxRatio": 0.2937518957,
        "incomeTaxExpense": 157000000,
        "netIncome": 230400000,
        "netIncomeRatio": 0.1747042766,
        "eps": 0.81,
        "epsdiluted": 0.81,
        "weightedAverageShsOut": 283388430,
        "weightedAverageShsOutDil": 285750000,
        "link": "https://www.sec.gov/Archives/edgar/data/39899/000003989998000002/0000039899-98-000002-index.html",
        "finalLink": "https://www.sec.gov/Archives/edgar/data/39899/"
    },
    {
        "date": "1997-09-28",
        "symbol": "TGNA",
        "reportedCurrency": "USD",
        "cik": "0000039899",
        "fillingDate": "1997-11-12",
        "acceptedDate": "1997-11-12 00:00:00",
        "calendarYear": "1997",
        "period": "Q3",
        "revenue": 1146100000,
        "costOfRevenue": 602400000,
        "grossProfit": 543700000,
        "grossProfitRatio": 0.4743914144,
        "researchAndDevelopmentExpenses": 0,
        "generalAndAdministrativeExpenses": 0,
        "sellingAndMarketingExpenses": 0,
        "sellingGeneralAndAdministrativeExpenses": 184100000,
        "otherExpenses": 74900000,
        "operatingExpenses": 259000000,
        "costAndExpenses": 861400000,
        "interestIncome": 0,
        "interestExpense": 26500000,
        "depreciationAndAmortization": 74900000,
        "ebitda": 359600000,
        "ebitdaratio": 0.3137597068,
        "operatingIncome": 284700000,
        "operatingIncomeRatio": 0.2484076433,
        "totalOtherIncomeExpensesNet": -24900000,
        "incomeBeforeTax": 259800000,
        "incomeBeforeTaxRatio": 0.2266817904,
        "incomeTaxExpense": 107300000,
        "netIncome": 152500000,
        "netIncomeRatio": 0.1330599424,
        "eps": 0.54,
        "epsdiluted": 0.53,
        "weightedAverageShsOut": 282407407,
        "weightedAverageShsOutDil": 287735849,
        "link": "https://www.sec.gov/Archives/edgar/data/39899/000003989997000019/0000039899-97-000019-index.html",
        "finalLink": "https://www.sec.gov/Archives/edgar/data/39899/"
    },
    {
        "date": "1997-06-29",
        "symbol": "TGNA",
        "reportedCurrency": "USD",
        "cik": "0000039899",
        "fillingDate": "1997-08-12",
        "acceptedDate": "1997-08-12 00:00:00",
        "calendarYear": "1997",
        "period": "Q2",
        "revenue": 1187800000,
        "costOfRevenue": 575600000,
        "grossProfit": 612200000,
        "grossProfitRatio": 0.5154066341,
        "researchAndDevelopmentExpenses": 0,
        "generalAndAdministrativeExpenses": 0,
        "sellingAndMarketingExpenses": 0,
        "sellingGeneralAndAdministrativeExpenses": 179800000,
        "otherExpenses": 74900000,
        "operatingExpenses": 254700000,
        "costAndExpenses": 830300000,
        "interestIncome": 0,
        "interestExpense": 26800000,
        "depreciationAndAmortization": 74900000,
        "ebitda": 432400000,
        "ebitdaratio": 0.3640343492,
        "operatingIncome": 357500000,
        "operatingIncomeRatio": 0.3009765954,
        "totalOtherIncomeExpensesNet": -25800000,
        "incomeBeforeTax": 331700000,
        "incomeBeforeTaxRatio": 0.279255767,
        "incomeTaxExpense": 137000000,
        "netIncome": 194700000,
        "netIncomeRatio": 0.1639164843,
        "eps": 0.69,
        "epsdiluted": 0.68,
        "weightedAverageShsOut": 282173913,
        "weightedAverageShsOutDil": 286323529,
        "link": "https://www.sec.gov/Archives/edgar/data/39899/000003989997000017/0000039899-97-000017-index.html",
        "finalLink": "https://www.sec.gov/Archives/edgar/data/39899/"
    },
    {
        "date": "1997-03-30",
        "symbol": "TGNA",
        "reportedCurrency": "USD",
        "cik": "0000039899",
        "fillingDate": "1997-05-08",
        "acceptedDate": "1997-05-08 00:00:00",
        "calendarYear": "1997",
        "period": "Q1",
        "revenue": 1076800000,
        "costOfRevenue": 566500000,
        "grossProfit": 510300000,
        "grossProfitRatio": 0.4739041605,
        "researchAndDevelopmentExpenses": 0,
        "generalAndAdministrativeExpenses": 0,
        "sellingAndMarketingExpenses": 0,
        "sellingGeneralAndAdministrativeExpenses": 174800000,
        "otherExpenses": 74600000,
        "operatingExpenses": 249400000,
        "costAndExpenses": 815900000,
        "interestIncome": 0,
        "interestExpense": 35800000,
        "depreciationAndAmortization": 74600000,
        "ebitda": 335500000,
        "ebitdaratio": 0.3115713224,
        "operatingIncome": 260900000,
        "operatingIncomeRatio": 0.2422919762,
        "totalOtherIncomeExpensesNet": -30700000,
        "incomeBeforeTax": 230200000,
        "incomeBeforeTaxRatio": 0.213781575,
        "incomeTaxExpense": 95100000,
        "netIncome": 135100000,
        "netIncomeRatio": 0.1254643388,
        "eps": 0.48,
        "epsdiluted": 0.48,
        "weightedAverageShsOut": 281458333,
        "weightedAverageShsOutDil": 281458333,
        "link": "https://www.sec.gov/Archives/edgar/data/39899/000003989997000011/0000039899-97-000011-index.html",
        "finalLink": "https://www.sec.gov/Archives/edgar/data/39899/"
    },
    {
        "date": "1996-12-31",
        "symbol": "TGNA",
        "reportedCurrency": "USD",
        "cik": "0000039899",
        "fillingDate": "1997-03-21",
        "acceptedDate": "1997-03-21 00:00:00",
        "calendarYear": "1996",
        "period": "Q4",
        "revenue": 1111500000,
        "costOfRevenue": 526600000,
        "grossProfit": 584900000,
        "grossProfitRatio": 0.526225821,
        "researchAndDevelopmentExpenses": 0,
        "generalAndAdministrativeExpenses": 0,
        "sellingAndMarketingExpenses": 0,
        "sellingGeneralAndAdministrativeExpenses": 179900000,
        "otherExpenses": 68300000,
        "operatingExpenses": 248200000,
        "costAndExpenses": 774800000,
        "interestIncome": 0,
        "interestExpense": 0,
        "depreciationAndAmortization": 68300000,
        "ebitda": 405000000,
        "ebitdaratio": 0.3643724696,
        "operatingIncome": 336700000,
        "operatingIncomeRatio": 0.3029239766,
        "totalOtherIncomeExpensesNet": 138500000,
        "incomeBeforeTax": 475200000,
        "incomeBeforeTaxRatio": 0.4275303644,
        "incomeTaxExpense": 199400000,
        "netIncome": 289100000,
        "netIncomeRatio": 0.2600989654,
        "eps": 1.03,
        "epsdiluted": 1.03,
        "weightedAverageShsOut": 280399897,
        "weightedAverageShsOutDil": 281458333,
        "link": "https://www.sec.gov/Archives/edgar/data/39899/000003989997000009/0000039899-97-000009-index.html",
        "finalLink": "https://www.sec.gov/Archives/edgar/data/39899/"
    },
    {
        "date": "1996-09-29",
        "symbol": "TGNA",
        "reportedCurrency": "USD",
        "cik": "0000039899",
        "fillingDate": "1996-11-13",
        "acceptedDate": "1996-11-13 00:00:00",
        "calendarYear": "1996",
        "period": "Q3",
        "revenue": 1117700000,
        "costOfRevenue": 627300000,
        "grossProfit": 490400000,
        "grossProfitRatio": 0.4387581641,
        "researchAndDevelopmentExpenses": 0,
        "generalAndAdministrativeExpenses": 0,
        "sellingAndMarketingExpenses": 0,
        "sellingGeneralAndAdministrativeExpenses": 177000000,
        "otherExpenses": 72900000,
        "operatingExpenses": 249900000,
        "costAndExpenses": 877200000,
        "interestIncome": 0,
        "interestExpense": 0,
        "depreciationAndAmortization": 64400000,
        "ebitda": 305300000,
        "ebitdaratio": 0.2731502192,
        "operatingIncome": 240500000,
        "operatingIncomeRatio": 0.2151740181,
        "totalOtherIncomeExpensesNet": -30700000,
        "incomeBeforeTax": 202400000,
        "incomeBeforeTaxRatio": 0.1810861591,
        "incomeTaxExpense": 87100000,
        "netIncome": 414600000,
        "netIncomeRatio": 0.3709403239,
        "eps": 1.47,
        "epsdiluted": 1.47,
        "weightedAverageShsOut": 282108844,
        "weightedAverageShsOutDil": 282108844,
        "link": "https://www.sec.gov/Archives/edgar/data/39899/000003989996000021/0000039899-96-000021-index.html",
        "finalLink": "https://www.sec.gov/Archives/edgar/data/39899/"
    },
    {
        "date": "1996-06-30",
        "symbol": "TGNA",
        "reportedCurrency": "USD",
        "cik": "0000039899",
        "fillingDate": "1996-08-13",
        "acceptedDate": "1996-08-13 00:00:00",
        "calendarYear": "1996",
        "period": "Q2",
        "revenue": 1208700000,
        "costOfRevenue": 640500000,
        "grossProfit": 568200000,
        "grossProfitRatio": 0.4700918342,
        "researchAndDevelopmentExpenses": 0,
        "generalAndAdministrativeExpenses": 0,
        "sellingAndMarketingExpenses": 0,
        "sellingGeneralAndAdministrativeExpenses": 188600000,
        "otherExpenses": 77300000,
        "operatingExpenses": 265900000,
        "costAndExpenses": 906400000,
        "interestIncome": 0,
        "interestExpense": 39800000,
        "depreciationAndAmortization": 77300000,
        "ebitda": 353200000,
        "ebitdaratio": 0.2922147762,
        "operatingIncome": 302300000,
        "operatingIncomeRatio": 0.2501034169,
        "totalOtherIncomeExpensesNet": -17500000,
        "incomeBeforeTax": 263200000,
        "incomeBeforeTaxRatio": 0.2177546124,
        "incomeTaxExpense": 113200000,
        "netIncome": 150000000,
        "netIncomeRatio": 0.124100273,
        "eps": 0.54,
        "epsdiluted": 0.54,
        "weightedAverageShsOut": 277777778,
        "weightedAverageShsOutDil": 277777778,
        "link": "https://www.sec.gov/Archives/edgar/data/39899/000003989996000016/0000039899-96-000016-index.html",
        "finalLink": "https://www.sec.gov/Archives/edgar/data/39899/"
    },
    {
        "date": "1996-03-31",
        "symbol": "TGNA",
        "reportedCurrency": "USD",
        "cik": "0000039899",
        "fillingDate": "1996-05-15",
        "acceptedDate": "1996-05-15 00:00:00",
        "calendarYear": "1996",
        "period": "Q1",
        "revenue": 1104200000,
        "costOfRevenue": 641200000,
        "grossProfit": 463000000,
        "grossProfitRatio": 0.4193080964,
        "researchAndDevelopmentExpenses": 0,
        "generalAndAdministrativeExpenses": 0,
        "sellingAndMarketingExpenses": 0,
        "sellingGeneralAndAdministrativeExpenses": 187600000,
        "otherExpenses": 77400000,
        "operatingExpenses": 265000000,
        "costAndExpenses": 906200000,
        "interestIncome": 0,
        "interestExpense": 42700000,
        "depreciationAndAmortization": 77400000,
        "ebitda": 275400000,
        "ebitdaratio": 0.2494113385,
        "operatingIncome": 198000000,
        "operatingIncomeRatio": 0.1793153414,
        "totalOtherIncomeExpensesNet": -41100000,
        "incomeBeforeTax": 156900000,
        "incomeBeforeTaxRatio": 0.1420938236,
        "incomeTaxExpense": 67500000,
        "netIncome": 89400000,
        "netIncomeRatio": 0.0809635936,
        "eps": 0.32,
        "epsdiluted": 0.32,
        "weightedAverageShsOut": 279375000,
        "weightedAverageShsOutDil": 279375000,
        "link": "https://www.sec.gov/Archives/edgar/data/39899/000003989996000006/0000039899-96-000006-index.html",
        "finalLink": "https://www.sec.gov/Archives/edgar/data/39899/"
    },
    {
        "date": "1995-12-31",
        "symbol": "TGNA",
        "reportedCurrency": "USD",
        "cik": "0000039899",
        "fillingDate": "1996-03-29",
        "acceptedDate": "1996-03-29 00:00:00",
        "calendarYear": "1995",
        "period": "Q4",
        "revenue": 1146700000,
        "costOfRevenue": 629700000,
        "grossProfit": 517000000,
        "grossProfitRatio": 0.4508589867,
        "researchAndDevelopmentExpenses": 0,
        "generalAndAdministrativeExpenses": 0,
        "sellingAndMarketingExpenses": 0,
        "sellingGeneralAndAdministrativeExpenses": 178900000,
        "otherExpenses": 59300000,
        "operatingExpenses": 238200000,
        "costAndExpenses": 867900000,
        "interestIncome": 0,
        "interestExpense": 11600000,
        "depreciationAndAmortization": 59300000,
        "ebitda": 338100000,
        "ebitdaratio": 0.2948460801,
        "operatingIncome": 278800000,
        "operatingIncomeRatio": 0.2431324671,
        "totalOtherIncomeExpensesNet": -15900000,
        "incomeBeforeTax": 262900000,
        "incomeBeforeTaxRatio": 0.2292665911,
        "incomeTaxExpense": 107300000,
        "netIncome": 155600000,
        "netIncomeRatio": 0.1356937298,
        "eps": 0.56,
        "epsdiluted": 0.56,
        "weightedAverageShsOut": 279375000,
        "weightedAverageShsOutDil": 279375000,
        "link": "https://www.sec.gov/Archives/edgar/data/39899/000003989996000003/0000039899-96-000003-index.html",
        "finalLink": "https://www.sec.gov/Archives/edgar/data/39899/"
    },
    {
        "date": "1995-09-24",
        "symbol": "TGNA",
        "reportedCurrency": "USD",
        "cik": "0000039899",
        "fillingDate": "1995-11-08",
        "acceptedDate": "1995-11-08 00:00:00",
        "calendarYear": "1995",
        "period": "Q3",
        "revenue": 932300000,
        "costOfRevenue": 546200000,
        "grossProfit": 386100000,
        "grossProfitRatio": 0.4141370803,
        "researchAndDevelopmentExpenses": 0,
        "generalAndAdministrativeExpenses": 0,
        "sellingAndMarketingExpenses": 0,
        "sellingGeneralAndAdministrativeExpenses": 167000000,
        "otherExpenses": 49700000,
        "operatingExpenses": 216700000,
        "costAndExpenses": 762900000,
        "interestIncome": 0,
        "interestExpense": 6900000,
        "depreciationAndAmortization": 49700000,
        "ebitda": 219100000,
        "ebitdaratio": 0.2350101899,
        "operatingIncome": 169400000,
        "operatingIncomeRatio": 0.1817011692,
        "totalOtherIncomeExpensesNet": -8000000,
        "incomeBeforeTax": 161400000,
        "incomeBeforeTaxRatio": 0.1731202403,
        "incomeTaxExpense": 65300000,
        "netIncome": 96100000,
        "netIncomeRatio": 0.1030784082,
        "eps": 0.35,
        "epsdiluted": 0.35,
        "weightedAverageShsOut": 274571429,
        "weightedAverageShsOutDil": 274571429,
        "link": "https://www.sec.gov/Archives/edgar/data/39899/000003989995000021/0000039899-95-000021-index.html",
        "finalLink": "https://www.sec.gov/Archives/edgar/data/39899/"
    },
    {
        "date": "1995-06-25",
        "symbol": "TGNA",
        "reportedCurrency": "USD",
        "cik": "0000039899",
        "fillingDate": "1995-08-08",
        "acceptedDate": "1995-08-08 00:00:00",
        "calendarYear": "1995",
        "period": "Q2",
        "revenue": 1013900000,
        "costOfRevenue": 542400000,
        "grossProfit": 471500000,
        "grossProfitRatio": 0.4650359996,
        "researchAndDevelopmentExpenses": 0,
        "generalAndAdministrativeExpenses": 0,
        "sellingAndMarketingExpenses": 0,
        "sellingGeneralAndAdministrativeExpenses": 174800000,
        "otherExpenses": 50400000,
        "operatingExpenses": 225200000,
        "costAndExpenses": 767600000,
        "interestIncome": 0,
        "interestExpense": 13300000,
        "depreciationAndAmortization": 50300000,
        "ebitda": 296700000,
        "ebitdaratio": 0.2926324095,
        "operatingIncome": 246300000,
        "operatingIncomeRatio": 0.2429233652,
        "totalOtherIncomeExpensesNet": -12000000,
        "incomeBeforeTax": 234300000,
        "incomeBeforeTaxRatio": 0.2310878785,
        "incomeTaxExpense": 94900000,
        "netIncome": 139400000,
        "netIncomeRatio": 0.1374889042,
        "eps": 0.5,
        "epsdiluted": 0.5,
        "weightedAverageShsOut": 278800000,
        "weightedAverageShsOutDil": 278800000,
        "link": "https://www.sec.gov/Archives/edgar/data/39899/000003989995000014/0000039899-95-000014-index.html",
        "finalLink": "https://www.sec.gov/Archives/edgar/data/39899/"
    },
    {
        "date": "1995-03-26",
        "symbol": "TGNA",
        "reportedCurrency": "USD",
        "cik": "0000039899",
        "fillingDate": "1995-05-09",
        "acceptedDate": "1995-05-09 00:00:00",
        "calendarYear": "1995",
        "period": "Q1",
        "revenue": 913800000,
        "costOfRevenue": 534200000,
        "grossProfit": 379600000,
        "grossProfitRatio": 0.4154081856,
        "researchAndDevelopmentExpenses": 0,
        "generalAndAdministrativeExpenses": 0,
        "sellingAndMarketingExpenses": 0,
        "sellingGeneralAndAdministrativeExpenses": 171800000,
        "otherExpenses": 50700000,
        "operatingExpenses": 222500000,
        "costAndExpenses": 756700000,
        "interestIncome": 0,
        "interestExpense": 12700000,
        "depreciationAndAmortization": 50700000,
        "ebitda": 207800000,
        "ebitdaratio": 0.2274020573,
        "operatingIncome": 157100000,
        "operatingIncomeRatio": 0.1719194572,
        "totalOtherIncomeExpensesNet": -12200000,
        "incomeBeforeTax": 144900000,
        "incomeBeforeTaxRatio": 0.1585686146,
        "incomeTaxExpense": 58700000,
        "netIncome": 86200000,
        "netIncomeRatio": 0.0943313635,
        "eps": 0.31,
        "epsdiluted": 0.31,
        "weightedAverageShsOut": 278064516,
        "weightedAverageShsOutDil": 278064516,
        "link": "https://www.sec.gov/Archives/edgar/data/39899/000003989995000007/0000039899-95-000007-index.html",
        "finalLink": "https://www.sec.gov/Archives/edgar/data/39899/"
    },
    {
        "date": "1994-12-31",
        "symbol": "TGNA",
        "reportedCurrency": "USD",
        "cik": "0000039899",
        "fillingDate": "1995-03-24",
        "acceptedDate": "1995-03-24 00:00:00",
        "calendarYear": "1994",
        "period": "Q4",
        "revenue": 1048600000,
        "costOfRevenue": 550300000,
        "grossProfit": 498300000,
        "grossProfitRatio": 0.4752050353,
        "researchAndDevelopmentExpenses": 0,
        "generalAndAdministrativeExpenses": 0,
        "sellingAndMarketingExpenses": 0,
        "sellingGeneralAndAdministrativeExpenses": 194200000,
        "otherExpenses": 51600000,
        "operatingExpenses": 245800000,
        "costAndExpenses": 796100000,
        "interestIncome": 0,
        "interestExpense": 0,
        "depreciationAndAmortization": 51600000,
        "ebitda": 304100000,
        "ebitdaratio": 0.2900057219,
        "operatingIncome": 252500000,
        "operatingIncomeRatio": 0.2407972535,
        "totalOtherIncomeExpensesNet": -800000,
        "incomeBeforeTax": 251700000,
        "incomeBeforeTaxRatio": 0.2400343315,
        "incomeTaxExpense": 102300000,
        "netIncome": 149400000,
        "netIncomeRatio": 0.1424756819,
        "eps": 0.54,
        "epsdiluted": 0.54,
        "weightedAverageShsOut": 278064516,
        "weightedAverageShsOutDil": 278064516,
        "link": "https://www.sec.gov/Archives/edgar/data/39899/000003989995000004/0000039899-95-000004-index.html",
        "finalLink": "https://www.sec.gov/Archives/edgar/data/39899/"
    },
    {
        "date": "1994-09-25",
        "symbol": "TGNA",
        "reportedCurrency": "USD",
        "cik": "0000039899",
        "fillingDate": "1994-11-08",
        "acceptedDate": "1994-11-08 00:00:00",
        "calendarYear": "1994",
        "period": "Q3",
        "revenue": 932400000,
        "costOfRevenue": 524000000,
        "grossProfit": 408400000,
        "grossProfitRatio": 0.438009438,
        "researchAndDevelopmentExpenses": 0,
        "generalAndAdministrativeExpenses": 0,
        "sellingAndMarketingExpenses": 0,
        "sellingGeneralAndAdministrativeExpenses": 167400000,
        "otherExpenses": 53700000,
        "operatingExpenses": 221100000,
        "costAndExpenses": 745100000,
        "interestIncome": 0,
        "interestExpense": 10800000,
        "depreciationAndAmortization": 53700000,
        "ebitda": 241000000,
        "ebitdaratio": 0.2584727585,
        "operatingIncome": 187300000,
        "operatingIncomeRatio": 0.2008794509,
        "totalOtherIncomeExpensesNet": -10600000,
        "incomeBeforeTax": 176700000,
        "incomeBeforeTaxRatio": 0.1895109395,
        "incomeTaxExpense": 71200000,
        "netIncome": 105500000,
        "netIncomeRatio": 0.1131488631,
        "eps": 0.37,
        "epsdiluted": 0.37,
        "weightedAverageShsOut": 285135135,
        "weightedAverageShsOutDil": 285135135,
        "link": "https://www.sec.gov/Archives/edgar/data/39899/000003989994000022/0000039899-94-000022-index.html",
        "finalLink": "https://www.sec.gov/Archives/edgar/data/39899/"
    },
    {
        "date": "1994-06-26",
        "symbol": "TGNA",
        "reportedCurrency": "USD",
        "cik": "0000039899",
        "fillingDate": "1994-08-09",
        "acceptedDate": "1994-08-09 00:00:00",
        "calendarYear": "1994",
        "period": "Q2",
        "revenue": 966900000,
        "costOfRevenue": 516100000,
        "grossProfit": 450800000,
        "grossProfitRatio": 0.4662322888,
        "researchAndDevelopmentExpenses": 0,
        "generalAndAdministrativeExpenses": 0,
        "sellingAndMarketingExpenses": 0,
        "sellingGeneralAndAdministrativeExpenses": 168500000,
        "otherExpenses": 51700000,
        "operatingExpenses": 220200000,
        "costAndExpenses": 736300000,
        "interestIncome": 0,
        "interestExpense": 7800000,
        "depreciationAndAmortization": 51700000,
        "ebitda": 282300000,
        "ebitdaratio": 0.2919640087,
        "operatingIncome": 230600000,
        "operatingIncomeRatio": 0.2384941566,
        "totalOtherIncomeExpensesNet": -9200000,
        "incomeBeforeTax": 221400000,
        "incomeBeforeTaxRatio": 0.2289792119,
        "incomeTaxExpense": 89600000,
        "netIncome": 131800000,
        "netIncomeRatio": 0.1363119247,
        "eps": 0.45,
        "epsdiluted": 0.45,
        "weightedAverageShsOut": 292888889,
        "weightedAverageShsOutDil": 292888889,
        "link": "https://www.sec.gov/Archives/edgar/data/39899/000003989994000015/0000039899-94-000015-index.html",
        "finalLink": "https://www.sec.gov/Archives/edgar/data/39899/"
    },
    {
        "date": "1994-03-27",
        "symbol": "TGNA",
        "reportedCurrency": "USD",
        "cik": "0000039899",
        "fillingDate": "1994-05-10",
        "acceptedDate": "1994-05-10 00:00:00",
        "calendarYear": "1994",
        "period": "Q1",
        "revenue": 876600000,
        "costOfRevenue": 516400000,
        "grossProfit": 360200000,
        "grossProfitRatio": 0.4109057723,
        "researchAndDevelopmentExpenses": 0,
        "generalAndAdministrativeExpenses": 0,
        "sellingAndMarketingExpenses": 0,
        "sellingGeneralAndAdministrativeExpenses": 165900000,
        "otherExpenses": 51800000,
        "operatingExpenses": 217700000,
        "costAndExpenses": 734100000,
        "interestIncome": 0,
        "interestExpense": 9200000,
        "depreciationAndAmortization": 51800000,
        "ebitda": 194300000,
        "ebitdaratio": 0.2216518366,
        "operatingIncome": 142500000,
        "operatingIncomeRatio": 0.1625598905,
        "totalOtherIncomeExpensesNet": -10200000,
        "incomeBeforeTax": 132300000,
        "incomeBeforeTaxRatio": 0.1509240246,
        "incomeTaxExpense": 53600000,
        "netIncome": 78700000,
        "netIncomeRatio": 0.0897786904,
        "eps": 0.27,
        "epsdiluted": 0.27,
        "weightedAverageShsOut": 291481481,
        "weightedAverageShsOutDil": 291481481,
        "link": "https://www.sec.gov/Archives/edgar/data/39899/000003989994000009/0000039899-94-000009-index.html",
        "finalLink": "https://www.sec.gov/Archives/edgar/data/39899/"
    },
    {
        "date": "1993-12-31",
        "symbol": "TGNA",
        "reportedCurrency": "USD",
        "cik": "0000039899",
        "fillingDate": "1994-03-22",
        "acceptedDate": "1994-03-22 00:00:00",
        "calendarYear": "1993",
        "period": "Q4",
        "revenue": 982600000,
        "costOfRevenue": 532600000,
        "grossProfit": 450000000,
        "grossProfitRatio": 0.4579686546,
        "researchAndDevelopmentExpenses": 0,
        "generalAndAdministrativeExpenses": 0,
        "sellingAndMarketingExpenses": 0,
        "sellingGeneralAndAdministrativeExpenses": 166700000,
        "otherExpenses": 53100000,
        "operatingExpenses": 219800000,
        "costAndExpenses": 752400000,
        "interestIncome": 0,
        "interestExpense": 15900000,
        "depreciationAndAmortization": 53100000,
        "ebitda": 283300000,
        "ebitdaratio": 0.2883167108,
        "operatingIncome": 230200000,
        "operatingIncomeRatio": 0.2342764095,
        "totalOtherIncomeExpensesNet": -14500000,
        "incomeBeforeTax": 215700000,
        "incomeBeforeTaxRatio": 0.2195196418,
        "incomeTaxExpense": 86700000,
        "netIncome": 129000000,
        "netIncomeRatio": 0.1312843476,
        "eps": 0.44,
        "epsdiluted": 0.44,
        "weightedAverageShsOut": 291481481,
        "weightedAverageShsOutDil": 291481481,
        "link": "https://www.sec.gov/Archives/edgar/data/39899/000003989994000003/0000039899-94-000003-index.html",
        "finalLink": "https://www.sec.gov/Archives/edgar/data/39899/"
    },
    {
        "date": "1993-09-30",
        "symbol": "TGNA",
        "reportedCurrency": "USD",
        "cik": "0000039899",
        "fillingDate": "1993-09-30",
        "acceptedDate": "1993-09-30 00:00:00",
        "calendarYear": "1993",
        "period": "Q3",
        "revenue": 876500000,
        "costOfRevenue": 507300000,
        "grossProfit": 369200000,
        "grossProfitRatio": 0.4212207644,
        "researchAndDevelopmentExpenses": 0,
        "generalAndAdministrativeExpenses": 0,
        "sellingAndMarketingExpenses": 0,
        "sellingGeneralAndAdministrativeExpenses": 154500000,
        "otherExpenses": 51800000,
        "operatingExpenses": 206300000,
        "costAndExpenses": 713600000,
        "interestIncome": 0,
        "interestExpense": 6700000,
        "depreciationAndAmortization": 51800000,
        "ebitda": 214700000,
        "ebitdaratio": 0.2449515117,
        "operatingIncome": 162900000,
        "operatingIncomeRatio": 0.1858528237,
        "totalOtherIncomeExpensesNet": -10100000,
        "incomeBeforeTax": 152800000,
        "incomeBeforeTaxRatio": 0.1743297205,
        "incomeTaxExpense": 64000000,
        "netIncome": 88800000,
        "netIncomeRatio": 0.1013120365,
        "eps": 0.31,
        "epsdiluted": 0.31,
        "weightedAverageShsOut": 286451613,
        "weightedAverageShsOutDil": 286451613,
        "link": null,
        "finalLink": null
    },
    {
        "date": "1993-06-30",
        "symbol": "TGNA",
        "reportedCurrency": "USD",
        "cik": "0000039899",
        "fillingDate": "1993-06-30",
        "acceptedDate": "1993-06-30 00:00:00",
        "calendarYear": "1993",
        "period": "Q2",
        "revenue": 937800000,
        "costOfRevenue": 517900000,
        "grossProfit": 419900000,
        "grossProfitRatio": 0.4477500533,
        "researchAndDevelopmentExpenses": 0,
        "generalAndAdministrativeExpenses": 0,
        "sellingAndMarketingExpenses": 0,
        "sellingGeneralAndAdministrativeExpenses": 166200000,
        "otherExpenses": 52500000,
        "operatingExpenses": 218700000,
        "costAndExpenses": 736600000,
        "interestIncome": 0,
        "interestExpense": 9900000,
        "depreciationAndAmortization": 52500000,
        "ebitda": 253700000,
        "ebitdaratio": 0.2705267648,
        "operatingIncome": 201200000,
        "operatingIncomeRatio": 0.214544679,
        "totalOtherIncomeExpensesNet": -11700000,
        "incomeBeforeTax": 189500000,
        "incomeBeforeTaxRatio": 0.2020686714,
        "incomeTaxExpense": 75800000,
        "netIncome": 113700000,
        "netIncomeRatio": 0.1212412028,
        "eps": 0.39,
        "epsdiluted": 0.39,
        "weightedAverageShsOut": 291538462,
        "weightedAverageShsOutDil": 291538462,
        "link": null,
        "finalLink": null
    },
    {
        "date": "1993-03-31",
        "symbol": "TGNA",
        "reportedCurrency": "USD",
        "cik": "0000039899",
        "fillingDate": "1993-03-31",
        "acceptedDate": "1993-03-31 00:00:00",
        "calendarYear": "1993",
        "period": "Q1",
        "revenue": 844700000,
        "costOfRevenue": 509400000,
        "grossProfit": 335300000,
        "grossProfitRatio": 0.3969456612,
        "researchAndDevelopmentExpenses": 0,
        "generalAndAdministrativeExpenses": 0,
        "sellingAndMarketingExpenses": 0,
        "sellingGeneralAndAdministrativeExpenses": 163000000,
        "otherExpenses": 52200000,
        "operatingExpenses": 215200000,
        "costAndExpenses": 724600000,
        "interestIncome": 0,
        "interestExpense": 8100000,
        "depreciationAndAmortization": 52200000,
        "ebitda": 172300000,
        "ebitdaratio": 0.2039777436,
        "operatingIncome": 120100000,
        "operatingIncomeRatio": 0.1421806559,
        "totalOtherIncomeExpensesNet": -9600000,
        "incomeBeforeTax": 110500000,
        "incomeBeforeTaxRatio": 0.1308156742,
        "incomeTaxExpense": 44200000,
        "netIncome": 66300000,
        "netIncomeRatio": 0.0784894045,
        "eps": 0.23,
        "epsdiluted": 0.23,
        "weightedAverageShsOut": 288260870,
        "weightedAverageShsOutDil": 288260870,
        "link": null,
        "finalLink": null
    },
    {
        "date": "1992-12-31",
        "symbol": "TGNA",
        "reportedCurrency": "USD",
        "cik": "0000039899",
        "fillingDate": "1992-12-31",
        "acceptedDate": "1992-12-31 00:00:00",
        "calendarYear": "1992",
        "period": "Q4",
        "revenue": 935100000,
        "costOfRevenue": 529800000,
        "grossProfit": 405300000,
        "grossProfitRatio": 0.4334295797,
        "researchAndDevelopmentExpenses": 0,
        "generalAndAdministrativeExpenses": 0,
        "sellingAndMarketingExpenses": 0,
        "sellingGeneralAndAdministrativeExpenses": 164600000,
        "otherExpenses": 47200000,
        "operatingExpenses": 211800000,
        "costAndExpenses": 741600000,
        "interestIncome": 0,
        "interestExpense": 153200000,
        "depreciationAndAmortization": 47200000,
        "ebitda": 240700000,
        "ebitdaratio": 0.2574056251,
        "operatingIncome": 193500000,
        "operatingIncomeRatio": 0.2069297401,
        "totalOtherIncomeExpensesNet": -9000000,
        "incomeBeforeTax": 184500000,
        "incomeBeforeTaxRatio": 0.1973051011,
        "incomeTaxExpense": 73000000,
        "netIncome": -34500000,
        "netIncomeRatio": -0.0368944498,
        "eps": -0.12,
        "epsdiluted": -0.12,
        "weightedAverageShsOut": 288260870,
        "weightedAverageShsOutDil": 288260870,
        "link": null,
        "finalLink": null
    },
    {
        "date": "1992-09-30",
        "symbol": "TGNA",
        "reportedCurrency": "USD",
        "cik": "0000039899",
        "fillingDate": "1992-09-30",
        "acceptedDate": "1992-09-30 00:00:00",
        "calendarYear": "1992",
        "period": "Q3",
        "revenue": 848600000,
        "costOfRevenue": 505000000,
        "grossProfit": 343600000,
        "grossProfitRatio": 0.4049021918,
        "researchAndDevelopmentExpenses": 0,
        "generalAndAdministrativeExpenses": 0,
        "sellingAndMarketingExpenses": 0,
        "sellingGeneralAndAdministrativeExpenses": 151600000,
        "otherExpenses": 50100000,
        "operatingExpenses": 201700000,
        "costAndExpenses": 706700000,
        "interestIncome": 0,
        "interestExpense": 6400000,
        "depreciationAndAmortization": 50100000,
        "ebitda": 192000000,
        "ebitdaratio": 0.2262550082,
        "operatingIncome": 141900000,
        "operatingIncomeRatio": 0.167216592,
        "totalOtherIncomeExpensesNet": -8900000,
        "incomeBeforeTax": 133000000,
        "incomeBeforeTaxRatio": 0.1567287297,
        "incomeTaxExpense": 53000000,
        "netIncome": 80000000,
        "netIncomeRatio": 0.0942729201,
        "eps": 0.28,
        "epsdiluted": 0.28,
        "weightedAverageShsOut": 285714286,
        "weightedAverageShsOutDil": 285714286,
        "link": null,
        "finalLink": null
    },
    {
        "date": "1992-06-30",
        "symbol": "TGNA",
        "reportedCurrency": "USD",
        "cik": "0000039899",
        "fillingDate": "1992-06-30",
        "acceptedDate": "1992-06-30 00:00:00",
        "calendarYear": "1992",
        "period": "Q2",
        "revenue": 892100000,
        "costOfRevenue": 502400000,
        "grossProfit": 389700000,
        "grossProfitRatio": 0.4368344356,
        "researchAndDevelopmentExpenses": 0,
        "generalAndAdministrativeExpenses": 0,
        "sellingAndMarketingExpenses": 0,
        "sellingGeneralAndAdministrativeExpenses": 163100000,
        "otherExpenses": 50000000,
        "operatingExpenses": 213100000,
        "costAndExpenses": 715500000,
        "interestIncome": 0,
        "interestExpense": 10200000,
        "depreciationAndAmortization": 50000000,
        "ebitda": 226600000,
        "ebitdaratio": 0.2540073983,
        "operatingIncome": 176600000,
        "operatingIncomeRatio": 0.19795987,
        "totalOtherIncomeExpensesNet": -12100000,
        "incomeBeforeTax": 164500000,
        "incomeBeforeTaxRatio": 0.1843963681,
        "incomeTaxExpense": 65800000,
        "netIncome": 98700000,
        "netIncomeRatio": 0.1106378209,
        "eps": 0.35,
        "epsdiluted": 0.35,
        "weightedAverageShsOut": 282000000,
        "weightedAverageShsOutDil": 282000000,
        "link": null,
        "finalLink": null
    },
    {
        "date": "1992-03-31",
        "symbol": "TGNA",
        "reportedCurrency": "USD",
        "cik": "0000039899",
        "fillingDate": "1992-03-31",
        "acceptedDate": "1992-03-31 00:00:00",
        "calendarYear": "1992",
        "period": "Q1",
        "revenue": 793100000,
        "costOfRevenue": 487400000,
        "grossProfit": 305700000,
        "grossProfitRatio": 0.385449502,
        "researchAndDevelopmentExpenses": 0,
        "generalAndAdministrativeExpenses": 0,
        "sellingAndMarketingExpenses": 0,
        "sellingGeneralAndAdministrativeExpenses": 149900000,
        "otherExpenses": 50600000,
        "operatingExpenses": 200500000,
        "costAndExpenses": 687900000,
        "interestIncome": 0,
        "interestExpense": 11300000,
        "depreciationAndAmortization": 50600000,
        "ebitda": 155800000,
        "ebitdaratio": 0.1964443324,
        "operatingIncome": 105200000,
        "operatingIncomeRatio": 0.132644055,
        "totalOtherIncomeExpensesNet": -12900000,
        "incomeBeforeTax": 92300000,
        "incomeBeforeTaxRatio": 0.1163787669,
        "incomeTaxExpense": 36800000,
        "netIncome": 55500000,
        "netIncomeRatio": 0.0699785651,
        "eps": 0.2,
        "epsdiluted": 0.2,
        "weightedAverageShsOut": 277500000,
        "weightedAverageShsOutDil": 277500000,
        "link": null,
        "finalLink": null
    },
    {
        "date": "1991-12-31",
        "symbol": "TGNA",
        "reportedCurrency": "USD",
        "cik": "0000039899",
        "fillingDate": "1991-12-31",
        "acceptedDate": "1991-12-31 00:00:00",
        "calendarYear": "1991",
        "period": "Q4",
        "revenue": 901200000,
        "costOfRevenue": 514300000,
        "grossProfit": 386900000,
        "grossProfitRatio": 0.4293164669,
        "researchAndDevelopmentExpenses": 0,
        "generalAndAdministrativeExpenses": 0,
        "sellingAndMarketingExpenses": 0,
        "sellingGeneralAndAdministrativeExpenses": 154300000,
        "otherExpenses": 49800000,
        "operatingExpenses": 204100000,
        "costAndExpenses": 718400000,
        "interestIncome": 0,
        "interestExpense": 24300000,
        "depreciationAndAmortization": 49800000,
        "ebitda": 232600000,
        "ebitdaratio": 0.2581003107,
        "operatingIncome": 182800000,
        "operatingIncomeRatio": 0.2028406569,
        "totalOtherIncomeExpensesNet": -21200000,
        "incomeBeforeTax": 161600000,
        "incomeBeforeTaxRatio": 0.1793164669,
        "incomeTaxExpense": 64600000,
        "netIncome": 97000000,
        "netIncomeRatio": 0.1076342654,
        "eps": 0.35,
        "epsdiluted": 0.35,
        "weightedAverageShsOut": 277500000,
        "weightedAverageShsOutDil": 277500000,
        "link": null,
        "finalLink": null
    },
    {
        "date": "1991-09-30",
        "symbol": "TGNA",
        "reportedCurrency": "USD",
        "cik": "0000039899",
        "fillingDate": "1991-09-30",
        "acceptedDate": "1991-09-30 00:00:00",
        "calendarYear": "1991",
        "period": "Q3",
        "revenue": 819700000,
        "costOfRevenue": 505200000,
        "grossProfit": 314500000,
        "grossProfitRatio": 0.383676955,
        "researchAndDevelopmentExpenses": 0,
        "generalAndAdministrativeExpenses": 0,
        "sellingAndMarketingExpenses": 0,
        "sellingGeneralAndAdministrativeExpenses": 146700000,
        "otherExpenses": 50500000,
        "operatingExpenses": 197200000,
        "costAndExpenses": 702400000,
        "interestIncome": 0,
        "interestExpense": 14900000,
        "depreciationAndAmortization": 50500000,
        "ebitda": 167800000,
        "ebitdaratio": 0.2047090399,
        "operatingIncome": 117300000,
        "operatingIncomeRatio": 0.1431011346,
        "totalOtherIncomeExpensesNet": -18100000,
        "incomeBeforeTax": 99200000,
        "incomeBeforeTaxRatio": 0.1210198853,
        "incomeTaxExpense": 39700000,
        "netIncome": 59500000,
        "netIncomeRatio": 0.072587532,
        "eps": 0.21,
        "epsdiluted": 0.21,
        "weightedAverageShsOut": 283333333,
        "weightedAverageShsOutDil": 283333333,
        "link": null,
        "finalLink": null
    },
    {
        "date": "1991-06-30",
        "symbol": "TGNA",
        "reportedCurrency": "USD",
        "cik": "0000039899",
        "fillingDate": "1991-06-30",
        "acceptedDate": "1991-06-30 00:00:00",
        "calendarYear": "1991",
        "period": "Q2",
        "revenue": 874600000,
        "costOfRevenue": 506600000,
        "grossProfit": 368000000,
        "grossProfitRatio": 0.4207637777,
        "researchAndDevelopmentExpenses": 0,
        "generalAndAdministrativeExpenses": 0,
        "sellingAndMarketingExpenses": 0,
        "sellingGeneralAndAdministrativeExpenses": 155900000,
        "otherExpenses": 49800000,
        "operatingExpenses": 205700000,
        "costAndExpenses": 712300000,
        "interestIncome": 0,
        "interestExpense": 0,
        "depreciationAndAmortization": 49800000,
        "ebitda": 212100000,
        "ebitdaratio": 0.2425108621,
        "operatingIncome": 162300000,
        "operatingIncomeRatio": 0.1855705465,
        "totalOtherIncomeExpensesNet": -3200000,
        "incomeBeforeTax": 159100000,
        "incomeBeforeTaxRatio": 0.1819117311,
        "incomeTaxExpense": 64100000,
        "netIncome": 95000000,
        "netIncomeRatio": 0.1086210839,
        "eps": 0.31,
        "epsdiluted": 0.31,
        "weightedAverageShsOut": 306451613,
        "weightedAverageShsOutDil": 306451613,
        "link": null,
        "finalLink": null
    },
    {
        "date": "1991-03-31",
        "symbol": "TGNA",
        "reportedCurrency": "USD",
        "cik": "0000039899",
        "fillingDate": "1991-03-31",
        "acceptedDate": "1991-03-31 00:00:00",
        "calendarYear": "1991",
        "period": "Q1",
        "revenue": 786500000,
        "costOfRevenue": 496300000,
        "grossProfit": 290200000,
        "grossProfitRatio": 0.3689764781,
        "researchAndDevelopmentExpenses": 0,
        "generalAndAdministrativeExpenses": 0,
        "sellingAndMarketingExpenses": 0,
        "sellingGeneralAndAdministrativeExpenses": 144000000,
        "otherExpenses": 49700000,
        "operatingExpenses": 193700000,
        "costAndExpenses": 690000000,
        "interestIncome": 0,
        "interestExpense": 12500000,
        "depreciationAndAmortization": 49700000,
        "ebitda": 146200000,
        "ebitdaratio": 0.1858868404,
        "operatingIncome": 96500000,
        "operatingIncomeRatio": 0.1226954863,
        "totalOtherIncomeExpensesNet": -13700000,
        "incomeBeforeTax": 82800000,
        "incomeBeforeTaxRatio": 0.1052765416,
        "incomeTaxExpense": 32700000,
        "netIncome": 50100000,
        "netIncomeRatio": 0.0636999364,
        "eps": 0.16,
        "epsdiluted": 0.16,
        "weightedAverageShsOut": 313125000,
        "weightedAverageShsOutDil": 313125000,
        "link": null,
        "finalLink": null
    },
    {
        "date": "1990-12-31",
        "symbol": "TGNA",
        "reportedCurrency": "USD",
        "cik": "0000039899",
        "fillingDate": "1990-12-31",
        "acceptedDate": "1990-12-31 00:00:00",
        "calendarYear": "1990",
        "period": "Q4",
        "revenue": 904500000,
        "costOfRevenue": 510400000,
        "grossProfit": 394100000,
        "grossProfitRatio": 0.4357103372,
        "researchAndDevelopmentExpenses": 0,
        "generalAndAdministrativeExpenses": 0,
        "sellingAndMarketingExpenses": 0,
        "sellingGeneralAndAdministrativeExpenses": 148800000,
        "otherExpenses": 47700000,
        "operatingExpenses": 196500000,
        "costAndExpenses": 706900000,
        "interestIncome": 0,
        "interestExpense": 8500000,
        "depreciationAndAmortization": 47700000,
        "ebitda": 245300000,
        "ebitdaratio": 0.2711995578,
        "operatingIncome": 197600000,
        "operatingIncomeRatio": 0.2184632394,
        "totalOtherIncomeExpensesNet": -12900000,
        "incomeBeforeTax": 184700000,
        "incomeBeforeTaxRatio": 0.2042012161,
        "incomeTaxExpense": 67400000,
        "netIncome": 117300000,
        "netIncomeRatio": 0.1296849088,
        "eps": 0.37,
        "epsdiluted": 0.37,
        "weightedAverageShsOut": 313125000,
        "weightedAverageShsOutDil": 313125000,
        "link": null,
        "finalLink": null
    },
    {
        "date": "1990-09-30",
        "symbol": "TGNA",
        "reportedCurrency": "USD",
        "cik": "0000039899",
        "fillingDate": "1990-09-30",
        "acceptedDate": "1990-09-30 00:00:00",
        "calendarYear": "1990",
        "period": "Q3",
        "revenue": 829900000,
        "costOfRevenue": 491000000,
        "grossProfit": 338900000,
        "grossProfitRatio": 0.4083624533,
        "researchAndDevelopmentExpenses": 0,
        "generalAndAdministrativeExpenses": 0,
        "sellingAndMarketingExpenses": 0,
        "sellingGeneralAndAdministrativeExpenses": 139400000,
        "otherExpenses": 48800000,
        "operatingExpenses": 188200000,
        "costAndExpenses": 679200000,
        "interestIncome": 0,
        "interestExpense": 19600000,
        "depreciationAndAmortization": 48900000,
        "ebitda": 199600000,
        "ebitdaratio": 0.2405109049,
        "operatingIncome": 150700000,
        "operatingIncomeRatio": 0.1815881431,
        "totalOtherIncomeExpensesNet": -18400000,
        "incomeBeforeTax": 132300000,
        "incomeBeforeTaxRatio": 0.1594167972,
        "incomeTaxExpense": 52900000,
        "netIncome": 79400000,
        "netIncomeRatio": 0.0956741776,
        "eps": 0.25,
        "epsdiluted": 0.25,
        "weightedAverageShsOut": 317600000,
        "weightedAverageShsOutDil": 317600000,
        "link": null,
        "finalLink": null
    },
    {
        "date": "1990-06-30",
        "symbol": "TGNA",
        "reportedCurrency": "USD",
        "cik": "0000039899",
        "fillingDate": "1990-06-30",
        "acceptedDate": "1990-06-30 00:00:00",
        "calendarYear": "1990",
        "period": "Q2",
        "revenue": 893800000,
        "costOfRevenue": 498100000,
        "grossProfit": 395700000,
        "grossProfitRatio": 0.4427164914,
        "researchAndDevelopmentExpenses": 0,
        "generalAndAdministrativeExpenses": 0,
        "sellingAndMarketingExpenses": 0,
        "sellingGeneralAndAdministrativeExpenses": 153800000,
        "otherExpenses": 48800000,
        "operatingExpenses": 202600000,
        "costAndExpenses": 700700000,
        "interestIncome": 0,
        "interestExpense": 16600000,
        "depreciationAndAmortization": 48800000,
        "ebitda": 241900000,
        "ebitdaratio": 0.2706422018,
        "operatingIncome": 193100000,
        "operatingIncomeRatio": 0.2160438577,
        "totalOtherIncomeExpensesNet": -18000000,
        "incomeBeforeTax": 175100000,
        "incomeBeforeTaxRatio": 0.1959051242,
        "incomeTaxExpense": 69800000,
        "netIncome": 105300000,
        "netIncomeRatio": 0.117811591,
        "eps": 0.33,
        "epsdiluted": 0.33,
        "weightedAverageShsOut": 319090909,
        "weightedAverageShsOutDil": 319090909,
        "link": null,
        "finalLink": null
    },
    {
        "date": "1990-03-31",
        "symbol": "TGNA",
        "reportedCurrency": "USD",
        "cik": "0000039899",
        "fillingDate": "1990-03-31",
        "acceptedDate": "1990-03-31 00:00:00",
        "calendarYear": "1990",
        "period": "Q1",
        "revenue": 813400000,
        "costOfRevenue": 484000000,
        "grossProfit": 329400000,
        "grossProfitRatio": 0.404966806,
        "researchAndDevelopmentExpenses": 0,
        "generalAndAdministrativeExpenses": 0,
        "sellingAndMarketingExpenses": 0,
        "sellingGeneralAndAdministrativeExpenses": 143200000,
        "otherExpenses": 48600000,
        "operatingExpenses": 191800000,
        "costAndExpenses": 675800000,
        "interestIncome": 0,
        "interestExpense": 5600000,
        "depreciationAndAmortization": 48600000,
        "ebitda": 186200000,
        "ebitdaratio": 0.2289156627,
        "operatingIncome": 137600000,
        "operatingIncomeRatio": 0.1691664618,
        "totalOtherIncomeExpensesNet": -11700000,
        "incomeBeforeTax": 125900000,
        "incomeBeforeTaxRatio": 0.1547823949,
        "incomeTaxExpense": 50900000,
        "netIncome": 75000000,
        "netIncomeRatio": 0.0922055569,
        "eps": 0.24,
        "epsdiluted": 0.24,
        "weightedAverageShsOut": 312500000,
        "weightedAverageShsOutDil": 312500000,
        "link": null,
        "finalLink": null
    },
    {
        "date": "1989-12-31",
        "symbol": "TGNA",
        "reportedCurrency": "USD",
        "cik": "0000039899",
        "fillingDate": "1989-12-31",
        "acceptedDate": "1989-12-31 00:00:00",
        "calendarYear": "1989",
        "period": "Q4",
        "revenue": 968600000,
        "costOfRevenue": 537700000,
        "grossProfit": 430900000,
        "grossProfitRatio": 0.4448688829,
        "researchAndDevelopmentExpenses": 0,
        "generalAndAdministrativeExpenses": 0,
        "sellingAndMarketingExpenses": 0,
        "sellingGeneralAndAdministrativeExpenses": 155500000,
        "otherExpenses": 45500000,
        "operatingExpenses": 201000000,
        "costAndExpenses": 738700000,
        "interestIncome": 0,
        "interestExpense": 46400000,
        "depreciationAndAmortization": 45500000,
        "ebitda": 275400000,
        "ebitdaratio": 0.2843278959,
        "operatingIncome": 229900000,
        "operatingIncomeRatio": 0.2373528804,
        "totalOtherIncomeExpensesNet": -33600000,
        "incomeBeforeTax": 196300000,
        "incomeBeforeTaxRatio": 0.2026636382,
        "incomeTaxExpense": 68900000,
        "netIncome": 127400000,
        "netIncomeRatio": 0.1315300434,
        "eps": 0.41,
        "epsdiluted": 0.41,
        "weightedAverageShsOut": 312500000,
        "weightedAverageShsOutDil": 312500000,
        "link": null,
        "finalLink": null
    },
    {
        "date": "1989-09-30",
        "symbol": "TGNA",
        "reportedCurrency": "USD",
        "cik": "0000039899",
        "fillingDate": "1989-09-30",
        "acceptedDate": "1989-09-30 00:00:00",
        "calendarYear": "1989",
        "period": "Q3",
        "revenue": 827900000,
        "costOfRevenue": 481900000,
        "grossProfit": 346000000,
        "grossProfitRatio": 0.4179248702,
        "researchAndDevelopmentExpenses": 0,
        "generalAndAdministrativeExpenses": 0,
        "sellingAndMarketingExpenses": 0,
        "sellingGeneralAndAdministrativeExpenses": 131700000,
        "otherExpenses": 48300000,
        "operatingExpenses": 180000000,
        "costAndExpenses": 661900000,
        "interestIncome": 0,
        "interestExpense": 33900000,
        "depreciationAndAmortization": 48300000,
        "ebitda": 214300000,
        "ebitdaratio": 0.2588476869,
        "operatingIncome": 166000000,
        "operatingIncomeRatio": 0.2005073076,
        "totalOtherIncomeExpensesNet": -27500000,
        "incomeBeforeTax": 138500000,
        "incomeBeforeTaxRatio": 0.1672907356,
        "incomeTaxExpense": 55400000,
        "netIncome": 83100000,
        "netIncomeRatio": 0.1003744414,
        "eps": 0.26,
        "epsdiluted": 0.26,
        "weightedAverageShsOut": 319615385,
        "weightedAverageShsOutDil": 319615385,
        "link": null,
        "finalLink": null
    },
    {
        "date": "1989-06-30",
        "symbol": "TGNA",
        "reportedCurrency": "USD",
        "cik": "0000039899",
        "fillingDate": "1989-06-30",
        "acceptedDate": "1989-06-30 00:00:00",
        "calendarYear": "1989",
        "period": "Q2",
        "revenue": 904200000,
        "costOfRevenue": 492800000,
        "grossProfit": 411400000,
        "grossProfitRatio": 0.4549878345,
        "researchAndDevelopmentExpenses": 0,
        "generalAndAdministrativeExpenses": 0,
        "sellingAndMarketingExpenses": 0,
        "sellingGeneralAndAdministrativeExpenses": 147500000,
        "otherExpenses": 48300000,
        "operatingExpenses": 195800000,
        "costAndExpenses": 688600000,
        "interestIncome": 0,
        "interestExpense": 33000000,
        "depreciationAndAmortization": 48300000,
        "ebitda": 263900000,
        "ebitdaratio": 0.2918602079,
        "operatingIncome": 215600000,
        "operatingIncomeRatio": 0.2384428224,
        "totalOtherIncomeExpensesNet": -28600000,
        "incomeBeforeTax": 187000000,
        "incomeBeforeTaxRatio": 0.2068126521,
        "incomeTaxExpense": 74900000,
        "netIncome": 112100000,
        "netIncomeRatio": 0.1239769962,
        "eps": 0.35,
        "epsdiluted": 0.35,
        "weightedAverageShsOut": 320285714,
        "weightedAverageShsOutDil": 320285714,
        "link": null,
        "finalLink": null
    },
    {
        "date": "1989-03-31",
        "symbol": "TGNA",
        "reportedCurrency": "USD",
        "cik": "0000039899",
        "fillingDate": "1989-03-31",
        "acceptedDate": "1989-03-31 00:00:00",
        "calendarYear": "1989",
        "period": "Q1",
        "revenue": 817600000,
        "costOfRevenue": 0,
        "grossProfit": 817600000,
        "grossProfitRatio": 1,
        "researchAndDevelopmentExpenses": 0,
        "generalAndAdministrativeExpenses": 0,
        "sellingAndMarketingExpenses": 0,
        "sellingGeneralAndAdministrativeExpenses": 0,
        "otherExpenses": 0,
        "operatingExpenses": 0,
        "costAndExpenses": 0,
        "interestIncome": 0,
        "interestExpense": 0,
        "depreciationAndAmortization": 0,
        "ebitda": 817600000,
        "ebitdaratio": 1,
        "operatingIncome": 817600000,
        "operatingIncomeRatio": 1,
        "totalOtherIncomeExpensesNet": -817600000,
        "incomeBeforeTax": 0,
        "incomeBeforeTaxRatio": 0,
        "incomeTaxExpense": 0,
        "netIncome": 74900000,
        "netIncomeRatio": 0.091609589,
        "eps": 0.24,
        "epsdiluted": 0.24,
        "weightedAverageShsOut": 322066000,
        "weightedAverageShsOutDil": 322066000,
        "link": null,
        "finalLink": null
    },
    {
        "date": "1988-12-31",
        "symbol": "TGNA",
        "reportedCurrency": "USD",
        "cik": "0000039899",
        "fillingDate": "1988-12-31",
        "acceptedDate": "1988-12-31 00:00:00",
        "calendarYear": "1988",
        "period": "Q4",
        "revenue": 905300000,
        "costOfRevenue": 0,
        "grossProfit": 905300000,
        "grossProfitRatio": 1,
        "researchAndDevelopmentExpenses": 0,
        "generalAndAdministrativeExpenses": 0,
        "sellingAndMarketingExpenses": 0,
        "sellingGeneralAndAdministrativeExpenses": 0,
        "otherExpenses": -2626800000,
        "operatingExpenses": -2626800000,
        "costAndExpenses": -2626800000,
        "interestIncome": 0,
        "interestExpense": 0,
        "depreciationAndAmortization": 0,
        "ebitda": -1721500000,
        "ebitdaratio": -1.9015795869,
        "operatingIncome": -1721500000,
        "operatingIncomeRatio": -1.9015795869,
        "totalOtherIncomeExpensesNet": 1721500000,
        "incomeBeforeTax": 0,
        "incomeBeforeTaxRatio": 0,
        "incomeTaxExpense": 0,
        "netIncome": 117900000,
        "netIncomeRatio": 0.1302330719,
        "eps": 0.29,
        "epsdiluted": 0.29,
        "weightedAverageShsOut": 322066000,
        "weightedAverageShsOutDil": 322066000,
        "link": null,
        "finalLink": null
    },
    {
        "date": "1988-09-30",
        "symbol": "TGNA",
        "reportedCurrency": "USD",
        "cik": "0000039899",
        "fillingDate": "1988-09-30",
        "acceptedDate": "1988-09-30 00:00:00",
        "calendarYear": "1988",
        "period": "Q3",
        "revenue": 804300000,
        "costOfRevenue": 0,
        "grossProfit": 804300000,
        "grossProfitRatio": 1,
        "researchAndDevelopmentExpenses": 0,
        "generalAndAdministrativeExpenses": 0,
        "sellingAndMarketingExpenses": 0,
        "sellingGeneralAndAdministrativeExpenses": 0,
        "otherExpenses": 0,
        "operatingExpenses": 0,
        "costAndExpenses": 0,
        "interestIncome": 0,
        "interestExpense": 0,
        "depreciationAndAmortization": 0,
        "ebitda": 804300000,
        "ebitdaratio": 1,
        "operatingIncome": 804300000,
        "operatingIncomeRatio": 1,
        "totalOtherIncomeExpensesNet": -804300000,
        "incomeBeforeTax": 0,
        "incomeBeforeTaxRatio": 0,
        "incomeTaxExpense": 0,
        "netIncome": 75100000,
        "netIncomeRatio": 0.0933731195,
        "eps": 0.24,
        "epsdiluted": 0.24,
        "weightedAverageShsOut": 324098000,
        "weightedAverageShsOutDil": 324098000,
        "link": null,
        "finalLink": null
    },
    {
        "date": "1988-06-30",
        "symbol": "TGNA",
        "reportedCurrency": "USD",
        "cik": "0000039899",
        "fillingDate": "1988-06-30",
        "acceptedDate": "1988-06-30 00:00:00",
        "calendarYear": "1988",
        "period": "Q2",
        "revenue": 846900000,
        "costOfRevenue": 0,
        "grossProfit": 846900000,
        "grossProfitRatio": 1,
        "researchAndDevelopmentExpenses": 0,
        "generalAndAdministrativeExpenses": 0,
        "sellingAndMarketingExpenses": 0,
        "sellingGeneralAndAdministrativeExpenses": 0,
        "otherExpenses": 0,
        "operatingExpenses": 0,
        "costAndExpenses": 0,
        "interestIncome": 0,
        "interestExpense": 0,
        "depreciationAndAmortization": 0,
        "ebitda": 846900000,
        "ebitdaratio": 1,
        "operatingIncome": 846900000,
        "operatingIncomeRatio": 1,
        "totalOtherIncomeExpensesNet": -846900000,
        "incomeBeforeTax": 0,
        "incomeBeforeTaxRatio": 0,
        "incomeTaxExpense": 0,
        "netIncome": 97500000,
        "netIncomeRatio": 0.1151257527,
        "eps": 0.3,
        "epsdiluted": 0.3,
        "weightedAverageShsOut": 323934000,
        "weightedAverageShsOutDil": 323934000,
        "link": null,
        "finalLink": null
    },
    {
        "date": "1988-03-31",
        "symbol": "TGNA",
        "reportedCurrency": "USD",
        "cik": "0000039899",
        "fillingDate": "1988-03-31",
        "acceptedDate": "1988-03-31 00:00:00",
        "calendarYear": "1988",
        "period": "Q1",
        "revenue": 757900000,
        "costOfRevenue": 0,
        "grossProfit": 757900000,
        "grossProfitRatio": 1,
        "researchAndDevelopmentExpenses": 0,
        "generalAndAdministrativeExpenses": 0,
        "sellingAndMarketingExpenses": 0,
        "sellingGeneralAndAdministrativeExpenses": 0,
        "otherExpenses": 0,
        "operatingExpenses": 0,
        "costAndExpenses": 0,
        "interestIncome": 0,
        "interestExpense": 0,
        "depreciationAndAmortization": 0,
        "ebitda": 757900000,
        "ebitdaratio": 1,
        "operatingIncome": 757900000,
        "operatingIncomeRatio": 1,
        "totalOtherIncomeExpensesNet": -757900000,
        "incomeBeforeTax": 0,
        "incomeBeforeTaxRatio": 0,
        "incomeTaxExpense": 0,
        "netIncome": 74000000,
        "netIncomeRatio": 0.0976382108,
        "eps": 0.23,
        "epsdiluted": 0.23,
        "weightedAverageShsOut": 323838000,
        "weightedAverageShsOutDil": 323838000,
        "link": null,
        "finalLink": null
    },
    {
        "date": "1987-12-31",
        "symbol": "TGNA",
        "reportedCurrency": "USD",
        "cik": "0000039899",
        "fillingDate": "1987-12-31",
        "acceptedDate": "1987-12-31 00:00:00",
        "calendarYear": "1987",
        "period": "Q4",
        "revenue": 835300000,
        "costOfRevenue": 0,
        "grossProfit": 835300000,
        "grossProfitRatio": 1,
        "researchAndDevelopmentExpenses": 0,
        "generalAndAdministrativeExpenses": 0,
        "sellingAndMarketingExpenses": 0,
        "sellingGeneralAndAdministrativeExpenses": 0,
        "otherExpenses": -2418400000,
        "operatingExpenses": -2418400000,
        "costAndExpenses": -2418400000,
        "interestIncome": 0,
        "interestExpense": 0,
        "depreciationAndAmortization": 0,
        "ebitda": -1583100000,
        "ebitdaratio": -1.8952472166,
        "operatingIncome": -1583100000,
        "operatingIncomeRatio": -1.8952472166,
        "totalOtherIncomeExpensesNet": 1583100000,
        "incomeBeforeTax": 0,
        "incomeBeforeTaxRatio": 0,
        "incomeTaxExpense": 0,
        "netIncome": 106600000,
        "netIncomeRatio": 0.1276188196,
        "eps": 0.33,
        "epsdiluted": 0.33,
        "weightedAverageShsOut": 323838000,
        "weightedAverageShsOutDil": 323838000,
        "link": null,
        "finalLink": null
    },
    {
        "date": "1987-09-30",
        "symbol": "TGNA",
        "reportedCurrency": "USD",
        "cik": "0000039899",
        "fillingDate": "1987-09-30",
        "acceptedDate": "1987-09-30 00:00:00",
        "calendarYear": "1987",
        "period": "Q3",
        "revenue": 751100000,
        "costOfRevenue": 0,
        "grossProfit": 751100000,
        "grossProfitRatio": 1,
        "researchAndDevelopmentExpenses": 0,
        "generalAndAdministrativeExpenses": 0,
        "sellingAndMarketingExpenses": 0,
        "sellingGeneralAndAdministrativeExpenses": 0,
        "otherExpenses": 0,
        "operatingExpenses": 0,
        "costAndExpenses": 0,
        "interestIncome": 0,
        "interestExpense": 0,
        "depreciationAndAmortization": 0,
        "ebitda": 751100000,
        "ebitdaratio": 1,
        "operatingIncome": 751100000,
        "operatingIncomeRatio": 1,
        "totalOtherIncomeExpensesNet": -751100000,
        "incomeBeforeTax": 0,
        "incomeBeforeTaxRatio": 0,
        "incomeTaxExpense": 0,
        "netIncome": 70500000,
        "netIncomeRatio": 0.0938623352,
        "eps": 0.22,
        "epsdiluted": 0.22,
        "weightedAverageShsOut": 323278000,
        "weightedAverageShsOutDil": 323278000,
        "link": null,
        "finalLink": null
    },
    {
        "date": "1987-06-30",
        "symbol": "TGNA",
        "reportedCurrency": "USD",
        "cik": "0000039899",
        "fillingDate": "1987-06-30",
        "acceptedDate": "1987-06-30 00:00:00",
        "calendarYear": "1987",
        "period": "Q2",
        "revenue": 789800000,
        "costOfRevenue": 0,
        "grossProfit": 789800000,
        "grossProfitRatio": 1,
        "researchAndDevelopmentExpenses": 0,
        "generalAndAdministrativeExpenses": 0,
        "sellingAndMarketingExpenses": 0,
        "sellingGeneralAndAdministrativeExpenses": 0,
        "otherExpenses": 0,
        "operatingExpenses": 0,
        "costAndExpenses": 0,
        "interestIncome": 0,
        "interestExpense": 0,
        "depreciationAndAmortization": 0,
        "ebitda": 789800000,
        "ebitdaratio": 1,
        "operatingIncome": 789800000,
        "operatingIncomeRatio": 1,
        "totalOtherIncomeExpensesNet": -789800000,
        "incomeBeforeTax": 0,
        "incomeBeforeTaxRatio": 0,
        "incomeTaxExpense": 0,
        "netIncome": 89700000,
        "netIncomeRatio": 0.1135730565,
        "eps": 0.28,
        "epsdiluted": 0.28,
        "weightedAverageShsOut": 323088000,
        "weightedAverageShsOutDil": 323088000,
        "link": null,
        "finalLink": null
    },
    {
        "date": "1987-03-31",
        "symbol": "TGNA",
        "reportedCurrency": "USD",
        "cik": "0000039899",
        "fillingDate": "1987-03-31",
        "acceptedDate": "1987-03-31 00:00:00",
        "calendarYear": "1987",
        "period": "Q1",
        "revenue": 703200000,
        "costOfRevenue": 0,
        "grossProfit": 703200000,
        "grossProfitRatio": 1,
        "researchAndDevelopmentExpenses": 0,
        "generalAndAdministrativeExpenses": 0,
        "sellingAndMarketingExpenses": 0,
        "sellingGeneralAndAdministrativeExpenses": 0,
        "otherExpenses": 0,
        "operatingExpenses": 0,
        "costAndExpenses": 0,
        "interestIncome": 0,
        "interestExpense": 0,
        "depreciationAndAmortization": 0,
        "ebitda": 703200000,
        "ebitdaratio": 1,
        "operatingIncome": 703200000,
        "operatingIncomeRatio": 1,
        "totalOtherIncomeExpensesNet": -703200000,
        "incomeBeforeTax": 0,
        "incomeBeforeTaxRatio": 0,
        "incomeTaxExpense": 0,
        "netIncome": 52500000,
        "netIncomeRatio": 0.0746587031,
        "eps": 0.17,
        "epsdiluted": 0.17,
        "weightedAverageShsOut": 323088000,
        "weightedAverageShsOutDil": 323088000,
        "link": null,
        "finalLink": null
    },
    {
        "date": "1986-12-31",
        "symbol": "TGNA",
        "reportedCurrency": "USD",
        "cik": "0000039899",
        "fillingDate": "1986-12-31",
        "acceptedDate": "1986-12-31 00:00:00",
        "calendarYear": "1986",
        "period": "Q4",
        "revenue": 781500000,
        "costOfRevenue": 0,
        "grossProfit": 781500000,
        "grossProfitRatio": 1,
        "researchAndDevelopmentExpenses": 0,
        "generalAndAdministrativeExpenses": 0,
        "sellingAndMarketingExpenses": 0,
        "sellingGeneralAndAdministrativeExpenses": 0,
        "otherExpenses": -2204900000,
        "operatingExpenses": -2204900000,
        "costAndExpenses": -2204900000,
        "interestIncome": 0,
        "interestExpense": 0,
        "depreciationAndAmortization": 0,
        "ebitda": -1423400000,
        "ebitdaratio": -1.8213691619,
        "operatingIncome": -1423400000,
        "operatingIncomeRatio": -1.8213691619,
        "totalOtherIncomeExpensesNet": 1423400000,
        "incomeBeforeTax": 0,
        "incomeBeforeTaxRatio": 0,
        "incomeTaxExpense": 0,
        "netIncome": 88800000,
        "netIncomeRatio": 0.1136276392,
        "eps": 0.27,
        "epsdiluted": 0.27,
        "weightedAverageShsOut": 323088000,
        "weightedAverageShsOutDil": 323088000,
        "link": null,
        "finalLink": null
    },
    {
        "date": "1986-09-30",
        "symbol": "TGNA",
        "reportedCurrency": "USD",
        "cik": "0000039899",
        "fillingDate": "1986-09-30",
        "acceptedDate": "1986-09-30 00:00:00",
        "calendarYear": "1986",
        "period": "Q3",
        "revenue": 689100000,
        "costOfRevenue": 0,
        "grossProfit": 689100000,
        "grossProfitRatio": 1,
        "researchAndDevelopmentExpenses": 0,
        "generalAndAdministrativeExpenses": 0,
        "sellingAndMarketingExpenses": 0,
        "sellingGeneralAndAdministrativeExpenses": 0,
        "otherExpenses": 0,
        "operatingExpenses": 0,
        "costAndExpenses": 0,
        "interestIncome": 0,
        "interestExpense": 0,
        "depreciationAndAmortization": 0,
        "ebitda": 689100000,
        "ebitdaratio": 1,
        "operatingIncome": 689100000,
        "operatingIncomeRatio": 1,
        "totalOtherIncomeExpensesNet": -689100000,
        "incomeBeforeTax": 0,
        "incomeBeforeTaxRatio": 0,
        "incomeTaxExpense": 0,
        "netIncome": 65500000,
        "netIncomeRatio": 0.0950515165,
        "eps": 0.21,
        "epsdiluted": 0.21,
        "weightedAverageShsOut": 322996000,
        "weightedAverageShsOutDil": 322996000,
        "link": null,
        "finalLink": null
    },
    {
        "date": "1986-06-30",
        "symbol": "TGNA",
        "reportedCurrency": "USD",
        "cik": "0000039899",
        "fillingDate": "1986-06-30",
        "acceptedDate": "1986-06-30 00:00:00",
        "calendarYear": "1986",
        "period": "Q2",
        "revenue": 716200000,
        "costOfRevenue": 0,
        "grossProfit": 716200000,
        "grossProfitRatio": 1,
        "researchAndDevelopmentExpenses": 0,
        "generalAndAdministrativeExpenses": 0,
        "sellingAndMarketingExpenses": 0,
        "sellingGeneralAndAdministrativeExpenses": 0,
        "otherExpenses": 0,
        "operatingExpenses": 0,
        "costAndExpenses": 0,
        "interestIncome": 0,
        "interestExpense": 0,
        "depreciationAndAmortization": 0,
        "ebitda": 716200000,
        "ebitdaratio": 1,
        "operatingIncome": 716200000,
        "operatingIncomeRatio": 1,
        "totalOtherIncomeExpensesNet": -716200000,
        "incomeBeforeTax": 0,
        "incomeBeforeTaxRatio": 0,
        "incomeTaxExpense": 0,
        "netIncome": 77200000,
        "netIncomeRatio": 0.1077911198,
        "eps": 0.24,
        "epsdiluted": 0.24,
        "weightedAverageShsOut": 321172000,
        "weightedAverageShsOutDil": 321172000,
        "link": null,
        "finalLink": null
    },
    {
        "date": "1986-03-31",
        "symbol": "TGNA",
        "reportedCurrency": "USD",
        "cik": "0000039899",
        "fillingDate": "1986-03-31",
        "acceptedDate": "1986-03-31 00:00:00",
        "calendarYear": "1986",
        "period": "Q1",
        "revenue": 614700000,
        "costOfRevenue": 0,
        "grossProfit": 614700000,
        "grossProfitRatio": 1,
        "researchAndDevelopmentExpenses": 0,
        "generalAndAdministrativeExpenses": 0,
        "sellingAndMarketingExpenses": 0,
        "sellingGeneralAndAdministrativeExpenses": 0,
        "otherExpenses": 0,
        "operatingExpenses": 0,
        "costAndExpenses": 0,
        "interestIncome": 0,
        "interestExpense": 0,
        "depreciationAndAmortization": 0,
        "ebitda": 614700000,
        "ebitdaratio": 1,
        "operatingIncome": 614700000,
        "operatingIncomeRatio": 1,
        "totalOtherIncomeExpensesNet": -614700000,
        "incomeBeforeTax": 0,
        "incomeBeforeTaxRatio": 0,
        "incomeTaxExpense": 0,
        "netIncome": 44800000,
        "netIncomeRatio": 0.0728810802,
        "eps": 0.14,
        "epsdiluted": 0.14,
        "weightedAverageShsOut": 321016000,
        "weightedAverageShsOutDil": 321016000,
        "link": null,
        "finalLink": null
    },
    {
        "date": "1985-12-31",
        "symbol": "TGNA",
        "reportedCurrency": "USD",
        "cik": "0000039899",
        "fillingDate": "1985-12-31",
        "acceptedDate": "1985-12-31 00:00:00",
        "calendarYear": "1985",
        "period": "Q4",
        "revenue": 619500000,
        "costOfRevenue": 0,
        "grossProfit": 619500000,
        "grossProfitRatio": 1,
        "researchAndDevelopmentExpenses": 0,
        "generalAndAdministrativeExpenses": 0,
        "sellingAndMarketingExpenses": 0,
        "sellingGeneralAndAdministrativeExpenses": 0,
        "otherExpenses": -1704900000,
        "operatingExpenses": -1704900000,
        "costAndExpenses": -1704900000,
        "interestIncome": 0,
        "interestExpense": 0,
        "depreciationAndAmortization": 0,
        "ebitda": -1085400000,
        "ebitdaratio": -1.7520581114,
        "operatingIncome": -1085400000,
        "operatingIncomeRatio": -1.7520581114,
        "totalOtherIncomeExpensesNet": 1085400000,
        "incomeBeforeTax": 0,
        "incomeBeforeTaxRatio": 0,
        "incomeTaxExpense": 0,
        "netIncome": 79500000,
        "netIncomeRatio": 0.1283292978,
        "eps": 0.24,
        "epsdiluted": 0.24,
        "weightedAverageShsOut": 321016000,
        "weightedAverageShsOutDil": 321016000,
        "link": null,
        "finalLink": null
    },
    {
        "date": "1985-09-30",
        "symbol": "TGNA",
        "reportedCurrency": "USD",
        "cik": "0000039899",
        "fillingDate": "1985-09-30",
        "acceptedDate": "1985-09-30 00:00:00",
        "calendarYear": "1985",
        "period": "Q3",
        "revenue": 550300000,
        "costOfRevenue": 0,
        "grossProfit": 550300000,
        "grossProfitRatio": 1,
        "researchAndDevelopmentExpenses": 0,
        "generalAndAdministrativeExpenses": 0,
        "sellingAndMarketingExpenses": 0,
        "sellingGeneralAndAdministrativeExpenses": 0,
        "otherExpenses": 0,
        "operatingExpenses": 0,
        "costAndExpenses": 0,
        "interestIncome": 0,
        "interestExpense": 0,
        "depreciationAndAmortization": 0,
        "ebitda": 550300000,
        "ebitdaratio": 1,
        "operatingIncome": 550300000,
        "operatingIncomeRatio": 1,
        "totalOtherIncomeExpensesNet": -550300000,
        "incomeBeforeTax": 0,
        "incomeBeforeTaxRatio": 0,
        "incomeTaxExpense": 0,
        "netIncome": 60700000,
        "netIncomeRatio": 0.1103034708,
        "eps": 0.19,
        "epsdiluted": 0.19,
        "weightedAverageShsOut": 320924000,
        "weightedAverageShsOutDil": 320924000,
        "link": null,
        "finalLink": null
    }
]