[
    {
        "date": "2025-09-30",
        "symbol": "THC",
        "reportedCurrency": "USD",
        "cik": "0000070318",
        "fillingDate": "2025-10-28",
        "acceptedDate": "2025-10-28 16:06:53",
        "calendarYear": "2025",
        "period": "Q3",
        "revenue": 5289000000,
        "costOfRevenue": 2204000000,
        "grossProfit": 3085000000,
        "grossProfitRatio": 0.5832860654,
        "researchAndDevelopmentExpenses": 0,
        "generalAndAdministrativeExpenses": 0,
        "sellingAndMarketingExpenses": 0,
        "sellingGeneralAndAdministrativeExpenses": 0,
        "otherExpenses": 2196000000,
        "operatingExpenses": 2196000000,
        "costAndExpenses": 4400000000,
        "interestIncome": 0,
        "interestExpense": 206000000,
        "depreciationAndAmortization": 218000000,
        "ebitda": 889000000,
        "ebitdaratio": 0.1680847041,
        "operatingIncome": 889000000,
        "operatingIncomeRatio": 0.1680847041,
        "totalOtherIncomeExpensesNet": -177000000,
        "incomeBeforeTax": 712000000,
        "incomeBeforeTaxRatio": 0.1346190206,
        "incomeTaxExpense": 133000000,
        "netIncome": 342000000,
        "netIncomeRatio": 0.0646625071,
        "eps": 3.89,
        "epsdiluted": 3.86,
        "weightedAverageShsOut": 87951000,
        "weightedAverageShsOutDil": 88610000,
        "link": "https://www.sec.gov/Archives/edgar/data/70318/000007031825000046/0000070318-25-000046-index.htm",
        "finalLink": "https://www.sec.gov/Archives/edgar/data/70318/000007031825000046/thc-20250930.htm"
    },
    {
        "date": "2025-06-30",
        "symbol": "THC",
        "reportedCurrency": "USD",
        "cik": "0000070318",
        "fillingDate": "2025-07-30",
        "acceptedDate": "2025-07-29 20:19:04",
        "calendarYear": "2025",
        "period": "Q2",
        "revenue": 5271000000,
        "costOfRevenue": 932000000,
        "grossProfit": 4339000000,
        "grossProfitRatio": 0.8231834566,
        "researchAndDevelopmentExpenses": 0,
        "generalAndAdministrativeExpenses": 2160000000,
        "sellingAndMarketingExpenses": 0,
        "sellingGeneralAndAdministrativeExpenses": 2160000000,
        "otherExpenses": 1356000000,
        "operatingExpenses": 3516000000,
        "costAndExpenses": 4448000000,
        "interestIncome": 0,
        "interestExpense": 206000000,
        "depreciationAndAmortization": 208000000,
        "ebitda": 1056000000,
        "ebitdaratio": 0.2003414912,
        "operatingIncome": 823000000,
        "operatingIncomeRatio": 0.1561373553,
        "totalOtherIncomeExpensesNet": -181000000,
        "incomeBeforeTax": 642000000,
        "incomeBeforeTaxRatio": 0.1217985202,
        "incomeTaxExpense": 120000000,
        "netIncome": 288000000,
        "netIncomeRatio": 0.0546385885,
        "eps": 3.16,
        "epsdiluted": 3.14,
        "weightedAverageShsOut": 91135000,
        "weightedAverageShsOutDil": 91791000,
        "link": "https://www.sec.gov/Archives/edgar/data/70318/000007031825000039/0000070318-25-000039-index.htm",
        "finalLink": "https://www.sec.gov/Archives/edgar/data/70318/000007031825000039/thc-20250630.htm"
    },
    {
        "date": "2025-03-31",
        "symbol": "THC",
        "reportedCurrency": "USD",
        "cik": "0000070318",
        "fillingDate": "2025-04-29",
        "acceptedDate": "2025-04-29 16:04:13",
        "calendarYear": "2025",
        "period": "Q1",
        "revenue": 5223000000,
        "costOfRevenue": 3028000000,
        "grossProfit": 2195000000,
        "grossProfitRatio": 0.4202565575,
        "researchAndDevelopmentExpenses": 0,
        "generalAndAdministrativeExpenses": 0,
        "sellingAndMarketingExpenses": 0,
        "sellingGeneralAndAdministrativeExpenses": 96000000,
        "otherExpenses": 1156000000,
        "operatingExpenses": 1252000000,
        "costAndExpenses": 4280000000,
        "interestIncome": 0,
        "interestExpense": 204000000,
        "depreciationAndAmortization": 206000000,
        "ebitda": 1175000000,
        "ebitdaratio": 0.2249664944,
        "operatingIncome": 943000000,
        "operatingIncomeRatio": 0.180547578,
        "totalOtherIncomeExpensesNet": -178000000,
        "incomeBeforeTax": 765000000,
        "incomeBeforeTaxRatio": 0.1464675474,
        "incomeTaxExpense": 143000000,
        "netIncome": 406000000,
        "netIncomeRatio": 0.0777331036,
        "eps": 4.31,
        "epsdiluted": 4.27,
        "weightedAverageShsOut": 94242000,
        "weightedAverageShsOutDil": 95019000,
        "link": "https://www.sec.gov/Archives/edgar/data/70318/000007031825000017/0000070318-25-000017-index.htm",
        "finalLink": "https://www.sec.gov/Archives/edgar/data/70318/000007031825000017/thc-20250331.htm"
    },
    {
        "date": "2024-12-31",
        "symbol": "THC",
        "reportedCurrency": "USD",
        "cik": "0000070318",
        "fillingDate": "2025-02-18",
        "acceptedDate": "2025-02-18 16:59:50",
        "calendarYear": "2024",
        "period": "Q4",
        "revenue": 5072000000,
        "costOfRevenue": 3026000000,
        "grossProfit": 2046000000,
        "grossProfitRatio": 0.4033911672,
        "researchAndDevelopmentExpenses": 0,
        "generalAndAdministrativeExpenses": 0,
        "sellingAndMarketingExpenses": 0,
        "sellingGeneralAndAdministrativeExpenses": 417000000,
        "otherExpenses": 808000000,
        "operatingExpenses": 1225000000,
        "costAndExpenses": 4251000000,
        "interestIncome": 0,
        "interestExpense": 203000000,
        "depreciationAndAmortization": 193000000,
        "ebitda": 1051000000,
        "ebitdaratio": 0.2072160883,
        "operatingIncome": 821000000,
        "operatingIncomeRatio": 0.1618690852,
        "totalOtherIncomeExpensesNet": -166000000,
        "incomeBeforeTax": 655000000,
        "incomeBeforeTaxRatio": 0.1291403785,
        "incomeTaxExpense": 83000000,
        "netIncome": 318000000,
        "netIncomeRatio": 0.0626971609,
        "eps": 3.34,
        "epsdiluted": 3.32,
        "weightedAverageShsOut": 95102000,
        "weightedAverageShsOutDil": 95882000,
        "link": "https://www.sec.gov/Archives/edgar/data/70318/000007031825000009/0000070318-25-000009-index.htm",
        "finalLink": "https://www.sec.gov/Archives/edgar/data/70318/000007031825000009/thc-20241231.htm"
    },
    {
        "date": "2024-09-30",
        "symbol": "THC",
        "reportedCurrency": "USD",
        "cik": "0000070318",
        "fillingDate": "2024-10-29",
        "acceptedDate": "2024-10-29 16:06:37",
        "calendarYear": "2024",
        "period": "Q3",
        "revenue": 5122000000,
        "costOfRevenue": 3101000000,
        "grossProfit": 2021000000,
        "grossProfitRatio": 0.3945724326,
        "researchAndDevelopmentExpenses": 0,
        "generalAndAdministrativeExpenses": 0,
        "sellingAndMarketingExpenses": 0,
        "sellingGeneralAndAdministrativeExpenses": 107000000,
        "otherExpenses": 825000000,
        "operatingExpenses": 932000000,
        "costAndExpenses": 4033000000,
        "interestIncome": 0,
        "interestExpense": 202000000,
        "depreciationAndAmortization": 209000000,
        "ebitda": 1333000000,
        "ebitdaratio": 0.2602499024,
        "operatingIncome": 1089000000,
        "operatingIncomeRatio": 0.2126122608,
        "totalOtherIncomeExpensesNet": -167000000,
        "incomeBeforeTax": 922000000,
        "incomeBeforeTaxRatio": 0.1800078094,
        "incomeTaxExpense": 241000000,
        "netIncome": 472000000,
        "netIncomeRatio": 0.0921515033,
        "eps": 4.93,
        "epsdiluted": 4.89,
        "weightedAverageShsOut": 95665000,
        "weightedAverageShsOutDil": 96652000,
        "link": "https://www.sec.gov/Archives/edgar/data/70318/000007031824000052/0000070318-24-000052-index.htm",
        "finalLink": "https://www.sec.gov/Archives/edgar/data/70318/000007031824000052/thc-20240930.htm"
    },
    {
        "date": "2024-06-30",
        "symbol": "THC",
        "reportedCurrency": "USD",
        "cik": "0000070318",
        "fillingDate": "2024-07-30",
        "acceptedDate": "2024-07-30 16:03:26",
        "calendarYear": "2024",
        "period": "Q2",
        "revenue": 5103000000,
        "costOfRevenue": 3078000000,
        "grossProfit": 2025000000,
        "grossProfitRatio": 0.3968253968,
        "researchAndDevelopmentExpenses": 0,
        "generalAndAdministrativeExpenses": 0,
        "sellingAndMarketingExpenses": 0,
        "sellingGeneralAndAdministrativeExpenses": 105000000,
        "otherExpenses": 1159000000,
        "operatingExpenses": 1264000000,
        "costAndExpenses": 4342000000,
        "interestIncome": 0,
        "interestExpense": 203000000,
        "depreciationAndAmortization": 208000000,
        "ebitda": 998000000,
        "ebitdaratio": 0.1955712326,
        "operatingIncome": 761000000,
        "operatingIncomeRatio": 0.1491279639,
        "totalOtherIncomeExpensesNet": -174000000,
        "incomeBeforeTax": 587000000,
        "incomeBeforeTaxRatio": 0.1150303743,
        "incomeTaxExpense": 110000000,
        "netIncome": 259000000,
        "netIncomeRatio": 0.0507544582,
        "eps": 2.66,
        "epsdiluted": 2.64,
        "weightedAverageShsOut": 97267000,
        "weightedAverageShsOutDil": 98444000,
        "link": "https://www.sec.gov/Archives/edgar/data/70318/000007031824000041/0000070318-24-000041-index.htm",
        "finalLink": "https://www.sec.gov/Archives/edgar/data/70318/000007031824000041/thc-20240630.htm"
    },
    {
        "date": "2024-03-31",
        "symbol": "THC",
        "reportedCurrency": "USD",
        "cik": "0000070318",
        "fillingDate": "2024-04-30",
        "acceptedDate": "2024-04-30 16:05:25",
        "calendarYear": "2024",
        "period": "Q1",
        "revenue": 5368000000,
        "costOfRevenue": 3251000000,
        "grossProfit": 2117000000,
        "grossProfitRatio": 0.3943740686,
        "researchAndDevelopmentExpenses": 0,
        "generalAndAdministrativeExpenses": 0,
        "sellingAndMarketingExpenses": 0,
        "sellingGeneralAndAdministrativeExpenses": 103000000,
        "otherExpenses": -1271000000,
        "operatingExpenses": -1168000000,
        "costAndExpenses": 2083000000,
        "interestIncome": 0,
        "interestExpense": 218000000,
        "depreciationAndAmortization": 208000000,
        "ebitda": 3510000000,
        "ebitdaratio": 0.6538748137,
        "operatingIncome": 3285000000,
        "operatingIncomeRatio": 0.6119597615,
        "totalOtherIncomeExpensesNet": -201000000,
        "incomeBeforeTax": 3084000000,
        "incomeBeforeTaxRatio": 0.5745156483,
        "incomeTaxExpense": 750000000,
        "netIncome": 2151000000,
        "netIncomeRatio": 0.4007078987,
        "eps": 21.6,
        "epsdiluted": 21.38,
        "weightedAverageShsOut": 99581000,
        "weightedAverageShsOutDil": 100598000,
        "link": "https://www.sec.gov/Archives/edgar/data/70318/000007031824000032/0000070318-24-000032-index.htm",
        "finalLink": "https://www.sec.gov/Archives/edgar/data/70318/000007031824000032/thc-20240331.htm"
    },
    {
        "date": "2023-12-31",
        "symbol": "THC",
        "reportedCurrency": "USD",
        "cik": "0000070318",
        "fillingDate": "2024-02-16",
        "acceptedDate": "2024-02-16 16:07:13",
        "calendarYear": "2023",
        "period": "Q4",
        "revenue": 5379000000,
        "costOfRevenue": 3248000000,
        "grossProfit": 2131000000,
        "grossProfitRatio": 0.3961702919,
        "researchAndDevelopmentExpenses": 0,
        "generalAndAdministrativeExpenses": 0,
        "sellingAndMarketingExpenses": 0,
        "sellingGeneralAndAdministrativeExpenses": 418000000,
        "otherExpenses": 978000000,
        "operatingExpenses": 1396000000,
        "costAndExpenses": 4644000000,
        "interestIncome": 0,
        "interestExpense": 227000000,
        "depreciationAndAmortization": 216000000,
        "ebitda": 962000000,
        "ebitdaratio": 0.1788436512,
        "operatingIncome": 735000000,
        "operatingIncomeRatio": 0.1366424986,
        "totalOtherIncomeExpensesNet": -216000000,
        "incomeBeforeTax": 519000000,
        "incomeBeforeTaxRatio": 0.0964863358,
        "incomeTaxExpense": 63000000,
        "netIncome": 244000000,
        "netIncomeRatio": 0.0453615914,
        "eps": 2.42,
        "epsdiluted": 2.3,
        "weightedAverageShsOut": 100956000,
        "weightedAverageShsOutDil": 104167000,
        "link": "https://www.sec.gov/Archives/edgar/data/70318/000007031824000016/0000070318-24-000016-index.htm",
        "finalLink": "https://www.sec.gov/Archives/edgar/data/70318/000007031824000016/thc-20231231.htm"
    },
    {
        "date": "2023-09-30",
        "symbol": "THC",
        "reportedCurrency": "USD",
        "cik": "0000070318",
        "fillingDate": "2023-10-30",
        "acceptedDate": "2023-10-30 16:08:59",
        "calendarYear": "2023",
        "period": "Q3",
        "revenue": 5066000000,
        "costOfRevenue": 3166000000,
        "grossProfit": 1900000000,
        "grossProfitRatio": 0.3750493486,
        "researchAndDevelopmentExpenses": 0,
        "generalAndAdministrativeExpenses": 0,
        "sellingAndMarketingExpenses": 0,
        "sellingGeneralAndAdministrativeExpenses": 104000000,
        "otherExpenses": 1228000000,
        "operatingExpenses": 1332000000,
        "costAndExpenses": 4498000000,
        "interestIncome": 0,
        "interestExpense": 227000000,
        "depreciationAndAmortization": 224000000,
        "ebitda": 796000000,
        "ebitdaratio": 0.1571259376,
        "operatingIncome": 568000000,
        "operatingIncomeRatio": 0.1121200158,
        "totalOtherIncomeExpensesNet": -223000000,
        "incomeBeforeTax": 345000000,
        "incomeBeforeTaxRatio": 0.0681010659,
        "incomeTaxExpense": 79000000,
        "netIncome": 101000000,
        "netIncomeRatio": 0.0199368338,
        "eps": 0.99,
        "epsdiluted": 0.94,
        "weightedAverageShsOut": 101544000,
        "weightedAverageShsOutDil": 104425000,
        "link": "https://www.sec.gov/Archives/edgar/data/70318/000007031823000055/0000070318-23-000055-index.htm",
        "finalLink": "https://www.sec.gov/Archives/edgar/data/70318/000007031823000055/thc-20230930.htm"
    },
    {
        "date": "2023-06-30",
        "symbol": "THC",
        "reportedCurrency": "USD",
        "cik": "0000070318",
        "fillingDate": "2023-07-31",
        "acceptedDate": "2023-07-31 16:07:59",
        "calendarYear": "2023",
        "period": "Q2",
        "revenue": 5082000000,
        "costOfRevenue": 3178000000,
        "grossProfit": 1904000000,
        "grossProfitRatio": 0.3746556474,
        "researchAndDevelopmentExpenses": 0,
        "generalAndAdministrativeExpenses": 0,
        "sellingAndMarketingExpenses": 0,
        "sellingGeneralAndAdministrativeExpenses": 103000000,
        "otherExpenses": 1197000000,
        "operatingExpenses": 1300000000,
        "costAndExpenses": 4478000000,
        "interestIncome": 0,
        "interestExpense": 226000000,
        "depreciationAndAmortization": 213000000,
        "ebitda": 812000000,
        "ebitdaratio": 0.1597796143,
        "operatingIncome": 604000000,
        "operatingIncomeRatio": 0.1188508461,
        "totalOtherIncomeExpensesNet": -231000000,
        "incomeBeforeTax": 373000000,
        "incomeBeforeTaxRatio": 0.0733963007,
        "incomeTaxExpense": 80000000,
        "netIncome": 123000000,
        "netIncomeRatio": 0.0242030697,
        "eps": 1.21,
        "epsdiluted": 1.15,
        "weightedAverageShsOut": 101766000,
        "weightedAverageShsOutDil": 104778000,
        "link": "https://www.sec.gov/Archives/edgar/data/70318/000007031823000041/0000070318-23-000041-index.htm",
        "finalLink": "https://www.sec.gov/Archives/edgar/data/70318/000007031823000041/thc-20230630.htm"
    },
    {
        "date": "2023-03-31",
        "symbol": "THC",
        "reportedCurrency": "USD",
        "cik": "0000070318",
        "fillingDate": "2023-04-28",
        "acceptedDate": "2023-04-28 16:06:21",
        "calendarYear": "2023",
        "period": "Q1",
        "revenue": 5021000000,
        "costOfRevenue": 3151000000,
        "grossProfit": 1870000000,
        "grossProfitRatio": 0.3724357698,
        "researchAndDevelopmentExpenses": 0,
        "generalAndAdministrativeExpenses": 0,
        "sellingAndMarketingExpenses": 0,
        "sellingGeneralAndAdministrativeExpenses": 99000000,
        "otherExpenses": 1168000000,
        "operatingExpenses": 1267000000,
        "costAndExpenses": 4418000000,
        "interestIncome": 0,
        "interestExpense": 221000000,
        "depreciationAndAmortization": 217000000,
        "ebitda": 818000000,
        "ebitdaratio": 0.1629157538,
        "operatingIncome": 603000000,
        "operatingIncomeRatio": 0.1200955985,
        "totalOtherIncomeExpensesNet": -223000000,
        "incomeBeforeTax": 380000000,
        "incomeBeforeTaxRatio": 0.075682135,
        "incomeTaxExpense": 84000000,
        "netIncome": 143000000,
        "netIncomeRatio": 0.0284803824,
        "eps": 1.4,
        "epsdiluted": 1.32,
        "weightedAverageShsOut": 102289000,
        "weightedAverageShsOutDil": 106006000,
        "link": "https://www.sec.gov/Archives/edgar/data/70318/000007031823000019/0000070318-23-000019-index.htm",
        "finalLink": "https://www.sec.gov/Archives/edgar/data/70318/000007031823000019/thc-20230331.htm"
    },
    {
        "date": "2022-12-31",
        "symbol": "THC",
        "reportedCurrency": "USD",
        "cik": "0000070318",
        "fillingDate": "2023-02-21",
        "acceptedDate": "2023-02-17 17:56:19",
        "calendarYear": "2022",
        "period": "Q4",
        "revenue": 4990000000,
        "costOfRevenue": 3168000000,
        "grossProfit": 1822000000,
        "grossProfitRatio": 0.3651302605,
        "researchAndDevelopmentExpenses": 0,
        "generalAndAdministrativeExpenses": 0,
        "sellingAndMarketingExpenses": 0,
        "sellingGeneralAndAdministrativeExpenses": 412000000,
        "otherExpenses": 874000000,
        "operatingExpenses": 1286000000,
        "costAndExpenses": 4454000000,
        "interestIncome": 0,
        "interestExpense": 219000000,
        "depreciationAndAmortization": 213000000,
        "ebitda": 753000000,
        "ebitdaratio": 0.1509018036,
        "operatingIncome": 536000000,
        "operatingIncomeRatio": 0.1074148297,
        "totalOtherIncomeExpensesNet": -215000000,
        "incomeBeforeTax": 321000000,
        "incomeBeforeTaxRatio": 0.0643286573,
        "incomeTaxExpense": 47000000,
        "netIncome": 102000000,
        "netIncomeRatio": 0.0204408818,
        "eps": 0.98,
        "epsdiluted": 0.92,
        "weightedAverageShsOut": 104519000,
        "weightedAverageShsOutDil": 106368000,
        "link": "https://www.sec.gov/Archives/edgar/data/70318/000007031823000010/0000070318-23-000010-index.htm",
        "finalLink": "https://www.sec.gov/Archives/edgar/data/70318/000007031823000010/thc-20221231.htm"
    },
    {
        "date": "2022-09-30",
        "symbol": "THC",
        "reportedCurrency": "USD",
        "cik": "0000070318",
        "fillingDate": "2022-10-28",
        "acceptedDate": "2022-10-28 16:02:32",
        "calendarYear": "2022",
        "period": "Q3",
        "revenue": 4801000000,
        "costOfRevenue": 3049000000,
        "grossProfit": 1752000000,
        "grossProfitRatio": 0.3649239742,
        "researchAndDevelopmentExpenses": 0,
        "generalAndAdministrativeExpenses": 0,
        "sellingAndMarketingExpenses": 0,
        "sellingGeneralAndAdministrativeExpenses": 104000000,
        "otherExpenses": 1052000000,
        "operatingExpenses": 1156000000,
        "costAndExpenses": 4205000000,
        "interestIncome": 0,
        "interestExpense": 222000000,
        "depreciationAndAmortization": 209000000,
        "ebitda": 811000000,
        "ebitdaratio": 0.168923141,
        "operatingIncome": 596000000,
        "operatingIncomeRatio": 0.124140804,
        "totalOtherIncomeExpensesNet": -216000000,
        "incomeBeforeTax": 380000000,
        "incomeBeforeTaxRatio": 0.079150177,
        "incomeTaxExpense": 112000000,
        "netIncome": 131000000,
        "netIncomeRatio": 0.0272859821,
        "eps": 1.21,
        "epsdiluted": 1.16,
        "weightedAverageShsOut": 107923000,
        "weightedAverageShsOutDil": 109888000,
        "link": "https://www.sec.gov/Archives/edgar/data/70318/000007031822000051/0000070318-22-000051-index.htm",
        "finalLink": "https://www.sec.gov/Archives/edgar/data/70318/000007031822000051/thc-20220930.htm"
    },
    {
        "date": "2022-06-30",
        "symbol": "THC",
        "reportedCurrency": "USD",
        "cik": "0000070318",
        "fillingDate": "2022-07-29",
        "acceptedDate": "2022-07-29 16:07:41",
        "calendarYear": "2022",
        "period": "Q2",
        "revenue": 4638000000,
        "costOfRevenue": 2940000000,
        "grossProfit": 1698000000,
        "grossProfitRatio": 0.3661060802,
        "researchAndDevelopmentExpenses": 0,
        "generalAndAdministrativeExpenses": 0,
        "sellingAndMarketingExpenses": 0,
        "sellingGeneralAndAdministrativeExpenses": 99000000,
        "otherExpenses": 1046000000,
        "operatingExpenses": 1145000000,
        "costAndExpenses": 4085000000,
        "interestIncome": 0,
        "interestExpense": 222000000,
        "depreciationAndAmortization": 216000000,
        "ebitda": 703000000,
        "ebitdaratio": 0.1515739543,
        "operatingIncome": 553000000,
        "operatingIncomeRatio": 0.1192324278,
        "totalOtherIncomeExpensesNet": -288000000,
        "incomeBeforeTax": 265000000,
        "incomeBeforeTaxRatio": 0.0571366969,
        "incomeTaxExpense": 86000000,
        "netIncome": 38000000,
        "netIncomeRatio": 0.0081931867,
        "eps": 0.35,
        "epsdiluted": 0.35,
        "weightedAverageShsOut": 107790000,
        "weightedAverageShsOutDil": 108750000,
        "link": "https://www.sec.gov/Archives/edgar/data/70318/000007031822000041/0000070318-22-000041-index.htm",
        "finalLink": "https://www.sec.gov/Archives/edgar/data/70318/000007031822000041/thc-20220630.htm"
    },
    {
        "date": "2022-03-31",
        "symbol": "THC",
        "reportedCurrency": "USD",
        "cik": "0000070318",
        "fillingDate": "2022-04-29",
        "acceptedDate": "2022-04-29 16:09:57",
        "calendarYear": "2022",
        "period": "Q1",
        "revenue": 4745000000,
        "costOfRevenue": 2969000000,
        "grossProfit": 1776000000,
        "grossProfitRatio": 0.374288725,
        "researchAndDevelopmentExpenses": 0,
        "generalAndAdministrativeExpenses": 0,
        "sellingAndMarketingExpenses": 0,
        "sellingGeneralAndAdministrativeExpenses": 100000000,
        "otherExpenses": 1028000000,
        "operatingExpenses": 1128000000,
        "costAndExpenses": 4097000000,
        "interestIncome": 0,
        "interestExpense": 227000000,
        "depreciationAndAmortization": 203000000,
        "ebitda": 808000000,
        "ebitdaratio": 0.17028451,
        "operatingIncome": 648000000,
        "operatingIncomeRatio": 0.1365648051,
        "totalOtherIncomeExpensesNet": -270000000,
        "incomeBeforeTax": 378000000,
        "incomeBeforeTaxRatio": 0.079662803,
        "incomeTaxExpense": 99000000,
        "netIncome": 140000000,
        "netIncomeRatio": 0.0295047418,
        "eps": 1.3,
        "epsdiluted": 1.28,
        "weightedAverageShsOut": 107483000,
        "weightedAverageShsOutDil": 112020000,
        "link": "https://www.sec.gov/Archives/edgar/data/70318/000007031822000029/0000070318-22-000029-index.htm",
        "finalLink": "https://www.sec.gov/Archives/edgar/data/70318/000007031822000029/thc-20220331.htm"
    },
    {
        "date": "2021-12-31",
        "symbol": "THC",
        "reportedCurrency": "USD",
        "cik": "0000070318",
        "fillingDate": "2022-02-18",
        "acceptedDate": "2022-02-18 16:07:13",
        "calendarYear": "2021",
        "period": "Q4",
        "revenue": 4856000000,
        "costOfRevenue": 3029000000,
        "grossProfit": 1827000000,
        "grossProfitRatio": 0.3762355848,
        "researchAndDevelopmentExpenses": 0,
        "generalAndAdministrativeExpenses": 0,
        "sellingAndMarketingExpenses": 0,
        "sellingGeneralAndAdministrativeExpenses": 119000000,
        "otherExpenses": 957000000,
        "operatingExpenses": 1076000000,
        "costAndExpenses": 4105000000,
        "interestIncome": 0,
        "interestExpense": 221000000,
        "depreciationAndAmortization": 201000000,
        "ebitda": 950000000,
        "ebitdaratio": 0.1956342669,
        "operatingIncome": 751000000,
        "operatingIncomeRatio": 0.1546540362,
        "totalOtherIncomeExpensesNet": -223000000,
        "incomeBeforeTax": 528000000,
        "incomeBeforeTaxRatio": 0.1087314662,
        "incomeTaxExpense": 108000000,
        "netIncome": 249000000,
        "netIncomeRatio": 0.051276771,
        "eps": 2.32,
        "epsdiluted": 2.29,
        "weightedAverageShsOut": 107150000,
        "weightedAverageShsOutDil": 108890000,
        "link": "https://www.sec.gov/Archives/edgar/data/70318/000007031822000013/0000070318-22-000013-index.htm",
        "finalLink": "https://www.sec.gov/Archives/edgar/data/70318/000007031822000013/thc-20211231.htm"
    },
    {
        "date": "2021-09-30",
        "symbol": "THC",
        "reportedCurrency": "USD",
        "cik": "0000070318",
        "fillingDate": "2021-10-29",
        "acceptedDate": "2021-10-29 16:13:19",
        "calendarYear": "2021",
        "period": "Q3",
        "revenue": 4894000000,
        "costOfRevenue": 3038000000,
        "grossProfit": 1856000000,
        "grossProfitRatio": 0.3792398856,
        "researchAndDevelopmentExpenses": 0,
        "generalAndAdministrativeExpenses": 0,
        "sellingAndMarketingExpenses": 0,
        "sellingGeneralAndAdministrativeExpenses": 99000000,
        "otherExpenses": 743000000,
        "operatingExpenses": 842000000,
        "costAndExpenses": 3880000000,
        "interestIncome": 0,
        "interestExpense": 227000000,
        "depreciationAndAmortization": 209000000,
        "ebitda": 1210000000,
        "ebitdaratio": 0.2472415202,
        "operatingIncome": 1014000000,
        "operatingIncomeRatio": 0.2071924806,
        "totalOtherIncomeExpensesNet": -240000000,
        "incomeBeforeTax": 774000000,
        "incomeBeforeTaxRatio": 0.1581528402,
        "incomeTaxExpense": 197000000,
        "netIncome": 449000000,
        "netIncomeRatio": 0.0917449939,
        "eps": 4.19,
        "epsdiluted": 4.13,
        "weightedAverageShsOut": 107050000,
        "weightedAverageShsOutDil": 108761000,
        "link": "https://www.sec.gov/Archives/edgar/data/70318/000007031821000040/0000070318-21-000040-index.htm",
        "finalLink": "https://www.sec.gov/Archives/edgar/data/70318/000007031821000040/thc-20210930.htm"
    },
    {
        "date": "2021-06-30",
        "symbol": "THC",
        "reportedCurrency": "USD",
        "cik": "0000070318",
        "fillingDate": "2021-07-30",
        "acceptedDate": "2021-07-30 16:02:06",
        "calendarYear": "2021",
        "period": "Q2",
        "revenue": 4954000000,
        "costOfRevenue": 3142000000,
        "grossProfit": 1812000000,
        "grossProfitRatio": 0.3657650384,
        "researchAndDevelopmentExpenses": 0,
        "generalAndAdministrativeExpenses": 0,
        "sellingAndMarketingExpenses": 0,
        "sellingGeneralAndAdministrativeExpenses": 102000000,
        "otherExpenses": 1124000000,
        "operatingExpenses": 1226000000,
        "costAndExpenses": 4368000000,
        "interestIncome": 0,
        "interestExpense": 235000000,
        "depreciationAndAmortization": 221000000,
        "ebitda": 775000000,
        "ebitdaratio": 0.156439241,
        "operatingIncome": 586000000,
        "operatingIncomeRatio": 0.1182882519,
        "totalOtherIncomeExpensesNet": -267000000,
        "incomeBeforeTax": 319000000,
        "incomeBeforeTaxRatio": 0.0643924102,
        "incomeTaxExpense": 61000000,
        "netIncome": 119000000,
        "netIncomeRatio": 0.0240209931,
        "eps": 1.11,
        "epsdiluted": 1.1,
        "weightedAverageShsOut": 106822000,
        "weightedAverageShsOutDil": 108569000,
        "link": "https://www.sec.gov/Archives/edgar/data/70318/000007031821000030/0000070318-21-000030-index.htm",
        "finalLink": "https://www.sec.gov/Archives/edgar/data/70318/000007031821000030/thc-20210630.htm"
    },
    {
        "date": "2021-03-31",
        "symbol": "THC",
        "reportedCurrency": "USD",
        "cik": "0000070318",
        "fillingDate": "2021-04-30",
        "acceptedDate": "2021-04-30 16:17:01",
        "calendarYear": "2021",
        "period": "Q1",
        "revenue": 4781000000,
        "costOfRevenue": 3005000000,
        "grossProfit": 1776000000,
        "grossProfitRatio": 0.3714704037,
        "researchAndDevelopmentExpenses": 0,
        "generalAndAdministrativeExpenses": 0,
        "sellingAndMarketingExpenses": 0,
        "sellingGeneralAndAdministrativeExpenses": 107000000,
        "otherExpenses": 1149000000,
        "operatingExpenses": 1256000000,
        "costAndExpenses": 4261000000,
        "interestIncome": 0,
        "interestExpense": 240000000,
        "depreciationAndAmortization": 224000000,
        "ebitda": 731000000,
        "ebitdaratio": 0.1528968835,
        "operatingIncome": 520000000,
        "operatingIncomeRatio": 0.1087638569,
        "totalOtherIncomeExpensesNet": -253000000,
        "incomeBeforeTax": 267000000,
        "incomeBeforeTaxRatio": 0.0558460573,
        "incomeTaxExpense": 45000000,
        "netIncome": 97000000,
        "netIncomeRatio": 0.0202886425,
        "eps": 0.91,
        "epsdiluted": 0.9,
        "weightedAverageShsOut": 106309000,
        "weightedAverageShsOutDil": 108065000,
        "link": "https://www.sec.gov/Archives/edgar/data/70318/000007031821000017/0000070318-21-000017-index.htm",
        "finalLink": "https://www.sec.gov/Archives/edgar/data/70318/000007031821000017/thc-20210331.htm"
    },
    {
        "date": "2020-12-31",
        "symbol": "THC",
        "reportedCurrency": "USD",
        "cik": "0000070318",
        "fillingDate": "2021-02-19",
        "acceptedDate": "2021-02-19 17:02:46",
        "calendarYear": "2020",
        "period": "Q4",
        "revenue": 4915000000,
        "costOfRevenue": 3052000000,
        "grossProfit": 1863000000,
        "grossProfitRatio": 0.3790437436,
        "researchAndDevelopmentExpenses": 0,
        "generalAndAdministrativeExpenses": 0,
        "sellingAndMarketingExpenses": 0,
        "sellingGeneralAndAdministrativeExpenses": 139000000,
        "otherExpenses": 804000000,
        "operatingExpenses": 943000000,
        "costAndExpenses": 3995000000,
        "interestIncome": 0,
        "interestExpense": 242000000,
        "depreciationAndAmortization": 233000000,
        "ebitda": 1151000000,
        "ebitdaratio": 0.2341810783,
        "operatingIncome": 920000000,
        "operatingIncomeRatio": 0.1871820956,
        "totalOtherIncomeExpensesNet": -244000000,
        "incomeBeforeTax": 676000000,
        "incomeBeforeTaxRatio": 0.1375381485,
        "incomeTaxExpense": 130000000,
        "netIncome": 414000000,
        "netIncomeRatio": 0.084231943,
        "eps": 3.92,
        "epsdiluted": 3.86,
        "weightedAverageShsOut": 105630000,
        "weightedAverageShsOutDil": 107237000,
        "link": "https://www.sec.gov/Archives/edgar/data/70318/000007031821000008/0000070318-21-000008-index.htm",
        "finalLink": "https://www.sec.gov/Archives/edgar/data/70318/000007031821000008/thc-20201231.htm"
    },
    {
        "date": "2020-09-30",
        "symbol": "THC",
        "reportedCurrency": "USD",
        "cik": "0000070318",
        "fillingDate": "2020-10-30",
        "acceptedDate": "2020-10-29 18:00:35",
        "calendarYear": "2020",
        "period": "Q3",
        "revenue": 4557000000,
        "costOfRevenue": 2928000000,
        "grossProfit": 1629000000,
        "grossProfitRatio": 0.3574720211,
        "researchAndDevelopmentExpenses": 0,
        "generalAndAdministrativeExpenses": 0,
        "sellingAndMarketingExpenses": 0,
        "sellingGeneralAndAdministrativeExpenses": 99000000,
        "otherExpenses": 1259000000,
        "operatingExpenses": 1358000000,
        "costAndExpenses": 4286000000,
        "interestIncome": 0,
        "interestExpense": 263000000,
        "depreciationAndAmortization": 215000000,
        "ebitda": 174000000,
        "ebitdaratio": 0.0381830151,
        "operatingIncome": 271000000,
        "operatingIncomeRatio": 0.0594689489,
        "totalOtherIncomeExpensesNet": -575000000,
        "incomeBeforeTax": -304000000,
        "incomeBeforeTaxRatio": -0.0667105552,
        "incomeTaxExpense": -197000000,
        "netIncome": -196000000,
        "netIncomeRatio": -0.0430107527,
        "eps": -1.86,
        "epsdiluted": -1.86,
        "weightedAverageShsOut": 105263000,
        "weightedAverageShsOutDil": 105263000,
        "link": "https://www.sec.gov/Archives/edgar/data/70318/000007031820000043/0000070318-20-000043-index.htm",
        "finalLink": "https://www.sec.gov/Archives/edgar/data/70318/000007031820000043/thc-20200930.htm"
    },
    {
        "date": "2020-06-30",
        "symbol": "THC",
        "reportedCurrency": "USD",
        "cik": "0000070318",
        "fillingDate": "2020-08-03",
        "acceptedDate": "2020-08-03 16:19:41",
        "calendarYear": "2020",
        "period": "Q2",
        "revenue": 3648000000,
        "costOfRevenue": 2477000000,
        "grossProfit": 1171000000,
        "grossProfitRatio": 0.320997807,
        "researchAndDevelopmentExpenses": 0,
        "generalAndAdministrativeExpenses": 0,
        "sellingAndMarketingExpenses": 0,
        "sellingGeneralAndAdministrativeExpenses": 90000000,
        "otherExpenses": 610000000,
        "operatingExpenses": 700000000,
        "costAndExpenses": 3177000000,
        "interestIncome": 0,
        "interestExpense": 255000000,
        "depreciationAndAmortization": 206000000,
        "ebitda": 675000000,
        "ebitdaratio": 0.1850328947,
        "operatingIncome": 471000000,
        "operatingIncomeRatio": 0.1291118421,
        "totalOtherIncomeExpensesNet": -257000000,
        "incomeBeforeTax": 214000000,
        "incomeBeforeTaxRatio": 0.0586622807,
        "incomeTaxExpense": 45000000,
        "netIncome": 88000000,
        "netIncomeRatio": 0.024122807,
        "eps": 0.84,
        "epsdiluted": 0.83,
        "weightedAverageShsOut": 104794000,
        "weightedAverageShsOutDil": 105578000,
        "link": "https://www.sec.gov/Archives/edgar/data/70318/000007031820000036/0000070318-20-000036-index.htm",
        "finalLink": "https://www.sec.gov/Archives/edgar/data/70318/000007031820000036/thc-20200630.htm"
    },
    {
        "date": "2020-03-31",
        "symbol": "THC",
        "reportedCurrency": "USD",
        "cik": "0000070318",
        "fillingDate": "2020-05-04",
        "acceptedDate": "2020-05-04 16:20:36",
        "calendarYear": "2020",
        "period": "Q1",
        "revenue": 4520000000,
        "costOfRevenue": 2952000000,
        "grossProfit": 1568000000,
        "grossProfitRatio": 0.3469026549,
        "researchAndDevelopmentExpenses": 0,
        "generalAndAdministrativeExpenses": 0,
        "sellingAndMarketingExpenses": 0,
        "sellingGeneralAndAdministrativeExpenses": 91000000,
        "otherExpenses": 1150000000,
        "operatingExpenses": 1241000000,
        "costAndExpenses": 4193000000,
        "interestIncome": 0,
        "interestExpense": 243000000,
        "depreciationAndAmortization": 203000000,
        "ebitda": 531000000,
        "ebitdaratio": 0.1174778761,
        "operatingIncome": 327000000,
        "operatingIncomeRatio": 0.0723451327,
        "totalOtherIncomeExpensesNet": -242000000,
        "incomeBeforeTax": 85000000,
        "incomeBeforeTaxRatio": 0.0188053097,
        "incomeTaxExpense": -75000000,
        "netIncome": 93000000,
        "netIncomeRatio": 0.0205752212,
        "eps": 0.89,
        "epsdiluted": 0.88,
        "weightedAverageShsOut": 104353000,
        "weightedAverageShsOutDil": 105733000,
        "link": "https://www.sec.gov/Archives/edgar/data/70318/000007031820000028/0000070318-20-000028-index.htm",
        "finalLink": "https://www.sec.gov/Archives/edgar/data/70318/000007031820000028/thc-20200331x10xq.htm"
    },
    {
        "date": "2019-12-31",
        "symbol": "THC",
        "reportedCurrency": "USD",
        "cik": "0000070318",
        "fillingDate": "2020-02-24",
        "acceptedDate": "2020-02-24 16:28:48",
        "calendarYear": "2019",
        "period": "Q4",
        "revenue": 4806000000,
        "costOfRevenue": 3040000000,
        "grossProfit": 1766000000,
        "grossProfitRatio": 0.367457345,
        "researchAndDevelopmentExpenses": 0,
        "generalAndAdministrativeExpenses": 0,
        "sellingAndMarketingExpenses": 0,
        "sellingGeneralAndAdministrativeExpenses": 94000000,
        "otherExpenses": 1218000000,
        "operatingExpenses": 1312000000,
        "costAndExpenses": 4352000000,
        "interestIncome": 0,
        "interestExpense": 243000000,
        "depreciationAndAmortization": 223000000,
        "ebitda": 815000000,
        "ebitdaratio": 0.1695796921,
        "operatingIncome": 454000000,
        "operatingIncomeRatio": 0.0944652518,
        "totalOtherIncomeExpensesNet": -245000000,
        "incomeBeforeTax": 209000000,
        "incomeBeforeTaxRatio": 0.0434873075,
        "incomeTaxExpense": 85000000,
        "netIncome": -3000000,
        "netIncomeRatio": -0.0006242197,
        "eps": 0.02,
        "epsdiluted": 0.02,
        "weightedAverageShsOut": 104048000,
        "weightedAverageShsOutDil": 105666000,
        "link": "https://www.sec.gov/Archives/edgar/data/70318/000007031820000014/0000070318-20-000014-index.htm",
        "finalLink": "https://www.sec.gov/Archives/edgar/data/70318/000007031820000014/thc-2019123110xk.htm"
    },
    {
        "date": "2019-09-30",
        "symbol": "THC",
        "reportedCurrency": "USD",
        "cik": "0000070318",
        "fillingDate": "2019-11-04",
        "acceptedDate": "2019-11-04 16:28:16",
        "calendarYear": "2019",
        "period": "Q3",
        "revenue": 4568000000,
        "costOfRevenue": 2935000000,
        "grossProfit": 1633000000,
        "grossProfitRatio": 0.3574868651,
        "researchAndDevelopmentExpenses": 0,
        "generalAndAdministrativeExpenses": 0,
        "sellingAndMarketingExpenses": 0,
        "sellingGeneralAndAdministrativeExpenses": 85000000,
        "otherExpenses": 1246000000,
        "operatingExpenses": 1331000000,
        "costAndExpenses": 4266000000,
        "interestIncome": 0,
        "interestExpense": 244000000,
        "depreciationAndAmortization": 205000000,
        "ebitda": 324000000,
        "ebitdaratio": 0.0709281961,
        "operatingIncome": 302000000,
        "operatingIncomeRatio": 0.0661120841,
        "totalOtherIncomeExpensesNet": -427000000,
        "incomeBeforeTax": -125000000,
        "incomeBeforeTaxRatio": -0.0273642732,
        "incomeTaxExpense": 22000000,
        "netIncome": -226000000,
        "netIncomeRatio": -0.049474606,
        "eps": -2.18,
        "epsdiluted": -2.18,
        "weightedAverageShsOut": 103558000,
        "weightedAverageShsOutDil": 103558000,
        "link": "https://www.sec.gov/Archives/edgar/data/70318/000007031819000056/0000070318-19-000056-index.htm",
        "finalLink": "https://www.sec.gov/Archives/edgar/data/70318/000007031819000056/thc-20190930x10xq.htm"
    },
    {
        "date": "2019-06-30",
        "symbol": "THC",
        "reportedCurrency": "USD",
        "cik": "0000070318",
        "fillingDate": "2019-08-05",
        "acceptedDate": "2019-08-05 16:26:29",
        "calendarYear": "2019",
        "period": "Q2",
        "revenue": 4560000000,
        "costOfRevenue": 2901000000,
        "grossProfit": 1659000000,
        "grossProfitRatio": 0.3638157895,
        "researchAndDevelopmentExpenses": 0,
        "generalAndAdministrativeExpenses": 0,
        "sellingAndMarketingExpenses": 0,
        "sellingGeneralAndAdministrativeExpenses": 83000000,
        "otherExpenses": 1176000000,
        "operatingExpenses": 1259000000,
        "costAndExpenses": 4160000000,
        "interestIncome": 0,
        "interestExpense": 247000000,
        "depreciationAndAmortization": 214000000,
        "ebitda": 613000000,
        "ebitdaratio": 0.1344298246,
        "operatingIncome": 400000000,
        "operatingIncomeRatio": 0.0877192982,
        "totalOtherIncomeExpensesNet": -248000000,
        "incomeBeforeTax": 152000000,
        "incomeBeforeTaxRatio": 0.0333333333,
        "incomeTaxExpense": 33000000,
        "netIncome": 26000000,
        "netIncomeRatio": 0.0057017544,
        "eps": 0.25,
        "epsdiluted": 0.25,
        "weightedAverageShsOut": 103198000,
        "weightedAverageShsOutDil": 104629000,
        "link": "https://www.sec.gov/Archives/edgar/data/70318/000007031819000039/0000070318-19-000039-index.htm",
        "finalLink": "https://www.sec.gov/Archives/edgar/data/70318/000007031819000039/thc-20190630x10xq.htm"
    },
    {
        "date": "2019-03-31",
        "symbol": "THC",
        "reportedCurrency": "USD",
        "cik": "0000070318",
        "fillingDate": "2019-04-29",
        "acceptedDate": "2019-04-29 16:22:00",
        "calendarYear": "2019",
        "period": "Q1",
        "revenue": 4545000000,
        "costOfRevenue": 2897000000,
        "grossProfit": 1648000000,
        "grossProfitRatio": 0.3625962596,
        "researchAndDevelopmentExpenses": 0,
        "generalAndAdministrativeExpenses": 0,
        "sellingAndMarketingExpenses": 0,
        "sellingGeneralAndAdministrativeExpenses": 82000000,
        "otherExpenses": 1185000000,
        "operatingExpenses": 1267000000,
        "costAndExpenses": 4164000000,
        "interestIncome": 0,
        "interestExpense": 251000000,
        "depreciationAndAmortization": 208000000,
        "ebitda": 543000000,
        "ebitdaratio": 0.1194719472,
        "operatingIncome": 381000000,
        "operatingIncomeRatio": 0.0838283828,
        "totalOtherIncomeExpensesNet": -297000000,
        "incomeBeforeTax": 84000000,
        "incomeBeforeTaxRatio": 0.0184818482,
        "incomeTaxExpense": 20000000,
        "netIncome": -12000000,
        "netIncomeRatio": -0.002640264,
        "eps": -0.11,
        "epsdiluted": -0.11,
        "weightedAverageShsOut": 102788000,
        "weightedAverageShsOutDil": 102788000,
        "link": "https://www.sec.gov/Archives/edgar/data/70318/000007031819000024/0000070318-19-000024-index.htm",
        "finalLink": "https://www.sec.gov/Archives/edgar/data/70318/000007031819000024/thc-20190331x10xq.htm"
    },
    {
        "date": "2018-12-31",
        "symbol": "THC",
        "reportedCurrency": "USD",
        "cik": "0000070318",
        "fillingDate": "2019-02-25",
        "acceptedDate": "2019-02-25 16:34:09",
        "calendarYear": "2018",
        "period": "Q4",
        "revenue": 4619000000,
        "costOfRevenue": 2916000000,
        "grossProfit": 1703000000,
        "grossProfitRatio": 0.3686945226,
        "researchAndDevelopmentExpenses": 0,
        "generalAndAdministrativeExpenses": 0,
        "sellingAndMarketingExpenses": 0,
        "sellingGeneralAndAdministrativeExpenses": 80000000,
        "otherExpenses": 1219000000,
        "operatingExpenses": 1299000000,
        "costAndExpenses": 4215000000,
        "interestIncome": 0,
        "interestExpense": 246000000,
        "depreciationAndAmortization": 200000000,
        "ebitda": 604000000,
        "ebitdaratio": 0.1307642347,
        "operatingIncome": 404000000,
        "operatingIncomeRatio": 0.0874648192,
        "totalOtherIncomeExpensesNet": -246000000,
        "incomeBeforeTax": 158000000,
        "incomeBeforeTaxRatio": 0.0342065382,
        "incomeTaxExpense": 56000000,
        "netIncome": -5000000,
        "netIncomeRatio": -0.0010824854,
        "eps": 0,
        "epsdiluted": 0,
        "weightedAverageShsOut": 102500000,
        "weightedAverageShsOutDil": 102788000,
        "link": "https://www.sec.gov/Archives/edgar/data/70318/000007031819000017/0000070318-19-000017-index.htm",
        "finalLink": "https://www.sec.gov/Archives/edgar/data/70318/000007031819000017/thc-2018123110xk.htm"
    },
    {
        "date": "2018-09-30",
        "symbol": "THC",
        "reportedCurrency": "USD",
        "cik": "0000070318",
        "fillingDate": "2018-11-05",
        "acceptedDate": "2018-11-05 16:27:21",
        "calendarYear": "2018",
        "period": "Q3",
        "revenue": 4489000000,
        "costOfRevenue": 2842000000,
        "grossProfit": 1647000000,
        "grossProfitRatio": 0.366896859,
        "researchAndDevelopmentExpenses": 0,
        "generalAndAdministrativeExpenses": 0,
        "sellingAndMarketingExpenses": 0,
        "sellingGeneralAndAdministrativeExpenses": 81000000,
        "otherExpenses": 1246000000,
        "operatingExpenses": 1327000000,
        "costAndExpenses": 4169000000,
        "interestIncome": 0,
        "interestExpense": 249000000,
        "depreciationAndAmortization": 204000000,
        "ebitda": 524000000,
        "ebitdaratio": 0.1167297839,
        "operatingIncome": 320000000,
        "operatingIncomeRatio": 0.0712853642,
        "totalOtherIncomeExpensesNet": -249000000,
        "incomeBeforeTax": 71000000,
        "incomeBeforeTaxRatio": 0.0158164402,
        "incomeTaxExpense": 6000000,
        "netIncome": -9000000,
        "netIncomeRatio": -0.0020049009,
        "eps": -0.09,
        "epsdiluted": -0.09,
        "weightedAverageShsOut": 100000000,
        "weightedAverageShsOutDil": 102402000,
        "link": "https://www.sec.gov/Archives/edgar/data/70318/000007031818000039/0000070318-18-000039-index.htm",
        "finalLink": "https://www.sec.gov/Archives/edgar/data/70318/000007031818000039/thc-20180930x10xq.htm"
    },
    {
        "date": "2018-06-30",
        "symbol": "THC",
        "reportedCurrency": "USD",
        "cik": "0000070318",
        "fillingDate": "2018-08-06",
        "acceptedDate": "2018-08-06 16:23:57",
        "calendarYear": "2018",
        "period": "Q2",
        "revenue": 4506000000,
        "costOfRevenue": 2883000000,
        "grossProfit": 1623000000,
        "grossProfitRatio": 0.3601864181,
        "researchAndDevelopmentExpenses": 0,
        "generalAndAdministrativeExpenses": 0,
        "sellingAndMarketingExpenses": 0,
        "sellingGeneralAndAdministrativeExpenses": 81000000,
        "otherExpenses": 1136000000,
        "operatingExpenses": 1217000000,
        "costAndExpenses": 4100000000,
        "interestIncome": 0,
        "interestExpense": 254000000,
        "depreciationAndAmortization": 194000000,
        "ebitda": 598000000,
        "ebitdaratio": 0.1327119396,
        "operatingIncome": 406000000,
        "operatingIncomeRatio": 0.0901020861,
        "totalOtherIncomeExpensesNet": -256000000,
        "incomeBeforeTax": 150000000,
        "incomeBeforeTaxRatio": 0.0332889481,
        "incomeTaxExpense": 44000000,
        "netIncome": 26000000,
        "netIncomeRatio": 0.0057700843,
        "eps": 0.25,
        "epsdiluted": 0.25,
        "weightedAverageShsOut": 102147000,
        "weightedAverageShsOutDil": 104177000,
        "link": "https://www.sec.gov/Archives/edgar/data/70318/000007031818000030/0000070318-18-000030-index.htm",
        "finalLink": "https://www.sec.gov/Archives/edgar/data/70318/000007031818000030/thc-20180630x10xq.htm"
    },
    {
        "date": "2018-03-31",
        "symbol": "THC",
        "reportedCurrency": "USD",
        "cik": "0000070318",
        "fillingDate": "2018-04-30",
        "acceptedDate": "2018-04-30 16:23:46",
        "calendarYear": "2018",
        "period": "Q1",
        "revenue": 4699000000,
        "costOfRevenue": 3005000000,
        "grossProfit": 1694000000,
        "grossProfitRatio": 0.3605022345,
        "researchAndDevelopmentExpenses": 0,
        "generalAndAdministrativeExpenses": 0,
        "sellingAndMarketingExpenses": 0,
        "sellingGeneralAndAdministrativeExpenses": 83000000,
        "otherExpenses": 1094000000,
        "operatingExpenses": 1177000000,
        "costAndExpenses": 4182000000,
        "interestIncome": 0,
        "interestExpense": 255000000,
        "depreciationAndAmortization": 204000000,
        "ebitda": 719000000,
        "ebitdaratio": 0.153011279,
        "operatingIncome": 517000000,
        "operatingIncomeRatio": 0.1100234092,
        "totalOtherIncomeExpensesNet": -257000000,
        "incomeBeforeTax": 260000000,
        "incomeBeforeTaxRatio": 0.0553309215,
        "incomeTaxExpense": 70000000,
        "netIncome": 99000000,
        "netIncomeRatio": 0.0210683124,
        "eps": 0.98,
        "epsdiluted": 0.96,
        "weightedAverageShsOut": 101392000,
        "weightedAverageShsOutDil": 102656000,
        "link": "https://www.sec.gov/Archives/edgar/data/70318/000007031818000018/0000070318-18-000018-index.htm",
        "finalLink": "https://www.sec.gov/Archives/edgar/data/70318/000007031818000018/thc-20180331x10xq.htm"
    },
    {
        "date": "2017-12-31",
        "symbol": "THC",
        "reportedCurrency": "USD",
        "cik": "0000070318",
        "fillingDate": "2018-02-26",
        "acceptedDate": "2018-02-26 16:30:06",
        "calendarYear": "2017",
        "period": "Q4",
        "revenue": 4978000000,
        "costOfRevenue": 3095000000,
        "grossProfit": 1883000000,
        "grossProfitRatio": 0.3782643632,
        "researchAndDevelopmentExpenses": 0,
        "generalAndAdministrativeExpenses": 0,
        "sellingAndMarketingExpenses": 0,
        "sellingGeneralAndAdministrativeExpenses": 85000000,
        "otherExpenses": 1313000000,
        "operatingExpenses": 1398000000,
        "costAndExpenses": 4493000000,
        "interestIncome": 0,
        "interestExpense": 253000000,
        "depreciationAndAmortization": 208000000,
        "ebitda": 685000000,
        "ebitdaratio": 0.137605464,
        "operatingIncome": 485000000,
        "operatingIncomeRatio": 0.0974286862,
        "totalOtherIncomeExpensesNet": -261000000,
        "incomeBeforeTax": 224000000,
        "incomeBeforeTaxRatio": 0.0449979912,
        "incomeTaxExpense": 324000000,
        "netIncome": -229000000,
        "netIncomeRatio": -0.0460024106,
        "eps": 0,
        "epsdiluted": 0,
        "weightedAverageShsOut": 101392000,
        "weightedAverageShsOutDil": 102656000,
        "link": "https://www.sec.gov/Archives/edgar/data/70318/000007031818000011/0000070318-18-000011-index.htm",
        "finalLink": "https://www.sec.gov/Archives/edgar/data/70318/000007031818000011/thc-2017123110k.htm"
    },
    {
        "date": "2017-09-30",
        "symbol": "THC",
        "reportedCurrency": "USD",
        "cik": "0000070318",
        "fillingDate": "2017-11-07",
        "acceptedDate": "2017-11-06 17:47:01",
        "calendarYear": "2017",
        "period": "Q3",
        "revenue": 4586000000,
        "costOfRevenue": 3004000000,
        "grossProfit": 1582000000,
        "grossProfitRatio": 0.3449629307,
        "researchAndDevelopmentExpenses": 0,
        "generalAndAdministrativeExpenses": 0,
        "sellingAndMarketingExpenses": 0,
        "sellingGeneralAndAdministrativeExpenses": 85000000,
        "otherExpenses": 1446000000,
        "operatingExpenses": 1531000000,
        "costAndExpenses": 4535000000,
        "interestIncome": 0,
        "interestExpense": 257000000,
        "depreciationAndAmortization": 219000000,
        "ebitda": 128000000,
        "ebitdaratio": 0.0279110336,
        "operatingIncome": 51000000,
        "operatingIncomeRatio": 0.0111208024,
        "totalOtherIncomeExpensesNet": -399000000,
        "incomeBeforeTax": -348000000,
        "incomeBeforeTaxRatio": -0.0758831225,
        "incomeTaxExpense": -60000000,
        "netIncome": -367000000,
        "netIncomeRatio": -0.0800261666,
        "eps": -3.64,
        "epsdiluted": -3.64,
        "weightedAverageShsOut": 100812000,
        "weightedAverageShsOutDil": 100812000,
        "link": "https://www.sec.gov/Archives/edgar/data/70318/000007031817000024/0000070318-17-000024-index.htm",
        "finalLink": "https://www.sec.gov/Archives/edgar/data/70318/000007031817000024/thc-20170930x10xq.htm"
    },
    {
        "date": "2017-06-30",
        "symbol": "THC",
        "reportedCurrency": "USD",
        "cik": "0000070318",
        "fillingDate": "2017-08-07",
        "acceptedDate": "2017-08-07 17:10:35",
        "calendarYear": "2017",
        "period": "Q2",
        "revenue": 4802000000,
        "costOfRevenue": 3126000000,
        "grossProfit": 1676000000,
        "grossProfitRatio": 0.3490212411,
        "researchAndDevelopmentExpenses": 0,
        "generalAndAdministrativeExpenses": 0,
        "sellingAndMarketingExpenses": 0,
        "sellingGeneralAndAdministrativeExpenses": 85000000,
        "otherExpenses": 1281000000,
        "operatingExpenses": 1366000000,
        "costAndExpenses": 4492000000,
        "interestIncome": 0,
        "interestExpense": 260000000,
        "depreciationAndAmortization": 222000000,
        "ebitda": 501000000,
        "ebitdaratio": 0.1043315285,
        "operatingIncome": 310000000,
        "operatingIncomeRatio": 0.0645564348,
        "totalOtherIncomeExpensesNet": -291000000,
        "incomeBeforeTax": 19000000,
        "incomeBeforeTaxRatio": 0.0039566847,
        "incomeTaxExpense": -12000000,
        "netIncome": -55000000,
        "netIncomeRatio": -0.011453561,
        "eps": -0.55,
        "epsdiluted": -0.55,
        "weightedAverageShsOut": 99999999,
        "weightedAverageShsOutDil": 100612000,
        "link": "https://www.sec.gov/Archives/edgar/data/70318/000007031817000012/0000070318-17-000012-index.htm",
        "finalLink": "https://www.sec.gov/Archives/edgar/data/70318/000007031817000012/thc-20170630x10xq.htm"
    },
    {
        "date": "2017-03-31",
        "symbol": "THC",
        "reportedCurrency": "USD",
        "cik": "0000070318",
        "fillingDate": "2017-05-01",
        "acceptedDate": "2017-05-01 16:39:13",
        "calendarYear": "2017",
        "period": "Q1",
        "revenue": 4813000000,
        "costOfRevenue": 3152000000,
        "grossProfit": 1661000000,
        "grossProfitRatio": 0.3451070019,
        "researchAndDevelopmentExpenses": 0,
        "generalAndAdministrativeExpenses": 0,
        "sellingAndMarketingExpenses": 0,
        "sellingGeneralAndAdministrativeExpenses": 85000000,
        "otherExpenses": 1309000000,
        "operatingExpenses": 1394000000,
        "costAndExpenses": 4546000000,
        "interestIncome": 0,
        "interestExpense": 258000000,
        "depreciationAndAmortization": 221000000,
        "ebitda": 483000000,
        "ebitdaratio": 0.1003532101,
        "operatingIncome": 267000000,
        "operatingIncomeRatio": 0.0554747559,
        "totalOtherIncomeExpensesNet": -263000000,
        "incomeBeforeTax": 4000000,
        "incomeBeforeTaxRatio": 0.0008310825,
        "incomeTaxExpense": -33000000,
        "netIncome": -53000000,
        "netIncomeRatio": -0.0110118429,
        "eps": -0.53,
        "epsdiluted": -0.53,
        "weightedAverageShsOut": 100000000,
        "weightedAverageShsOutDil": 100000000,
        "link": "https://www.sec.gov/Archives/edgar/data/70318/000155837017003181/0001558370-17-003181-index.htm",
        "finalLink": "https://www.sec.gov/Archives/edgar/data/70318/000155837017003181/thc-20170331x10q.htm"
    },
    {
        "date": "2016-12-31",
        "symbol": "THC",
        "reportedCurrency": "USD",
        "cik": "0000070318",
        "fillingDate": "2017-02-27",
        "acceptedDate": "2017-02-27 16:44:45",
        "calendarYear": "2016",
        "period": "Q4",
        "revenue": 4860000000,
        "costOfRevenue": 3089000000,
        "grossProfit": 1771000000,
        "grossProfitRatio": 0.3644032922,
        "researchAndDevelopmentExpenses": 0,
        "generalAndAdministrativeExpenses": 0,
        "sellingAndMarketingExpenses": 0,
        "sellingGeneralAndAdministrativeExpenses": 79000000,
        "otherExpenses": 1412000000,
        "operatingExpenses": 1491000000,
        "costAndExpenses": 4580000000,
        "interestIncome": 0,
        "interestExpense": 249000000,
        "depreciationAndAmortization": 218000000,
        "ebitda": 496000000,
        "ebitdaratio": 0.1020576132,
        "operatingIncome": 272000000,
        "operatingIncomeRatio": 0.0559670782,
        "totalOtherIncomeExpensesNet": -243000000,
        "incomeBeforeTax": 29000000,
        "incomeBeforeTaxRatio": 0.0059670782,
        "incomeTaxExpense": 6000000,
        "netIncome": -79000000,
        "netIncomeRatio": -0.016255144,
        "eps": -0.79,
        "epsdiluted": -0.79,
        "weightedAverageShsOut": 99651000,
        "weightedAverageShsOutDil": 99651000,
        "link": "https://www.sec.gov/Archives/edgar/data/70318/000155837017001079/0001558370-17-001079-index.htm",
        "finalLink": "https://www.sec.gov/Archives/edgar/data/70318/000155837017001079/thc-20161231x10k.htm"
    },
    {
        "date": "2016-09-30",
        "symbol": "THC",
        "reportedCurrency": "USD",
        "cik": "0000070318",
        "fillingDate": "2016-10-31",
        "acceptedDate": "2016-10-31 16:36:04",
        "calendarYear": "2016",
        "period": "Q3",
        "revenue": 4849000000,
        "costOfRevenue": 3075000000,
        "grossProfit": 1774000000,
        "grossProfitRatio": 0.3658486286,
        "researchAndDevelopmentExpenses": 0,
        "generalAndAdministrativeExpenses": 0,
        "sellingAndMarketingExpenses": 0,
        "sellingGeneralAndAdministrativeExpenses": 82000000,
        "otherExpenses": 1353000000,
        "operatingExpenses": 1435000000,
        "costAndExpenses": 4510000000,
        "interestIncome": 0,
        "interestExpense": 243000000,
        "depreciationAndAmortization": 205000000,
        "ebitda": 537000000,
        "ebitdaratio": 0.1107444834,
        "operatingIncome": 339000000,
        "operatingIncomeRatio": 0.0699113219,
        "totalOtherIncomeExpensesNet": -250000000,
        "incomeBeforeTax": 89000000,
        "incomeBeforeTaxRatio": 0.0183542999,
        "incomeTaxExpense": 10000000,
        "netIncome": -8000000,
        "netIncomeRatio": -0.0016498247,
        "eps": -0.08,
        "epsdiluted": -0.08,
        "weightedAverageShsOut": 99523000,
        "weightedAverageShsOutDil": 99523000,
        "link": "https://www.sec.gov/Archives/edgar/data/70318/000155837016008902/0001558370-16-008902-index.htm",
        "finalLink": "https://www.sec.gov/Archives/edgar/data/70318/000155837016008902/thc-20160930x10q.htm"
    },
    {
        "date": "2016-06-30",
        "symbol": "THC",
        "reportedCurrency": "USD",
        "cik": "0000070318",
        "fillingDate": "2016-08-01",
        "acceptedDate": "2016-08-01 17:27:53",
        "calendarYear": "2016",
        "period": "Q2",
        "revenue": 4868000000,
        "costOfRevenue": 3082000000,
        "grossProfit": 1786000000,
        "grossProfitRatio": 0.3668857847,
        "researchAndDevelopmentExpenses": 0,
        "generalAndAdministrativeExpenses": 0,
        "sellingAndMarketingExpenses": 0,
        "sellingGeneralAndAdministrativeExpenses": 86000000,
        "otherExpenses": 1426000000,
        "operatingExpenses": 1512000000,
        "costAndExpenses": 4594000000,
        "interestIncome": 0,
        "interestExpense": 244000000,
        "depreciationAndAmortization": 215000000,
        "ebitda": 484000000,
        "ebitdaratio": 0.0994248151,
        "operatingIncome": 274000000,
        "operatingIncomeRatio": 0.0562859491,
        "totalOtherIncomeExpensesNet": -249000000,
        "incomeBeforeTax": 25000000,
        "incomeBeforeTaxRatio": 0.0051355793,
        "incomeTaxExpense": -16000000,
        "netIncome": -46000000,
        "netIncomeRatio": -0.0094494659,
        "eps": -0.46,
        "epsdiluted": -0.46,
        "weightedAverageShsOut": 99341000,
        "weightedAverageShsOutDil": 99341000,
        "link": "https://www.sec.gov/Archives/edgar/data/70318/000155837016007064/0001558370-16-007064-index.htm",
        "finalLink": "https://www.sec.gov/Archives/edgar/data/70318/000155837016007064/thc-20160630x10q.htm"
    },
    {
        "date": "2016-03-31",
        "symbol": "THC",
        "reportedCurrency": "USD",
        "cik": "0000070318",
        "fillingDate": "2016-05-02",
        "acceptedDate": "2016-05-02 16:35:10",
        "calendarYear": "2016",
        "period": "Q1",
        "revenue": 5044000000,
        "costOfRevenue": 3206000000,
        "grossProfit": 1838000000,
        "grossProfitRatio": 0.3643933386,
        "researchAndDevelopmentExpenses": 0,
        "generalAndAdministrativeExpenses": 0,
        "sellingAndMarketingExpenses": 0,
        "sellingGeneralAndAdministrativeExpenses": 82000000,
        "otherExpenses": 1402000000,
        "operatingExpenses": 1484000000,
        "costAndExpenses": 4690000000,
        "interestIncome": 0,
        "interestExpense": 243000000,
        "depreciationAndAmortization": 212000000,
        "ebitda": 560000000,
        "ebitdaratio": 0.1110229976,
        "operatingIncome": 354000000,
        "operatingIncomeRatio": 0.0701823949,
        "totalOtherIncomeExpensesNet": -249000000,
        "incomeBeforeTax": 105000000,
        "incomeBeforeTaxRatio": 0.0208168121,
        "incomeTaxExpense": 67000000,
        "netIncome": -59000000,
        "netIncomeRatio": -0.0116970658,
        "eps": -0.6,
        "epsdiluted": -0.6,
        "weightedAverageShsOut": 98214285,
        "weightedAverageShsOutDil": 98768000,
        "link": "https://www.sec.gov/Archives/edgar/data/70318/000155837016005116/0001558370-16-005116-index.htm",
        "finalLink": "https://www.sec.gov/Archives/edgar/data/70318/000155837016005116/thc-20160331x10q.htm"
    },
    {
        "date": "2015-12-31",
        "symbol": "THC",
        "reportedCurrency": "USD",
        "cik": "0000070318",
        "fillingDate": "2016-02-22",
        "acceptedDate": "2016-02-22 17:19:55",
        "calendarYear": "2015",
        "period": "Q4",
        "revenue": 5026000000,
        "costOfRevenue": 3260000000,
        "grossProfit": 1766000000,
        "grossProfitRatio": 0.3513728611,
        "researchAndDevelopmentExpenses": 0,
        "generalAndAdministrativeExpenses": 0,
        "sellingAndMarketingExpenses": 0,
        "sellingGeneralAndAdministrativeExpenses": 92000000,
        "otherExpenses": 1359000000,
        "operatingExpenses": 1451000000,
        "costAndExpenses": 4711000000,
        "interestIncome": 0,
        "interestExpense": 248000000,
        "depreciationAndAmortization": 208000000,
        "ebitda": 523000000,
        "ebitdaratio": 0.1040588938,
        "operatingIncome": 315000000,
        "operatingIncomeRatio": 0.0626740947,
        "totalOtherIncomeExpensesNet": -248000000,
        "incomeBeforeTax": 67000000,
        "incomeBeforeTaxRatio": 0.0133306805,
        "incomeTaxExpense": 68000000,
        "netIncome": -97000000,
        "netIncomeRatio": -0.0192996419,
        "eps": -0.98,
        "epsdiluted": -0.98,
        "weightedAverageShsOut": 99028039,
        "weightedAverageShsOutDil": 99188000,
        "link": "https://www.sec.gov/Archives/edgar/data/70318/000155837016003350/0001558370-16-003350-index.htm",
        "finalLink": "https://www.sec.gov/Archives/edgar/data/70318/000155837016003350/thc-20151231x10k.htm"
    },
    {
        "date": "2015-09-30",
        "symbol": "THC",
        "reportedCurrency": "USD",
        "cik": "0000070318",
        "fillingDate": "2015-11-02",
        "acceptedDate": "2015-11-02 16:42:58",
        "calendarYear": "2015",
        "period": "Q3",
        "revenue": 4692000000,
        "costOfRevenue": 3010000000,
        "grossProfit": 1682000000,
        "grossProfitRatio": 0.3584825234,
        "researchAndDevelopmentExpenses": 0,
        "generalAndAdministrativeExpenses": 0,
        "sellingAndMarketingExpenses": 0,
        "sellingGeneralAndAdministrativeExpenses": 76000000,
        "otherExpenses": 1319000000,
        "operatingExpenses": 1395000000,
        "costAndExpenses": 4405000000,
        "interestIncome": 0,
        "interestExpense": 248000000,
        "depreciationAndAmortization": 185000000,
        "ebitda": 473000000,
        "ebitdaratio": 0.1008098892,
        "operatingIncome": 287000000,
        "operatingIncomeRatio": 0.0611679454,
        "totalOtherIncomeExpensesNet": -247000000,
        "incomeBeforeTax": 40000000,
        "incomeBeforeTaxRatio": 0.0085251492,
        "incomeTaxExpense": 11000000,
        "netIncome": -29000000,
        "netIncomeRatio": -0.0061807332,
        "eps": -0.29,
        "epsdiluted": -0.29,
        "weightedAverageShsOut": 99537000,
        "weightedAverageShsOutDil": 99537000,
        "link": "https://www.sec.gov/Archives/edgar/data/70318/000155837015002120/0001558370-15-002120-index.htm",
        "finalLink": "https://www.sec.gov/Archives/edgar/data/70318/000155837015002120/thc-20150930x10q.htm"
    },
    {
        "date": "2015-06-30",
        "symbol": "THC",
        "reportedCurrency": "USD",
        "cik": "0000070318",
        "fillingDate": "2015-08-03",
        "acceptedDate": "2015-08-03 16:54:23",
        "calendarYear": "2015",
        "period": "Q2",
        "revenue": 4492000000,
        "costOfRevenue": 2892000000,
        "grossProfit": 1600000000,
        "grossProfitRatio": 0.3561887801,
        "researchAndDevelopmentExpenses": 0,
        "generalAndAdministrativeExpenses": 0,
        "sellingAndMarketingExpenses": 0,
        "sellingGeneralAndAdministrativeExpenses": 64000000,
        "otherExpenses": 1372000000,
        "operatingExpenses": 1436000000,
        "costAndExpenses": 4328000000,
        "interestIncome": 0,
        "interestExpense": 217000000,
        "depreciationAndAmortization": 197000000,
        "ebitda": 360000000,
        "ebitdaratio": 0.0801424755,
        "operatingIncome": 164000000,
        "operatingIncomeRatio": 0.03650935,
        "totalOtherIncomeExpensesNet": -218000000,
        "incomeBeforeTax": -54000000,
        "incomeBeforeTaxRatio": -0.0120213713,
        "incomeTaxExpense": -27000000,
        "netIncome": -61000000,
        "netIncomeRatio": -0.0135796972,
        "eps": -0.61,
        "epsdiluted": -0.61,
        "weightedAverageShsOut": 99244000,
        "weightedAverageShsOutDil": 99244000,
        "link": "https://www.sec.gov/Archives/edgar/data/70318/000155837015001335/0001558370-15-001335-index.htm",
        "finalLink": "https://www.sec.gov/Archives/edgar/data/70318/000155837015001335/thc-20150630x10q.htm"
    },
    {
        "date": "2015-03-31",
        "symbol": "THC",
        "reportedCurrency": "USD",
        "cik": "0000070318",
        "fillingDate": "2015-05-04",
        "acceptedDate": "2015-05-04 16:35:25",
        "calendarYear": "2015",
        "period": "Q1",
        "revenue": 4424000000,
        "costOfRevenue": 2812000000,
        "grossProfit": 1612000000,
        "grossProfitRatio": 0.3643761302,
        "researchAndDevelopmentExpenses": 0,
        "generalAndAdministrativeExpenses": 0,
        "sellingAndMarketingExpenses": 0,
        "sellingGeneralAndAdministrativeExpenses": 64000000,
        "otherExpenses": 1258000000,
        "operatingExpenses": 1322000000,
        "costAndExpenses": 4134000000,
        "interestIncome": 0,
        "interestExpense": 199000000,
        "depreciationAndAmortization": 207000000,
        "ebitda": 497000000,
        "ebitdaratio": 0.1123417722,
        "operatingIncome": 290000000,
        "operatingIncomeRatio": 0.0655515371,
        "totalOtherIncomeExpensesNet": -199000000,
        "incomeBeforeTax": 91000000,
        "incomeBeforeTaxRatio": 0.0205696203,
        "incomeTaxExpense": 16000000,
        "netIncome": 47000000,
        "netIncomeRatio": 0.0106238698,
        "eps": 0.48,
        "epsdiluted": 0.47,
        "weightedAverageShsOut": 98699000,
        "weightedAverageShsOutDil": 100872000,
        "link": "https://www.sec.gov/Archives/edgar/data/70318/000155837015000701/0001558370-15-000701-index.htm",
        "finalLink": "https://www.sec.gov/Archives/edgar/data/70318/000155837015000701/thc-20150331x10q.htm"
    },
    {
        "date": "2014-12-31",
        "symbol": "THC",
        "reportedCurrency": "USD",
        "cik": "0000070318",
        "fillingDate": "2015-02-23",
        "acceptedDate": "2015-02-23 16:43:49",
        "calendarYear": "2014",
        "period": "Q4",
        "revenue": 4465000000,
        "costOfRevenue": 2806000000,
        "grossProfit": 1659000000,
        "grossProfitRatio": 0.371556551,
        "researchAndDevelopmentExpenses": 0,
        "generalAndAdministrativeExpenses": 0,
        "sellingAndMarketingExpenses": 0,
        "sellingGeneralAndAdministrativeExpenses": 68000000,
        "otherExpenses": 1254000000,
        "operatingExpenses": 1322000000,
        "costAndExpenses": 4128000000,
        "interestIncome": 0,
        "interestExpense": 196000000,
        "depreciationAndAmortization": 240000000,
        "ebitda": 577000000,
        "ebitdaratio": 0.1292273236,
        "operatingIncome": 337000000,
        "operatingIncomeRatio": 0.0754759239,
        "totalOtherIncomeExpensesNet": -196000000,
        "incomeBeforeTax": 141000000,
        "incomeBeforeTaxRatio": 0.0315789474,
        "incomeTaxExpense": 60000000,
        "netIncome": 61000000,
        "netIncomeRatio": 0.0136618141,
        "eps": 0.62,
        "epsdiluted": 0.61,
        "weightedAverageShsOut": 98331000,
        "weightedAverageShsOutDil": 101279000,
        "link": "https://www.sec.gov/Archives/edgar/data/70318/000155837015000132/0001558370-15-000132-index.htm",
        "finalLink": "https://www.sec.gov/Archives/edgar/data/70318/000155837015000132/thc-20141231x10k.htm"
    },
    {
        "date": "2014-09-30",
        "symbol": "THC",
        "reportedCurrency": "USD",
        "cik": "0000070318",
        "fillingDate": "2014-11-03",
        "acceptedDate": "2014-11-03 17:18:04",
        "calendarYear": "2014",
        "period": "Q3",
        "revenue": 4175000000,
        "costOfRevenue": 2693000000,
        "grossProfit": 1482000000,
        "grossProfitRatio": 0.3549700599,
        "researchAndDevelopmentExpenses": 0,
        "generalAndAdministrativeExpenses": 0,
        "sellingAndMarketingExpenses": 0,
        "sellingGeneralAndAdministrativeExpenses": 62000000,
        "otherExpenses": 1209000000,
        "operatingExpenses": 1271000000,
        "costAndExpenses": 3964000000,
        "interestIncome": 0,
        "interestExpense": 186000000,
        "depreciationAndAmortization": 207000000,
        "ebitda": 394000000,
        "ebitdaratio": 0.0943712575,
        "operatingIncome": 211000000,
        "operatingIncomeRatio": 0.0505389222,
        "totalOtherIncomeExpensesNet": -210000000,
        "incomeBeforeTax": 1000000,
        "incomeBeforeTaxRatio": 0.000239521,
        "incomeTaxExpense": -18000000,
        "netIncome": 9000000,
        "netIncomeRatio": 0.0021556886,
        "eps": 0.09,
        "epsdiluted": 0.09,
        "weightedAverageShsOut": 98036000,
        "weightedAverageShsOutDil": 100926000,
        "link": "https://www.sec.gov/Archives/edgar/data/70318/000155837014000270/0001558370-14-000270-index.htm",
        "finalLink": "https://www.sec.gov/Archives/edgar/data/70318/000155837014000270/thc-20140930x10q.htm"
    },
    {
        "date": "2014-06-30",
        "symbol": "THC",
        "reportedCurrency": "USD",
        "cik": "0000070318",
        "fillingDate": "2014-08-04",
        "acceptedDate": "2014-08-04 16:21:59",
        "calendarYear": "2014",
        "period": "Q2",
        "revenue": 4038000000,
        "costOfRevenue": 2605000000,
        "grossProfit": 1433000000,
        "grossProfitRatio": 0.3548786528,
        "researchAndDevelopmentExpenses": 0,
        "generalAndAdministrativeExpenses": 0,
        "sellingAndMarketingExpenses": 0,
        "sellingGeneralAndAdministrativeExpenses": 58000000,
        "otherExpenses": 1168000000,
        "operatingExpenses": 1226000000,
        "costAndExpenses": 3831000000,
        "interestIncome": 0,
        "interestExpense": 190000000,
        "depreciationAndAmortization": 209000000,
        "ebitda": 416000000,
        "ebitdaratio": 0.1030212977,
        "operatingIncome": 207000000,
        "operatingIncomeRatio": 0.0512630015,
        "totalOtherIncomeExpensesNet": -190000000,
        "incomeBeforeTax": 17000000,
        "incomeBeforeTaxRatio": 0.004210005,
        "incomeTaxExpense": 8000000,
        "netIncome": -26000000,
        "netIncomeRatio": -0.0064388311,
        "eps": -0.27,
        "epsdiluted": -0.27,
        "weightedAverageShsOut": 97677000,
        "weightedAverageShsOutDil": 97677000,
        "link": "https://www.sec.gov/Archives/edgar/data/70318/000110465914056402/0001104659-14-056402-index.htm",
        "finalLink": "https://www.sec.gov/Archives/edgar/data/70318/000110465914056402/a14-13869_110q.htm"
    },
    {
        "date": "2014-03-31",
        "symbol": "THC",
        "reportedCurrency": "USD",
        "cik": "0000070318",
        "fillingDate": "2014-05-05",
        "acceptedDate": "2014-05-05 17:25:29",
        "calendarYear": "2014",
        "period": "Q1",
        "revenue": 3926000000,
        "costOfRevenue": 2549000000,
        "grossProfit": 1377000000,
        "grossProfitRatio": 0.3507386653,
        "researchAndDevelopmentExpenses": 0,
        "generalAndAdministrativeExpenses": 0,
        "sellingAndMarketingExpenses": 0,
        "sellingGeneralAndAdministrativeExpenses": 0,
        "otherExpenses": 1207000000,
        "operatingExpenses": 1207000000,
        "costAndExpenses": 3756000000,
        "interestIncome": 0,
        "interestExpense": 182000000,
        "depreciationAndAmortization": 193000000,
        "ebitda": 363000000,
        "ebitdaratio": 0.0924605196,
        "operatingIncome": 170000000,
        "operatingIncomeRatio": 0.0433010698,
        "totalOtherIncomeExpensesNet": -182000000,
        "incomeBeforeTax": -12000000,
        "incomeBeforeTaxRatio": -0.0030565461,
        "incomeTaxExpense": -1000000,
        "netIncome": -32000000,
        "netIncomeRatio": -0.0081507896,
        "eps": -0.33,
        "epsdiluted": -0.33,
        "weightedAverageShsOut": 96428571,
        "weightedAverageShsOutDil": 97161000,
        "link": "https://www.sec.gov/Archives/edgar/data/70318/000110465914034683/0001104659-14-034683-index.htm",
        "finalLink": "https://www.sec.gov/Archives/edgar/data/70318/000110465914034683/a14-8267_110q.htm"
    },
    {
        "date": "2013-12-31",
        "symbol": "THC",
        "reportedCurrency": "USD",
        "cik": "0000070318",
        "fillingDate": "2014-02-24",
        "acceptedDate": "2014-02-24 16:51:30",
        "calendarYear": "2013",
        "period": "Q4",
        "revenue": 3885000000,
        "costOfRevenue": 2498000000,
        "grossProfit": 1387000000,
        "grossProfitRatio": 0.357014157,
        "researchAndDevelopmentExpenses": 0,
        "generalAndAdministrativeExpenses": 0,
        "sellingAndMarketingExpenses": 0,
        "sellingGeneralAndAdministrativeExpenses": 58000000,
        "otherExpenses": 1162000000,
        "operatingExpenses": 1220000000,
        "costAndExpenses": 3718000000,
        "interestIncome": 0,
        "interestExpense": 182000000,
        "depreciationAndAmortization": 191000000,
        "ebitda": 358000000,
        "ebitdaratio": 0.0921492921,
        "operatingIncome": 167000000,
        "operatingIncomeRatio": 0.042985843,
        "totalOtherIncomeExpensesNet": -182000000,
        "incomeBeforeTax": -15000000,
        "incomeBeforeTaxRatio": -0.0038610039,
        "incomeTaxExpense": -8000000,
        "netIncome": -24000000,
        "netIncomeRatio": -0.0061776062,
        "eps": 0,
        "epsdiluted": 0,
        "weightedAverageShsOut": 97161000,
        "weightedAverageShsOutDil": 97161000,
        "link": "https://www.sec.gov/Archives/edgar/data/70318/000110465914012768/0001104659-14-012768-index.htm",
        "finalLink": "https://www.sec.gov/Archives/edgar/data/70318/000110465914012768/a13-26042_110k.htm"
    },
    {
        "date": "2013-09-30",
        "symbol": "THC",
        "reportedCurrency": "USD",
        "cik": "0000070318",
        "fillingDate": "2013-11-04",
        "acceptedDate": "2013-11-04 17:14:54",
        "calendarYear": "2013",
        "period": "Q3",
        "revenue": 2408000000,
        "costOfRevenue": 1559000000,
        "grossProfit": 849000000,
        "grossProfitRatio": 0.3525747508,
        "researchAndDevelopmentExpenses": 0,
        "generalAndAdministrativeExpenses": 0,
        "sellingAndMarketingExpenses": 0,
        "sellingGeneralAndAdministrativeExpenses": 44000000,
        "otherExpenses": 657000000,
        "operatingExpenses": 701000000,
        "costAndExpenses": 2260000000,
        "interestIncome": 0,
        "interestExpense": 91000000,
        "depreciationAndAmortization": 119000000,
        "ebitda": 267000000,
        "ebitdaratio": 0.1108803987,
        "operatingIncome": 148000000,
        "operatingIncomeRatio": 0.061461794,
        "totalOtherIncomeExpensesNet": -91000000,
        "incomeBeforeTax": 57000000,
        "incomeBeforeTaxRatio": 0.0236710963,
        "incomeTaxExpense": 16000000,
        "netIncome": 28000000,
        "netIncomeRatio": 0.011627907,
        "eps": 0.28,
        "epsdiluted": 0.27,
        "weightedAverageShsOut": 100894000,
        "weightedAverageShsOutDil": 103098000,
        "link": "https://www.sec.gov/Archives/edgar/data/70318/000110465913080604/0001104659-13-080604-index.htm",
        "finalLink": "https://www.sec.gov/Archives/edgar/data/70318/000110465913080604/a13-19163_110q.htm"
    },
    {
        "date": "2013-06-30",
        "symbol": "THC",
        "reportedCurrency": "USD",
        "cik": "0000070318",
        "fillingDate": "2013-08-06",
        "acceptedDate": "2013-08-06 07:37:36",
        "calendarYear": "2013",
        "period": "Q2",
        "revenue": 2422000000,
        "costOfRevenue": 1553000000,
        "grossProfit": 869000000,
        "grossProfitRatio": 0.3587943848,
        "researchAndDevelopmentExpenses": 0,
        "generalAndAdministrativeExpenses": 0,
        "sellingAndMarketingExpenses": 0,
        "sellingGeneralAndAdministrativeExpenses": 42000000,
        "otherExpenses": 0,
        "operatingExpenses": 838000000,
        "costAndExpenses": 2391000000,
        "interestIncome": 0,
        "interestExpense": 98000000,
        "depreciationAndAmortization": 121000000,
        "ebitda": 153000000,
        "ebitdaratio": 0.0631709331,
        "operatingIncome": 202000000,
        "operatingIncomeRatio": 0.083402147,
        "totalOtherIncomeExpensesNet": -268000000,
        "incomeBeforeTax": -66000000,
        "incomeBeforeTaxRatio": -0.0272502064,
        "incomeTaxExpense": 20000000,
        "netIncome": -50000000,
        "netIncomeRatio": -0.0206440958,
        "eps": -0.49,
        "epsdiluted": -0.49,
        "weightedAverageShsOut": 101923076,
        "weightedAverageShsOutDil": 103010000,
        "link": "https://www.sec.gov/Archives/edgar/data/70318/000110465913060117/0001104659-13-060117-index.htm",
        "finalLink": "https://www.sec.gov/Archives/edgar/data/70318/000110465913060117/a13-13954_110q.htm"
    },
    {
        "date": "2013-03-31",
        "symbol": "THC",
        "reportedCurrency": "USD",
        "cik": "0000070318",
        "fillingDate": "2013-04-30",
        "acceptedDate": "2013-04-30 08:29:23",
        "calendarYear": "2013",
        "period": "Q1",
        "revenue": 2387000000,
        "costOfRevenue": 1545000000,
        "grossProfit": 842000000,
        "grossProfitRatio": 0.3527440302,
        "researchAndDevelopmentExpenses": 0,
        "generalAndAdministrativeExpenses": 0,
        "sellingAndMarketingExpenses": 0,
        "sellingGeneralAndAdministrativeExpenses": 42000000,
        "otherExpenses": 0,
        "operatingExpenses": 873000000,
        "costAndExpenses": 2418000000,
        "interestIncome": 0,
        "interestExpense": 103000000,
        "depreciationAndAmortization": 114000000,
        "ebitda": 83000000,
        "ebitdaratio": 0.0347716799,
        "operatingIncome": 146000000,
        "operatingIncomeRatio": 0.0611646418,
        "totalOtherIncomeExpensesNet": -280000000,
        "incomeBeforeTax": -134000000,
        "incomeBeforeTaxRatio": -0.056137411,
        "incomeTaxExpense": 53000000,
        "netIncome": -88000000,
        "netIncomeRatio": -0.0368663594,
        "eps": -0.85,
        "epsdiluted": -0.85,
        "weightedAverageShsOut": 103614457,
        "weightedAverageShsOutDil": 104103000,
        "link": "https://www.sec.gov/Archives/edgar/data/70318/000110465913034780/0001104659-13-034780-index.htm",
        "finalLink": "https://www.sec.gov/Archives/edgar/data/70318/000110465913034780/a13-8668_110q.htm"
    },
    {
        "date": "2012-12-31",
        "symbol": "THC",
        "reportedCurrency": "USD",
        "cik": "0000070318",
        "fillingDate": "2013-02-26",
        "acceptedDate": "2013-02-26 07:40:15",
        "calendarYear": "2012",
        "period": "Q4",
        "revenue": 2331000000,
        "costOfRevenue": 1479000000,
        "grossProfit": 852000000,
        "grossProfitRatio": 0.3655083655,
        "researchAndDevelopmentExpenses": 0,
        "generalAndAdministrativeExpenses": 0,
        "sellingAndMarketingExpenses": 0,
        "sellingGeneralAndAdministrativeExpenses": 42000000,
        "otherExpenses": 0,
        "operatingExpenses": 645000000,
        "costAndExpenses": 2124000000,
        "interestIncome": 0,
        "interestExpense": 109000000,
        "depreciationAndAmortization": 116000000,
        "ebitda": 322000000,
        "ebitdaratio": 0.1381381381,
        "operatingIncome": -1371000000,
        "operatingIncomeRatio": -0.5881595882,
        "totalOtherIncomeExpensesNet": 1468000000,
        "incomeBeforeTax": 97000000,
        "incomeBeforeTaxRatio": 0.0416130416,
        "incomeTaxExpense": 35000000,
        "netIncome": 49000000,
        "netIncomeRatio": 0.021021021,
        "eps": 0,
        "epsdiluted": 0,
        "weightedAverageShsOut": 104103000,
        "weightedAverageShsOutDil": 104103000,
        "link": "https://www.sec.gov/Archives/edgar/data/70318/000110465913014113/0001104659-13-014113-index.htm",
        "finalLink": "https://www.sec.gov/Archives/edgar/data/70318/000110465913014113/a12-28129_110k.htm"
    },
    {
        "date": "2012-09-30",
        "symbol": "THC",
        "reportedCurrency": "USD",
        "cik": "0000070318",
        "fillingDate": "2012-11-07",
        "acceptedDate": "2012-11-07 08:07:50",
        "calendarYear": "2012",
        "period": "Q3",
        "revenue": 2221000000,
        "costOfRevenue": 1426000000,
        "grossProfit": 795000000,
        "grossProfitRatio": 0.3579468708,
        "researchAndDevelopmentExpenses": 0,
        "generalAndAdministrativeExpenses": 0,
        "sellingAndMarketingExpenses": 0,
        "sellingGeneralAndAdministrativeExpenses": 39000000,
        "otherExpenses": 0,
        "operatingExpenses": 642000000,
        "costAndExpenses": 784000000,
        "interestIncome": 0,
        "interestExpense": 103000000,
        "depreciationAndAmortization": 110000000,
        "ebitda": 264000000,
        "ebitdaratio": 0.118865376,
        "operatingIncome": 153000000,
        "operatingIncomeRatio": 0.0688878883,
        "totalOtherIncomeExpensesNet": -102000000,
        "incomeBeforeTax": 51000000,
        "incomeBeforeTaxRatio": 0.0229626294,
        "incomeTaxExpense": 18000000,
        "netIncome": 41000000,
        "netIncomeRatio": 0.0184601531,
        "eps": 0.38,
        "epsdiluted": 0.37,
        "weightedAverageShsOut": 104244000,
        "weightedAverageShsOutDil": 107311000,
        "link": "https://www.sec.gov/Archives/edgar/data/70318/000110465912075036/0001104659-12-075036-index.htm",
        "finalLink": "https://www.sec.gov/Archives/edgar/data/70318/000110465912075036/a12-20742_110q.htm"
    },
    {
        "date": "2012-06-30",
        "symbol": "THC",
        "reportedCurrency": "USD",
        "cik": "0000070318",
        "fillingDate": "2012-08-07",
        "acceptedDate": "2012-08-07 08:10:12",
        "calendarYear": "2012",
        "period": "Q2",
        "revenue": 2265000000,
        "costOfRevenue": 389000000,
        "grossProfit": 1876000000,
        "grossProfitRatio": 0.8282560706,
        "researchAndDevelopmentExpenses": 0,
        "generalAndAdministrativeExpenses": 1054000000,
        "sellingAndMarketingExpenses": 0,
        "sellingGeneralAndAdministrativeExpenses": 1054000000,
        "otherExpenses": 638000000,
        "operatingExpenses": 1692000000,
        "costAndExpenses": 2081000000,
        "interestIncome": 0,
        "interestExpense": 102000000,
        "depreciationAndAmortization": 100000000,
        "ebitda": 284000000,
        "ebitdaratio": 0.1253863135,
        "operatingIncome": 180000000,
        "operatingIncomeRatio": 0.0794701987,
        "totalOtherIncomeExpensesNet": -102000000,
        "incomeBeforeTax": 78000000,
        "incomeBeforeTaxRatio": 0.0344370861,
        "incomeTaxExpense": 30000000,
        "netIncome": -2000000,
        "netIncomeRatio": -0.0008830022,
        "eps": -0.06,
        "epsdiluted": -0.06,
        "weightedAverageShsOut": 103753000,
        "weightedAverageShsOutDil": 106927000,
        "link": "https://www.sec.gov/Archives/edgar/data/70318/000110465912054920/0001104659-12-054920-index.htm",
        "finalLink": "https://www.sec.gov/Archives/edgar/data/70318/000110465912054920/a12-12510_110q.htm"
    },
    {
        "date": "2012-03-31",
        "symbol": "THC",
        "reportedCurrency": "USD",
        "cik": "0000070318",
        "fillingDate": "2012-05-08",
        "acceptedDate": "2012-05-08 07:43:57",
        "calendarYear": "2012",
        "period": "Q1",
        "revenue": 2302000000,
        "costOfRevenue": 399000000,
        "grossProfit": 1903000000,
        "grossProfitRatio": 0.8266724587,
        "researchAndDevelopmentExpenses": 0,
        "generalAndAdministrativeExpenses": 1062000000,
        "sellingAndMarketingExpenses": 0,
        "sellingGeneralAndAdministrativeExpenses": 1062000000,
        "otherExpenses": 631000000,
        "operatingExpenses": 1693000000,
        "costAndExpenses": 2092000000,
        "interestIncome": 0,
        "interestExpense": 98000000,
        "depreciationAndAmortization": 104000000,
        "ebitda": 306000000,
        "ebitdaratio": 0.1329278888,
        "operatingIncome": 205000000,
        "operatingIncomeRatio": 0.0890529974,
        "totalOtherIncomeExpensesNet": -97000000,
        "incomeBeforeTax": 108000000,
        "incomeBeforeTaxRatio": 0.0469157255,
        "incomeTaxExpense": 42000000,
        "netIncome": 64000000,
        "netIncomeRatio": 0.0278019114,
        "eps": 0.56,
        "epsdiluted": 0.53,
        "weightedAverageShsOut": 102843000,
        "weightedAverageShsOutDil": 121218000,
        "link": "https://www.sec.gov/Archives/edgar/data/70318/000110465912034110/0001104659-12-034110-index.htm",
        "finalLink": "https://www.sec.gov/Archives/edgar/data/70318/000110465912034110/a12-6818_110q.htm"
    },
    {
        "date": "2011-12-31",
        "symbol": "THC",
        "reportedCurrency": "USD",
        "cik": "0000070318",
        "fillingDate": "2012-02-28",
        "acceptedDate": "2012-02-28 07:41:50",
        "calendarYear": "2011",
        "period": "Q4",
        "revenue": 1632000000,
        "costOfRevenue": 1420000000,
        "grossProfit": 212000000,
        "grossProfitRatio": 0.1299019608,
        "researchAndDevelopmentExpenses": 0,
        "generalAndAdministrativeExpenses": 0,
        "sellingAndMarketingExpenses": 0,
        "sellingGeneralAndAdministrativeExpenses": 0,
        "otherExpenses": 23000000,
        "operatingExpenses": 23000000,
        "costAndExpenses": 1443000000,
        "interestIncome": 0,
        "interestExpense": 100000000,
        "depreciationAndAmortization": 105000000,
        "ebitda": 137000000,
        "ebitdaratio": 0.0839460784,
        "operatingIncome": 189000000,
        "operatingIncomeRatio": 0.1158088235,
        "totalOtherIncomeExpensesNet": -257000000,
        "incomeBeforeTax": -68000000,
        "incomeBeforeTaxRatio": -0.0416666667,
        "incomeTaxExpense": -12000000,
        "netIncome": -70000000,
        "netIncomeRatio": -0.0428921569,
        "eps": 0,
        "epsdiluted": 0,
        "weightedAverageShsOut": 102843250,
        "weightedAverageShsOutDil": 121218250,
        "link": "https://www.sec.gov/Archives/edgar/data/70318/000110465912013589/0001104659-12-013589-index.htm",
        "finalLink": "https://www.sec.gov/Archives/edgar/data/70318/000110465912013589/a11-31386_110k.htm"
    },
    {
        "date": "2011-09-30",
        "symbol": "THC",
        "reportedCurrency": "USD",
        "cik": "0000070318",
        "fillingDate": "2011-11-01",
        "acceptedDate": "2011-11-01 07:34:27",
        "calendarYear": "2011",
        "period": "Q3",
        "revenue": 2100000000,
        "costOfRevenue": 1381000000,
        "grossProfit": 719000000,
        "grossProfitRatio": 0.3423809524,
        "researchAndDevelopmentExpenses": 0,
        "generalAndAdministrativeExpenses": 0,
        "sellingAndMarketingExpenses": 0,
        "sellingGeneralAndAdministrativeExpenses": 0,
        "otherExpenses": 100000000,
        "operatingExpenses": 100000000,
        "costAndExpenses": 1481000000,
        "interestIncome": 0,
        "interestExpense": 59000000,
        "depreciationAndAmortization": 103000000,
        "ebitda": 180000000,
        "ebitdaratio": 0.0857142857,
        "operatingIncome": 619000000,
        "operatingIncomeRatio": 0.2947619048,
        "totalOtherIncomeExpensesNet": -598000000,
        "incomeBeforeTax": 21000000,
        "incomeBeforeTaxRatio": 0.01,
        "incomeTaxExpense": 4000000,
        "netIncome": 12000000,
        "netIncomeRatio": 0.0057142857,
        "eps": 0.05,
        "epsdiluted": 0.05,
        "weightedAverageShsOut": 117188000,
        "weightedAverageShsOutDil": 120908000,
        "link": "https://www.sec.gov/Archives/edgar/data/70318/000119312511289728/0001193125-11-289728-index.htm",
        "finalLink": "https://www.sec.gov/Archives/edgar/data/70318/000119312511289728/d234997d10q.htm"
    },
    {
        "date": "2011-06-30",
        "symbol": "THC",
        "reportedCurrency": "USD",
        "cik": "0000070318",
        "fillingDate": "2011-08-02",
        "acceptedDate": "2011-08-02 07:33:50",
        "calendarYear": "2011",
        "period": "Q2",
        "revenue": 2132000000,
        "costOfRevenue": 1374000000,
        "grossProfit": 758000000,
        "grossProfitRatio": 0.3555347092,
        "researchAndDevelopmentExpenses": 0,
        "generalAndAdministrativeExpenses": 0,
        "sellingAndMarketingExpenses": 0,
        "sellingGeneralAndAdministrativeExpenses": 0,
        "otherExpenses": 608000000,
        "operatingExpenses": 608000000,
        "costAndExpenses": 1982000000,
        "interestIncome": 0,
        "interestExpense": 98000000,
        "depreciationAndAmortization": 96000000,
        "ebitda": 266000000,
        "ebitdaratio": 0.1247654784,
        "operatingIncome": 150000000,
        "operatingIncomeRatio": 0.0703564728,
        "totalOtherIncomeExpensesNet": -82000000,
        "incomeBeforeTax": 68000000,
        "incomeBeforeTaxRatio": 0.0318949343,
        "incomeTaxExpense": 19000000,
        "netIncome": 61000000,
        "netIncomeRatio": 0.0286116323,
        "eps": 0.44,
        "epsdiluted": 0.44,
        "weightedAverageShsOut": 121698500,
        "weightedAverageShsOutDil": 125937000,
        "link": "https://www.sec.gov/Archives/edgar/data/70318/000119312511205469/0001193125-11-205469-index.htm",
        "finalLink": "https://www.sec.gov/Archives/edgar/data/70318/000119312511205469/d10q.htm"
    },
    {
        "date": "2011-03-31",
        "symbol": "THC",
        "reportedCurrency": "USD",
        "cik": "0000070318",
        "fillingDate": "2011-05-03",
        "acceptedDate": "2011-05-03 07:33:45",
        "calendarYear": "2011",
        "period": "Q1",
        "revenue": 2299000000,
        "costOfRevenue": 1439000000,
        "grossProfit": 860000000,
        "grossProfitRatio": 0.3740756851,
        "researchAndDevelopmentExpenses": 0,
        "generalAndAdministrativeExpenses": 0,
        "sellingAndMarketingExpenses": 0,
        "sellingGeneralAndAdministrativeExpenses": 0,
        "otherExpenses": 607000000,
        "operatingExpenses": 607000000,
        "costAndExpenses": 2046000000,
        "interestIncome": 0,
        "interestExpense": 118000000,
        "depreciationAndAmortization": 109000000,
        "ebitda": 361000000,
        "ebitdaratio": 0.1570247934,
        "operatingIncome": 253000000,
        "operatingIncomeRatio": 0.1100478469,
        "totalOtherIncomeExpensesNet": -111000000,
        "incomeBeforeTax": 142000000,
        "incomeBeforeTaxRatio": 0.0617659852,
        "incomeTaxExpense": 51000000,
        "netIncome": 79000000,
        "netIncomeRatio": 0.0343627664,
        "eps": 0.6,
        "epsdiluted": 0.56,
        "weightedAverageShsOut": 121725500,
        "weightedAverageShsOutDil": 141295250,
        "link": "https://www.sec.gov/Archives/edgar/data/70318/000119312511122829/0001193125-11-122829-index.htm",
        "finalLink": "https://www.sec.gov/Archives/edgar/data/70318/000119312511122829/d10q.htm"
    },
    {
        "date": "2010-12-31",
        "symbol": "THC",
        "reportedCurrency": "USD",
        "cik": "0000070318",
        "fillingDate": "2011-02-25",
        "acceptedDate": "2011-02-25 07:32:50",
        "calendarYear": "2010",
        "period": "Q4",
        "revenue": 2301000000,
        "costOfRevenue": 1361000000,
        "grossProfit": 940000000,
        "grossProfitRatio": 0.4085180356,
        "researchAndDevelopmentExpenses": 0,
        "generalAndAdministrativeExpenses": 0,
        "sellingAndMarketingExpenses": 0,
        "sellingGeneralAndAdministrativeExpenses": 0,
        "otherExpenses": 760000000,
        "operatingExpenses": 760000000,
        "costAndExpenses": 2121000000,
        "interestIncome": 0,
        "interestExpense": 101000000,
        "depreciationAndAmortization": 132000000,
        "ebitda": 295000000,
        "ebitdaratio": 0.1282051282,
        "operatingIncome": 180000000,
        "operatingIncomeRatio": 0.0782268579,
        "totalOtherIncomeExpensesNet": -118000000,
        "incomeBeforeTax": 62000000,
        "incomeBeforeTaxRatio": 0.0269448066,
        "incomeTaxExpense": 2000000,
        "netIncome": 80000000,
        "netIncomeRatio": 0.0347674924,
        "eps": 0,
        "epsdiluted": 0,
        "weightedAverageShsOut": 121725500,
        "weightedAverageShsOutDil": 141295250,
        "link": "https://www.sec.gov/Archives/edgar/data/70318/000119312511046322/0001193125-11-046322-index.htm",
        "finalLink": "https://www.sec.gov/Archives/edgar/data/70318/000119312511046322/d10k.htm"
    },
    {
        "date": "2010-09-30",
        "symbol": "THC",
        "reportedCurrency": "USD",
        "cik": "0000070318",
        "fillingDate": "2010-11-02",
        "acceptedDate": "2010-11-02 07:32:08",
        "calendarYear": "2010",
        "period": "Q3",
        "revenue": 2262000000,
        "costOfRevenue": 1367000000,
        "grossProfit": 895000000,
        "grossProfitRatio": 0.3956675508,
        "researchAndDevelopmentExpenses": 0,
        "generalAndAdministrativeExpenses": 0,
        "sellingAndMarketingExpenses": 0,
        "sellingGeneralAndAdministrativeExpenses": 0,
        "otherExpenses": 793000000,
        "operatingExpenses": 793000000,
        "costAndExpenses": 2160000000,
        "interestIncome": 0,
        "interestExpense": 107000000,
        "depreciationAndAmortization": 101000000,
        "ebitda": 146000000,
        "ebitdaratio": 0.0645446508,
        "operatingIncome": 102000000,
        "operatingIncomeRatio": 0.0450928382,
        "totalOtherIncomeExpensesNet": -164000000,
        "incomeBeforeTax": -62000000,
        "incomeBeforeTaxRatio": -0.0274093722,
        "incomeTaxExpense": -1002000000,
        "netIncome": 938000000,
        "netIncomeRatio": 0.4146772767,
        "eps": 7.68,
        "epsdiluted": 6.72,
        "weightedAverageShsOut": 121302500,
        "weightedAverageShsOutDil": 139962500,
        "link": "https://www.sec.gov/Archives/edgar/data/70318/000119312510243514/0001193125-10-243514-index.htm",
        "finalLink": "https://www.sec.gov/Archives/edgar/data/70318/000119312510243514/d10q.htm"
    },
    {
        "date": "2010-06-30",
        "symbol": "THC",
        "reportedCurrency": "USD",
        "cik": "0000070318",
        "fillingDate": "2010-08-03",
        "acceptedDate": "2010-08-03 07:31:41",
        "calendarYear": "2010",
        "period": "Q2",
        "revenue": 2303000000,
        "costOfRevenue": 1364000000,
        "grossProfit": 939000000,
        "grossProfitRatio": 0.4077290491,
        "researchAndDevelopmentExpenses": 0,
        "generalAndAdministrativeExpenses": 0,
        "sellingAndMarketingExpenses": 0,
        "sellingGeneralAndAdministrativeExpenses": 0,
        "otherExpenses": 768000000,
        "operatingExpenses": 768000000,
        "costAndExpenses": 2132000000,
        "interestIncome": 0,
        "interestExpense": 107000000,
        "depreciationAndAmortization": 97000000,
        "ebitda": 269000000,
        "ebitdaratio": 0.1168041685,
        "operatingIncome": 171000000,
        "operatingIncomeRatio": 0.074250977,
        "totalOtherIncomeExpensesNet": -106000000,
        "incomeBeforeTax": 65000000,
        "incomeBeforeTaxRatio": 0.0282240556,
        "incomeTaxExpense": 20000000,
        "netIncome": 31000000,
        "netIncomeRatio": 0.0134607034,
        "eps": 0.2,
        "epsdiluted": 0.2,
        "weightedAverageShsOut": 121152500,
        "weightedAverageShsOutDil": 125637250,
        "link": "https://www.sec.gov/Archives/edgar/data/70318/000119312510174516/0001193125-10-174516-index.htm",
        "finalLink": "https://www.sec.gov/Archives/edgar/data/70318/000119312510174516/d10q.htm"
    },
    {
        "date": "2010-03-31",
        "symbol": "THC",
        "reportedCurrency": "USD",
        "cik": "0000070318",
        "fillingDate": "2010-05-04",
        "acceptedDate": "2010-05-04 07:33:37",
        "calendarYear": "2010",
        "period": "Q1",
        "revenue": 2339000000,
        "costOfRevenue": 1385000000,
        "grossProfit": 954000000,
        "grossProfitRatio": 0.4078666097,
        "researchAndDevelopmentExpenses": 0,
        "generalAndAdministrativeExpenses": 0,
        "sellingAndMarketingExpenses": 0,
        "sellingGeneralAndAdministrativeExpenses": 0,
        "otherExpenses": 751000000,
        "operatingExpenses": 751000000,
        "costAndExpenses": 2136000000,
        "interestIncome": 1000000,
        "interestExpense": 109000000,
        "depreciationAndAmortization": 95000000,
        "ebitda": 305000000,
        "ebitdaratio": 0.1303976058,
        "operatingIncome": 203000000,
        "operatingIncomeRatio": 0.0867892262,
        "totalOtherIncomeExpensesNet": -110000000,
        "incomeBeforeTax": 93000000,
        "incomeBeforeTaxRatio": 0.0397605814,
        "incomeTaxExpense": 3000000,
        "netIncome": 94000000,
        "netIncomeRatio": 0.0401881146,
        "eps": 0.72,
        "epsdiluted": 0.68,
        "weightedAverageShsOut": 120479250,
        "weightedAverageShsOutDil": 139807000,
        "link": "https://www.sec.gov/Archives/edgar/data/70318/000119312510105395/0001193125-10-105395-index.htm",
        "finalLink": "https://www.sec.gov/Archives/edgar/data/70318/000119312510105395/d10q.htm"
    },
    {
        "date": "2009-12-31",
        "symbol": "THC",
        "reportedCurrency": "USD",
        "cik": "0000070318",
        "fillingDate": "2010-02-23",
        "acceptedDate": "2010-02-23 07:03:44",
        "calendarYear": "2009",
        "period": "Q4",
        "revenue": 2261000000,
        "costOfRevenue": 1383000000,
        "grossProfit": 878000000,
        "grossProfitRatio": 0.3883237506,
        "researchAndDevelopmentExpenses": 0,
        "generalAndAdministrativeExpenses": 0,
        "sellingAndMarketingExpenses": 0,
        "sellingGeneralAndAdministrativeExpenses": 0,
        "otherExpenses": -1154000000,
        "operatingExpenses": -1154000000,
        "costAndExpenses": 229000000,
        "interestIncome": 0,
        "interestExpense": 103000000,
        "depreciationAndAmortization": 95000000,
        "ebitda": 187000000,
        "ebitdaratio": 0.0827067669,
        "operatingIncome": 2032000000,
        "operatingIncomeRatio": 0.8987173817,
        "totalOtherIncomeExpensesNet": -2043000000,
        "incomeBeforeTax": -11000000,
        "incomeBeforeTaxRatio": -0.0048651039,
        "incomeTaxExpense": -35000000,
        "netIncome": 27000000,
        "netIncomeRatio": 0.0119416188,
        "eps": 0,
        "epsdiluted": 0,
        "weightedAverageShsOut": 120479250,
        "weightedAverageShsOutDil": 139807000,
        "link": "https://www.sec.gov/Archives/edgar/data/70318/000119312510036920/0001193125-10-036920-index.htm",
        "finalLink": "https://www.sec.gov/Archives/edgar/data/70318/000119312510036920/d10k.htm"
    },
    {
        "date": "2009-09-30",
        "symbol": "THC",
        "reportedCurrency": "USD",
        "cik": "0000070318",
        "fillingDate": "2009-11-03",
        "acceptedDate": "2009-11-03 07:35:09",
        "calendarYear": "2009",
        "period": "Q3",
        "revenue": 2262000000,
        "costOfRevenue": 1343000000,
        "grossProfit": 919000000,
        "grossProfitRatio": 0.4062776304,
        "researchAndDevelopmentExpenses": 0,
        "generalAndAdministrativeExpenses": 0,
        "sellingAndMarketingExpenses": 0,
        "sellingGeneralAndAdministrativeExpenses": 0,
        "otherExpenses": 776000000,
        "operatingExpenses": 776000000,
        "costAndExpenses": 2119000000,
        "interestIncome": 2000000,
        "interestExpense": 112000000,
        "depreciationAndAmortization": 97000000,
        "ebitda": 216000000,
        "ebitdaratio": 0.0954907162,
        "operatingIncome": 143000000,
        "operatingIncomeRatio": 0.0632183908,
        "totalOtherIncomeExpensesNet": -136000000,
        "incomeBeforeTax": 7000000,
        "incomeBeforeTaxRatio": 0.0030946065,
        "incomeTaxExpense": 3000000,
        "netIncome": -3000000,
        "netIncomeRatio": -0.0013262599,
        "eps": -0.04,
        "epsdiluted": -0.04,
        "weightedAverageShsOut": 120252000,
        "weightedAverageShsOutDil": 124521000,
        "link": "https://www.sec.gov/Archives/edgar/data/70318/000119312509221266/0001193125-09-221266-index.htm",
        "finalLink": "https://www.sec.gov/Archives/edgar/data/70318/000119312509221266/d10q.htm"
    },
    {
        "date": "2009-06-30",
        "symbol": "THC",
        "reportedCurrency": "USD",
        "cik": "0000070318",
        "fillingDate": "2009-08-04",
        "acceptedDate": "2009-08-04 07:32:31",
        "calendarYear": "2009",
        "period": "Q2",
        "revenue": 2229000000,
        "costOfRevenue": 1344000000,
        "grossProfit": 885000000,
        "grossProfitRatio": 0.397039031,
        "researchAndDevelopmentExpenses": 0,
        "generalAndAdministrativeExpenses": 0,
        "sellingAndMarketingExpenses": 0,
        "sellingGeneralAndAdministrativeExpenses": 0,
        "otherExpenses": 737000000,
        "operatingExpenses": 737000000,
        "costAndExpenses": 2081000000,
        "interestIncome": 0,
        "interestExpense": 120000000,
        "depreciationAndAmortization": 97000000,
        "ebitda": 225000000,
        "ebitdaratio": 0.1009421265,
        "operatingIncome": 148000000,
        "operatingIncomeRatio": 0.0663974877,
        "totalOtherIncomeExpensesNet": -141000000,
        "incomeBeforeTax": 7000000,
        "incomeBeforeTaxRatio": 0.0031404217,
        "incomeTaxExpense": 4000000,
        "netIncome": -15000000,
        "netIncomeRatio": -0.0067294751,
        "eps": -0.12,
        "epsdiluted": -0.12,
        "weightedAverageShsOut": 120111750,
        "weightedAverageShsOutDil": 122061000,
        "link": "https://www.sec.gov/Archives/edgar/data/70318/000119312509162980/0001193125-09-162980-index.htm",
        "finalLink": "https://www.sec.gov/Archives/edgar/data/70318/000119312509162980/d10q.htm"
    },
    {
        "date": "2009-03-31",
        "symbol": "THC",
        "reportedCurrency": "USD",
        "cik": "0000070318",
        "fillingDate": "2009-05-05",
        "acceptedDate": "2009-05-05 07:35:45",
        "calendarYear": "2009",
        "period": "Q1",
        "revenue": 2262000000,
        "costOfRevenue": 1356000000,
        "grossProfit": 906000000,
        "grossProfitRatio": 0.400530504,
        "researchAndDevelopmentExpenses": 0,
        "generalAndAdministrativeExpenses": 0,
        "sellingAndMarketingExpenses": 0,
        "sellingGeneralAndAdministrativeExpenses": 0,
        "otherExpenses": 724000000,
        "operatingExpenses": 724000000,
        "costAndExpenses": 2080000000,
        "interestIncome": 2000000,
        "interestExpense": 110000000,
        "depreciationAndAmortization": 97000000,
        "ebitda": 408000000,
        "ebitdaratio": 0.1803713528,
        "operatingIncome": 182000000,
        "operatingIncomeRatio": 0.0804597701,
        "totalOtherIncomeExpensesNet": 20000000,
        "incomeBeforeTax": 202000000,
        "incomeBeforeTaxRatio": 0.0893015031,
        "incomeTaxExpense": 5000000,
        "netIncome": 178000000,
        "netIncomeRatio": 0.0786914235,
        "eps": 1.52,
        "epsdiluted": 1.48,
        "weightedAverageShsOut": 119593000,
        "weightedAverageShsOutDil": 119878000,
        "link": "https://www.sec.gov/Archives/edgar/data/70318/000119312509098820/0001193125-09-098820-index.htm",
        "finalLink": "https://www.sec.gov/Archives/edgar/data/70318/000119312509098820/d10q.htm"
    },
    {
        "date": "2008-12-31",
        "symbol": "THC",
        "reportedCurrency": "USD",
        "cik": "0000070318",
        "fillingDate": "2009-02-24",
        "acceptedDate": "2009-02-24 08:03:33",
        "calendarYear": "2008",
        "period": "Q4",
        "revenue": 2195000000,
        "costOfRevenue": 1355000000,
        "grossProfit": 840000000,
        "grossProfitRatio": 0.3826879271,
        "researchAndDevelopmentExpenses": 0,
        "generalAndAdministrativeExpenses": 2013000000,
        "sellingAndMarketingExpenses": 0,
        "sellingGeneralAndAdministrativeExpenses": -2013000000,
        "otherExpenses": -1267000000,
        "operatingExpenses": -1267000000,
        "costAndExpenses": 88000000,
        "interestIncome": 0,
        "interestExpense": 2258000000,
        "depreciationAndAmortization": 96000000,
        "ebitda": 344000000,
        "ebitdaratio": 0.1567198178,
        "operatingIncome": 2107000000,
        "operatingIncomeRatio": 0.9599088838,
        "totalOtherIncomeExpensesNet": -2123000000,
        "incomeBeforeTax": -16000000,
        "incomeBeforeTaxRatio": -0.0072892938,
        "incomeTaxExpense": -6000000,
        "netIncome": -33000000,
        "netIncomeRatio": -0.0150341686,
        "eps": 0,
        "epsdiluted": 0,
        "weightedAverageShsOut": 119593000,
        "weightedAverageShsOutDil": 119878000,
        "link": "https://www.sec.gov/Archives/edgar/data/70318/000119312509035651/0001193125-09-035651-index.htm",
        "finalLink": "https://www.sec.gov/Archives/edgar/data/70318/000119312509035651/d10k.htm"
    },
    {
        "date": "2008-09-30",
        "symbol": "THC",
        "reportedCurrency": "USD",
        "cik": "0000070318",
        "fillingDate": "2008-11-04",
        "acceptedDate": "2008-11-04 07:34:07",
        "calendarYear": "2008",
        "period": "Q3",
        "revenue": 2140000000,
        "costOfRevenue": 1319000000,
        "grossProfit": 821000000,
        "grossProfitRatio": 0.3836448598,
        "researchAndDevelopmentExpenses": 0,
        "generalAndAdministrativeExpenses": 670000000,
        "sellingAndMarketingExpenses": 0,
        "sellingGeneralAndAdministrativeExpenses": 670000000,
        "otherExpenses": 85000000,
        "operatingExpenses": 755000000,
        "costAndExpenses": 2074000000,
        "interestIncome": 0,
        "interestExpense": 106000000,
        "depreciationAndAmortization": 90000000,
        "ebitda": 316000000,
        "ebitdaratio": 0.1476635514,
        "operatingIncome": 66000000,
        "operatingIncomeRatio": 0.0308411215,
        "totalOtherIncomeExpensesNet": 50000000,
        "incomeBeforeTax": 116000000,
        "incomeBeforeTaxRatio": 0.0542056075,
        "incomeTaxExpense": -4000000,
        "netIncome": 104000000,
        "netIncomeRatio": 0.0485981308,
        "eps": 0.88,
        "epsdiluted": 0.88,
        "weightedAverageShsOut": 119224500,
        "weightedAverageShsOutDil": 120197250,
        "link": "https://www.sec.gov/Archives/edgar/data/70318/000119312508223684/0001193125-08-223684-index.htm",
        "finalLink": "https://www.sec.gov/Archives/edgar/data/70318/000119312508223684/d10q.htm"
    },
    {
        "date": "2008-06-30",
        "symbol": "THC",
        "reportedCurrency": "USD",
        "cik": "0000070318",
        "fillingDate": "2008-08-05",
        "acceptedDate": "2008-08-05 07:36:15",
        "calendarYear": "2008",
        "period": "Q2",
        "revenue": 2112000000,
        "costOfRevenue": 1310000000,
        "grossProfit": 802000000,
        "grossProfitRatio": 0.3797348485,
        "researchAndDevelopmentExpenses": 0,
        "generalAndAdministrativeExpenses": 662000000,
        "sellingAndMarketingExpenses": 0,
        "sellingGeneralAndAdministrativeExpenses": 662000000,
        "otherExpenses": 70000000,
        "operatingExpenses": 732000000,
        "costAndExpenses": 2042000000,
        "interestIncome": 0,
        "interestExpense": 98000000,
        "depreciationAndAmortization": 92000000,
        "ebitda": 162000000,
        "ebitdaratio": 0.0767045455,
        "operatingIncome": 70000000,
        "operatingIncomeRatio": 0.0331439394,
        "totalOtherIncomeExpensesNet": -103000000,
        "incomeBeforeTax": -33000000,
        "incomeBeforeTaxRatio": -0.015625,
        "incomeTaxExpense": -16000000,
        "netIncome": -15000000,
        "netIncomeRatio": -0.0071022727,
        "eps": -0.12,
        "epsdiluted": -0.12,
        "weightedAverageShsOut": 119077000,
        "weightedAverageShsOutDil": 119077000,
        "link": "https://www.sec.gov/Archives/edgar/data/70318/000119312508165765/0001193125-08-165765-index.htm",
        "finalLink": "https://www.sec.gov/Archives/edgar/data/70318/000119312508165765/d10q.htm"
    },
    {
        "date": "2008-03-31",
        "symbol": "THC",
        "reportedCurrency": "USD",
        "cik": "0000070318",
        "fillingDate": "2008-05-06",
        "acceptedDate": "2008-05-06 08:02:07",
        "calendarYear": "2008",
        "period": "Q1",
        "revenue": 2178000000,
        "costOfRevenue": 1333000000,
        "grossProfit": 845000000,
        "grossProfitRatio": 0.3879706152,
        "researchAndDevelopmentExpenses": 0,
        "generalAndAdministrativeExpenses": 681000000,
        "sellingAndMarketingExpenses": 0,
        "sellingGeneralAndAdministrativeExpenses": 681000000,
        "otherExpenses": 39000000,
        "operatingExpenses": 720000000,
        "costAndExpenses": 2053000000,
        "interestIncome": 5000000,
        "interestExpense": 164000000,
        "depreciationAndAmortization": 95000000,
        "ebitda": 172000000,
        "ebitdaratio": 0.0789715335,
        "operatingIncome": 125000000,
        "operatingIncomeRatio": 0.0573921028,
        "totalOtherIncomeExpensesNet": -147000000,
        "incomeBeforeTax": -22000000,
        "incomeBeforeTaxRatio": -0.0101010101,
        "incomeTaxExpense": 1000000,
        "netIncome": -31000000,
        "netIncomeRatio": -0.0142332415,
        "eps": -0.24,
        "epsdiluted": -0.24,
        "weightedAverageShsOut": 118766500,
        "weightedAverageShsOutDil": 118766500,
        "link": "https://www.sec.gov/Archives/edgar/data/70318/000119312508103282/0001193125-08-103282-index.htm",
        "finalLink": "https://www.sec.gov/Archives/edgar/data/70318/000119312508103282/d10q.htm"
    },
    {
        "date": "2007-12-31",
        "symbol": "THC",
        "reportedCurrency": "USD",
        "cik": "0000070318",
        "fillingDate": "2008-02-26",
        "acceptedDate": "2008-02-26 08:01:06",
        "calendarYear": "2007",
        "period": "Q4",
        "revenue": 2251000000,
        "costOfRevenue": 1429000000,
        "grossProfit": 822000000,
        "grossProfitRatio": 0.3651710351,
        "researchAndDevelopmentExpenses": 0,
        "generalAndAdministrativeExpenses": 656000000,
        "sellingAndMarketingExpenses": 0,
        "sellingGeneralAndAdministrativeExpenses": 656000000,
        "otherExpenses": 138000000,
        "operatingExpenses": 794000000,
        "costAndExpenses": 2223000000,
        "interestIncome": 0,
        "interestExpense": 117000000,
        "depreciationAndAmortization": 93000000,
        "ebitda": 121000000,
        "ebitdaratio": 0.0537538872,
        "operatingIncome": 28000000,
        "operatingIncomeRatio": 0.012438916,
        "totalOtherIncomeExpensesNet": -94000000,
        "incomeBeforeTax": -66000000,
        "incomeBeforeTaxRatio": -0.0293203021,
        "incomeTaxExpense": 20000000,
        "netIncome": -75000000,
        "netIncomeRatio": -0.0333185251,
        "eps": 0,
        "epsdiluted": 0,
        "weightedAverageShsOut": 118571750,
        "weightedAverageShsOutDil": 118766500,
        "link": "https://www.sec.gov/Archives/edgar/data/70318/000110465908012766/0001104659-08-012766-index.htm",
        "finalLink": "https://www.sec.gov/Archives/edgar/data/70318/000110465908012766/a08-2348_110k.htm"
    },
    {
        "date": "2007-09-30",
        "symbol": "THC",
        "reportedCurrency": "USD",
        "cik": "0000070318",
        "fillingDate": "2007-11-06",
        "acceptedDate": "2007-11-06 08:03:47",
        "calendarYear": "2007",
        "period": "Q3",
        "revenue": 2041000000,
        "costOfRevenue": 1253000000,
        "grossProfit": 788000000,
        "grossProfitRatio": 0.3860852523,
        "researchAndDevelopmentExpenses": 0,
        "generalAndAdministrativeExpenses": 669000000,
        "sellingAndMarketingExpenses": 0,
        "sellingGeneralAndAdministrativeExpenses": 669000000,
        "otherExpenses": 100000000,
        "operatingExpenses": 724000000,
        "costAndExpenses": 1977000000,
        "interestIncome": 0,
        "interestExpense": 125000000,
        "depreciationAndAmortization": 91000000,
        "ebitda": 155000000,
        "ebitdaratio": 0.0759431651,
        "operatingIncome": 64000000,
        "operatingIncomeRatio": 0.0313571779,
        "totalOtherIncomeExpensesNet": -95000000,
        "incomeBeforeTax": -31000000,
        "incomeBeforeTaxRatio": -0.015188633,
        "incomeTaxExpense": 10000000,
        "netIncome": -59000000,
        "netIncomeRatio": -0.0289073983,
        "eps": -0.48,
        "epsdiluted": -0.48,
        "weightedAverageShsOut": 118496000,
        "weightedAverageShsOutDil": 118496000,
        "link": "https://www.sec.gov/Archives/edgar/data/70318/000110465907079982/0001104659-07-079982-index.htm",
        "finalLink": "https://www.sec.gov/Archives/edgar/data/70318/000110465907079982/a07-25732_110q.htm"
    },
    {
        "date": "2007-06-30",
        "symbol": "THC",
        "reportedCurrency": "USD",
        "cik": "0000070318",
        "fillingDate": "2007-08-07",
        "acceptedDate": "2007-08-07 08:02:05",
        "calendarYear": "2007",
        "period": "Q2",
        "revenue": 2228000000,
        "costOfRevenue": 1392000000,
        "grossProfit": 836000000,
        "grossProfitRatio": 0.3752244165,
        "researchAndDevelopmentExpenses": 0,
        "generalAndAdministrativeExpenses": 680000000,
        "sellingAndMarketingExpenses": 0,
        "sellingGeneralAndAdministrativeExpenses": 680000000,
        "otherExpenses": 98000000,
        "operatingExpenses": 778000000,
        "costAndExpenses": 2170000000,
        "interestIncome": 0,
        "interestExpense": 86000000,
        "depreciationAndAmortization": 89000000,
        "ebitda": 147000000,
        "ebitdaratio": 0.065978456,
        "operatingIncome": 58000000,
        "operatingIncomeRatio": 0.026032316,
        "totalOtherIncomeExpensesNet": -91000000,
        "incomeBeforeTax": -33000000,
        "incomeBeforeTaxRatio": -0.0148114901,
        "incomeTaxExpense": -4000000,
        "netIncome": -30000000,
        "netIncomeRatio": -0.013464991,
        "eps": -0.24,
        "epsdiluted": -0.24,
        "weightedAverageShsOut": 118303000,
        "weightedAverageShsOutDil": 118303000,
        "link": "https://www.sec.gov/Archives/edgar/data/70318/000110465907059420/0001104659-07-059420-index.htm",
        "finalLink": "https://www.sec.gov/Archives/edgar/data/70318/000110465907059420/a07-19054_110q.htm"
    },
    {
        "date": "2007-03-31",
        "symbol": "THC",
        "reportedCurrency": "USD",
        "cik": "0000070318",
        "fillingDate": "2007-05-08",
        "acceptedDate": "2007-05-08 08:01:33",
        "calendarYear": "2007",
        "period": "Q1",
        "revenue": 2218000000,
        "costOfRevenue": 1387000000,
        "grossProfit": 831000000,
        "grossProfitRatio": 0.3746618575,
        "researchAndDevelopmentExpenses": 0,
        "generalAndAdministrativeExpenses": 663000000,
        "sellingAndMarketingExpenses": 0,
        "sellingGeneralAndAdministrativeExpenses": 663000000,
        "otherExpenses": 91000000,
        "operatingExpenses": 728000000,
        "costAndExpenses": 2115000000,
        "interestIncome": 0,
        "interestExpense": 106000000,
        "depreciationAndAmortization": 89000000,
        "ebitda": 192000000,
        "ebitdaratio": 0.0865644725,
        "operatingIncome": 103000000,
        "operatingIncomeRatio": 0.0464382326,
        "totalOtherIncomeExpensesNet": -96000000,
        "incomeBeforeTax": 7000000,
        "incomeBeforeTaxRatio": 0.0031559964,
        "incomeTaxExpense": -84000000,
        "netIncome": 75000000,
        "netIncomeRatio": 0.0338142471,
        "eps": 0.64,
        "epsdiluted": 0.64,
        "weightedAverageShsOut": 118034000,
        "weightedAverageShsOutDil": 118581500,
        "link": "https://www.sec.gov/Archives/edgar/data/70318/000110465907036726/0001104659-07-036726-index.htm",
        "finalLink": "https://www.sec.gov/Archives/edgar/data/70318/000110465907036726/a07-11049_110q.htm"
    },
    {
        "date": "2006-12-31",
        "symbol": "THC",
        "reportedCurrency": "USD",
        "cik": "0000070318",
        "fillingDate": "2007-02-27",
        "acceptedDate": "2007-02-27 08:55:08",
        "calendarYear": "2006",
        "period": "Q4",
        "revenue": 2179000000,
        "costOfRevenue": 1378000000,
        "grossProfit": 801000000,
        "grossProfitRatio": 0.3675998164,
        "researchAndDevelopmentExpenses": 0,
        "generalAndAdministrativeExpenses": 648000000,
        "sellingAndMarketingExpenses": 0,
        "sellingGeneralAndAdministrativeExpenses": 648000000,
        "otherExpenses": 429000000,
        "operatingExpenses": 1077000000,
        "costAndExpenses": 2455000000,
        "interestIncome": 0,
        "interestExpense": 405000000,
        "depreciationAndAmortization": 95000000,
        "ebitda": -181000000,
        "ebitdaratio": -0.0830656264,
        "operatingIncome": -276000000,
        "operatingIncomeRatio": -0.1266636072,
        "totalOtherIncomeExpensesNet": -92000000,
        "incomeBeforeTax": -368000000,
        "incomeBeforeTaxRatio": -0.1688848095,
        "incomeTaxExpense": 25000000,
        "netIncome": -386000000,
        "netIncomeRatio": -0.1771454796,
        "eps": 0,
        "epsdiluted": 0,
        "weightedAverageShsOut": 118034000,
        "weightedAverageShsOutDil": 118581500,
        "link": "https://www.sec.gov/Archives/edgar/data/70318/000110465907014090/0001104659-07-014090-index.htm",
        "finalLink": "https://www.sec.gov/Archives/edgar/data/70318/000110465907014090/a07-2935_110k.htm"
    },
    {
        "date": "2006-09-30",
        "symbol": "THC",
        "reportedCurrency": "USD",
        "cik": "0000070318",
        "fillingDate": "2006-11-07",
        "acceptedDate": "2006-11-07 08:02:33",
        "calendarYear": "2006",
        "period": "Q3",
        "revenue": 2058000000,
        "costOfRevenue": 1300000000,
        "grossProfit": 758000000,
        "grossProfitRatio": 0.3683187561,
        "researchAndDevelopmentExpenses": 0,
        "generalAndAdministrativeExpenses": 670000000,
        "sellingAndMarketingExpenses": 0,
        "sellingGeneralAndAdministrativeExpenses": 670000000,
        "otherExpenses": 86000000,
        "operatingExpenses": 730000000,
        "costAndExpenses": 2030000000,
        "interestIncome": 0,
        "interestExpense": 138000000,
        "depreciationAndAmortization": 83000000,
        "ebitda": 111000000,
        "ebitdaratio": 0.0539358601,
        "operatingIncome": 28000000,
        "operatingIncomeRatio": 0.0136054422,
        "totalOtherIncomeExpensesNet": -90000000,
        "incomeBeforeTax": -62000000,
        "incomeBeforeTaxRatio": -0.0301263362,
        "incomeTaxExpense": -43000000,
        "netIncome": -89000000,
        "netIncomeRatio": -0.0432458698,
        "eps": -0.76,
        "epsdiluted": -0.76,
        "weightedAverageShsOut": 117806750,
        "weightedAverageShsOutDil": 117806750,
        "link": "https://www.sec.gov/Archives/edgar/data/70318/000110465906071919/0001104659-06-071919-index.htm",
        "finalLink": "https://www.sec.gov/Archives/edgar/data/70318/000110465906071919/a06-21935_110q.htm"
    },
    {
        "date": "2006-06-30",
        "symbol": "THC",
        "reportedCurrency": "USD",
        "cik": "0000070318",
        "fillingDate": "2006-08-09",
        "acceptedDate": "2006-08-09 16:02:19",
        "calendarYear": "2006",
        "period": "Q2",
        "revenue": 2195000000,
        "costOfRevenue": 1361000000,
        "grossProfit": 834000000,
        "grossProfitRatio": 0.3799544419,
        "researchAndDevelopmentExpenses": 0,
        "generalAndAdministrativeExpenses": 625000000,
        "sellingAndMarketingExpenses": 0,
        "sellingGeneralAndAdministrativeExpenses": 625000000,
        "otherExpenses": 824000000,
        "operatingExpenses": 1449000000,
        "costAndExpenses": 2810000000,
        "interestIncome": 0,
        "interestExpense": 768000000,
        "depreciationAndAmortization": 74000000,
        "ebitda": -533000000,
        "ebitdaratio": -0.2428246014,
        "operatingIncome": -615000000,
        "operatingIncomeRatio": -0.2801822323,
        "totalOtherIncomeExpensesNet": -84000000,
        "incomeBeforeTax": -699000000,
        "incomeBeforeTaxRatio": -0.3184510251,
        "incomeTaxExpense": -252000000,
        "netIncome": -398000000,
        "netIncomeRatio": -0.1813211845,
        "eps": -3.4,
        "epsdiluted": -3.4,
        "weightedAverageShsOut": 117652000,
        "weightedAverageShsOutDil": 117652000,
        "link": "https://www.sec.gov/Archives/edgar/data/70318/000110465906053113/0001104659-06-053113-index.htm",
        "finalLink": "https://www.sec.gov/Archives/edgar/data/70318/000110465906053113/a06-15631_110q.htm"
    },
    {
        "date": "2006-03-31",
        "symbol": "THC",
        "reportedCurrency": "USD",
        "cik": "0000070318",
        "fillingDate": "2006-05-09",
        "acceptedDate": "2006-05-09 08:02:27",
        "calendarYear": "2006",
        "period": "Q1",
        "revenue": 2210000000,
        "costOfRevenue": 1392000000,
        "grossProfit": 818000000,
        "grossProfitRatio": 0.3701357466,
        "researchAndDevelopmentExpenses": 0,
        "generalAndAdministrativeExpenses": 674000000,
        "sellingAndMarketingExpenses": 0,
        "sellingGeneralAndAdministrativeExpenses": 674000000,
        "otherExpenses": 130000000,
        "operatingExpenses": 731000000,
        "costAndExpenses": 2123000000,
        "interestIncome": 0,
        "interestExpense": 33000000,
        "depreciationAndAmortization": 90000000,
        "ebitda": 169000000,
        "ebitdaratio": 0.0764705882,
        "operatingIncome": 87000000,
        "operatingIncomeRatio": 0.0393665158,
        "totalOtherIncomeExpensesNet": -84000000,
        "incomeBeforeTax": 3000000,
        "incomeBeforeTaxRatio": 0.0013574661,
        "incomeTaxExpense": 4000000,
        "netIncome": 70000000,
        "netIncomeRatio": 0.0316742081,
        "eps": 0.6,
        "epsdiluted": 0.6,
        "weightedAverageShsOut": 117517250,
        "weightedAverageShsOutDil": 117517250,
        "link": "https://www.sec.gov/Archives/edgar/data/70318/000110465906032352/0001104659-06-032352-index.htm",
        "finalLink": "https://www.sec.gov/Archives/edgar/data/70318/000110465906032352/a06-9803_110q.htm"
    },
    {
        "date": "2005-12-31",
        "symbol": "THC",
        "reportedCurrency": "USD",
        "cik": "0000070318",
        "fillingDate": "2006-03-09",
        "acceptedDate": "2006-03-09 17:25:48",
        "calendarYear": "2005",
        "period": "Q4",
        "revenue": 2307000000,
        "costOfRevenue": 1475000000,
        "grossProfit": 832000000,
        "grossProfitRatio": 0.3606415258,
        "researchAndDevelopmentExpenses": 0,
        "generalAndAdministrativeExpenses": 737000000,
        "sellingAndMarketingExpenses": 0,
        "sellingGeneralAndAdministrativeExpenses": 737000000,
        "otherExpenses": 524000000,
        "operatingExpenses": 1261000000,
        "costAndExpenses": 2736000000,
        "interestIncome": 0,
        "interestExpense": 0,
        "depreciationAndAmortization": 89000000,
        "ebitda": -340000000,
        "ebitdaratio": -0.1473775466,
        "operatingIncome": -429000000,
        "operatingIncomeRatio": -0.1859557867,
        "totalOtherIncomeExpensesNet": 120000000,
        "incomeBeforeTax": -309000000,
        "incomeBeforeTaxRatio": -0.1339401821,
        "incomeTaxExpense": -56000000,
        "netIncome": 92000000,
        "netIncomeRatio": 0.0398786303,
        "eps": 0,
        "epsdiluted": 0,
        "weightedAverageShsOut": 117517250,
        "weightedAverageShsOutDil": 117686250,
        "link": "https://www.sec.gov/Archives/edgar/data/70318/000104746906003135/0001047469-06-003135-index.htm",
        "finalLink": "https://www.sec.gov/Archives/edgar/data/70318/000104746906003135/a2167731z10-k.htm"
    },
    {
        "date": "2005-09-30",
        "symbol": "THC",
        "reportedCurrency": "USD",
        "cik": "0000070318",
        "fillingDate": "2005-11-01",
        "acceptedDate": "2005-11-01 07:24:16",
        "calendarYear": "2005",
        "period": "Q3",
        "revenue": 2150000000,
        "costOfRevenue": 1383000000,
        "grossProfit": 767000000,
        "grossProfitRatio": 0.356744186,
        "researchAndDevelopmentExpenses": 0,
        "generalAndAdministrativeExpenses": 760000000,
        "sellingAndMarketingExpenses": 0,
        "sellingGeneralAndAdministrativeExpenses": 760000000,
        "otherExpenses": 138000000,
        "operatingExpenses": 807000000,
        "costAndExpenses": 2190000000,
        "interestIncome": 0,
        "interestExpense": 569000000,
        "depreciationAndAmortization": 105000000,
        "ebitda": 52000000,
        "ebitdaratio": 0.0241860465,
        "operatingIncome": -40000000,
        "operatingIncomeRatio": -0.0186046512,
        "totalOtherIncomeExpensesNet": -85000000,
        "incomeBeforeTax": -125000000,
        "incomeBeforeTaxRatio": -0.0581395349,
        "incomeTaxExpense": 3000000,
        "netIncome": -401000000,
        "netIncomeRatio": -0.1865116279,
        "eps": -3.4,
        "epsdiluted": -3.42,
        "weightedAverageShsOut": 117294750,
        "weightedAverageShsOutDil": 117294750,
        "link": "https://www.sec.gov/Archives/edgar/data/70318/000110465905051358/0001104659-05-051358-index.htm",
        "finalLink": "https://www.sec.gov/Archives/edgar/data/70318/000110465905051358/a05-18984_110q.htm"
    },
    {
        "date": "2005-06-30",
        "symbol": "THC",
        "reportedCurrency": "USD",
        "cik": "0000070318",
        "fillingDate": "2005-09-20",
        "acceptedDate": "2005-09-19 21:04:55",
        "calendarYear": "2005",
        "period": "Q2",
        "revenue": 2142000000,
        "costOfRevenue": 1374000000,
        "grossProfit": 768000000,
        "grossProfitRatio": 0.3585434174,
        "researchAndDevelopmentExpenses": 0,
        "generalAndAdministrativeExpenses": 692000000,
        "sellingAndMarketingExpenses": 0,
        "sellingGeneralAndAdministrativeExpenses": 692000000,
        "otherExpenses": 86000000,
        "operatingExpenses": 701000000,
        "costAndExpenses": 2075000000,
        "interestIncome": 0,
        "interestExpense": 96000000,
        "depreciationAndAmortization": 92000000,
        "ebitda": 146000000,
        "ebitdaratio": 0.0681605976,
        "operatingIncome": 67000000,
        "operatingIncomeRatio": 0.0312791783,
        "totalOtherIncomeExpensesNet": -88000000,
        "incomeBeforeTax": -21000000,
        "incomeBeforeTaxRatio": -0.0098039216,
        "incomeTaxExpense": -12000000,
        "netIncome": -33000000,
        "netIncomeRatio": -0.0154061625,
        "eps": -0.28,
        "epsdiluted": -0.28,
        "weightedAverageShsOut": 117189500,
        "weightedAverageShsOutDil": 117189500,
        "link": "https://www.sec.gov/Archives/edgar/data/70318/000110465905044774/0001104659-05-044774-index.htm",
        "finalLink": "https://www.sec.gov/Archives/edgar/data/70318/000110465905044774/a05-12528_210q.htm"
    },
    {
        "date": "2005-03-31",
        "symbol": "THC",
        "reportedCurrency": "USD",
        "cik": "0000070318",
        "fillingDate": "2005-05-03",
        "acceptedDate": "2005-05-03 08:02:08",
        "calendarYear": "2005",
        "period": "Q1",
        "revenue": 2501000000,
        "costOfRevenue": 1581000000,
        "grossProfit": 920000000,
        "grossProfitRatio": 0.3678528589,
        "researchAndDevelopmentExpenses": 0,
        "generalAndAdministrativeExpenses": 692000000,
        "sellingAndMarketingExpenses": 0,
        "sellingGeneralAndAdministrativeExpenses": 692000000,
        "otherExpenses": 119000000,
        "operatingExpenses": 813000000,
        "costAndExpenses": 2394000000,
        "interestIncome": 0,
        "interestExpense": 159000000,
        "depreciationAndAmortization": 96000000,
        "ebitda": 203000000,
        "ebitdaratio": 0.081167533,
        "operatingIncome": 107000000,
        "operatingIncomeRatio": 0.0427828868,
        "totalOtherIncomeExpensesNet": -104000000,
        "incomeBeforeTax": 3000000,
        "incomeBeforeTaxRatio": 0.0011995202,
        "incomeTaxExpense": -17000000,
        "netIncome": -4000000,
        "netIncomeRatio": -0.0015993603,
        "eps": -0.04,
        "epsdiluted": -0.04,
        "weightedAverageShsOut": 117011750,
        "weightedAverageShsOutDil": 117236750,
        "link": "https://www.sec.gov/Archives/edgar/data/70318/000110465905019832/0001104659-05-019832-index.htm",
        "finalLink": "https://www.sec.gov/Archives/edgar/data/70318/000110465905019832/a05-7504_110q.htm"
    },
    {
        "date": "2004-12-31",
        "symbol": "THC",
        "reportedCurrency": "USD",
        "cik": "0000070318",
        "fillingDate": "2005-03-08",
        "acceptedDate": "2005-03-08 08:05:41",
        "calendarYear": "2004",
        "period": "Q4",
        "revenue": 2375000000,
        "costOfRevenue": 1490000000,
        "grossProfit": 885000000,
        "grossProfitRatio": 0.3726315789,
        "researchAndDevelopmentExpenses": 0,
        "generalAndAdministrativeExpenses": 735000000,
        "sellingAndMarketingExpenses": 0,
        "sellingGeneralAndAdministrativeExpenses": 735000000,
        "otherExpenses": 1388000000,
        "operatingExpenses": 2123000000,
        "costAndExpenses": 3613000000,
        "interestIncome": 0,
        "interestExpense": 1782000000,
        "depreciationAndAmortization": 99000000,
        "ebitda": -1139000000,
        "ebitdaratio": -0.4795789474,
        "operatingIncome": -1238000000,
        "operatingIncomeRatio": -0.5212631579,
        "totalOtherIncomeExpensesNet": -74000000,
        "incomeBeforeTax": -1312000000,
        "incomeBeforeTaxRatio": -0.5524210526,
        "incomeTaxExpense": 283000000,
        "netIncome": -2022000000,
        "netIncomeRatio": -0.8513684211,
        "eps": 0,
        "epsdiluted": 0,
        "weightedAverageShsOut": 117011750,
        "weightedAverageShsOutDil": 117236750,
        "link": "https://www.sec.gov/Archives/edgar/data/70318/000104746905005606/0001047469-05-005606-index.htm",
        "finalLink": "https://www.sec.gov/Archives/edgar/data/70318/000104746905005606/a2152529z10-k.htm"
    },
    {
        "date": "2004-09-30",
        "symbol": "THC",
        "reportedCurrency": "USD",
        "cik": "0000070318",
        "fillingDate": "2004-11-02",
        "acceptedDate": "2004-11-02 08:08:11",
        "calendarYear": "2004",
        "period": "Q3",
        "revenue": 2428000000,
        "costOfRevenue": 1490000000,
        "grossProfit": 938000000,
        "grossProfitRatio": 0.3863261944,
        "researchAndDevelopmentExpenses": 0,
        "generalAndAdministrativeExpenses": 810000000,
        "sellingAndMarketingExpenses": 0,
        "sellingGeneralAndAdministrativeExpenses": 810000000,
        "otherExpenses": 108000000,
        "operatingExpenses": 916000000,
        "costAndExpenses": 2406000000,
        "interestIncome": 0,
        "interestExpense": 113000000,
        "depreciationAndAmortization": 98000000,
        "ebitda": 120000000,
        "ebitdaratio": 0.0494233937,
        "operatingIncome": 22000000,
        "operatingIncomeRatio": 0.0090609555,
        "totalOtherIncomeExpensesNet": -88000000,
        "incomeBeforeTax": -66000000,
        "incomeBeforeTaxRatio": -0.0271828666,
        "incomeTaxExpense": -15000000,
        "netIncome": -70000000,
        "netIncomeRatio": -0.028830313,
        "eps": -0.6,
        "epsdiluted": -0.6,
        "weightedAverageShsOut": 116661500,
        "weightedAverageShsOutDil": 116661500,
        "link": "https://www.sec.gov/Archives/edgar/data/70318/000110465904032940/0001104659-04-032940-index.htm",
        "finalLink": "https://www.sec.gov/Archives/edgar/data/70318/000110465904032940/a04-12389_110q.htm"
    },
    {
        "date": "2004-06-30",
        "symbol": "THC",
        "reportedCurrency": "USD",
        "cik": "0000070318",
        "fillingDate": "2004-08-03",
        "acceptedDate": "2004-08-02 21:04:03",
        "calendarYear": "2004",
        "period": "Q2",
        "revenue": 2505000000,
        "costOfRevenue": 1514000000,
        "grossProfit": 991000000,
        "grossProfitRatio": 0.3956087824,
        "researchAndDevelopmentExpenses": 0,
        "generalAndAdministrativeExpenses": 1109000000,
        "sellingAndMarketingExpenses": 0,
        "sellingGeneralAndAdministrativeExpenses": 1109000000,
        "otherExpenses": 109000000,
        "operatingExpenses": 1178000000,
        "costAndExpenses": 2692000000,
        "interestIncome": 0,
        "interestExpense": 347000000,
        "depreciationAndAmortization": 95000000,
        "ebitda": -92000000,
        "ebitdaratio": -0.0367265469,
        "operatingIncome": -187000000,
        "operatingIncomeRatio": -0.0746506986,
        "totalOtherIncomeExpensesNet": -86000000,
        "incomeBeforeTax": -273000000,
        "incomeBeforeTaxRatio": -0.1089820359,
        "incomeTaxExpense": -103000000,
        "netIncome": -426000000,
        "netIncomeRatio": -0.1700598802,
        "eps": -3.64,
        "epsdiluted": -3.64,
        "weightedAverageShsOut": 116480500,
        "weightedAverageShsOutDil": 116480500,
        "link": "https://www.sec.gov/Archives/edgar/data/70318/000104746904025028/0001047469-04-025028-index.htm",
        "finalLink": "https://www.sec.gov/Archives/edgar/data/70318/000104746904025028/a2141236z10-q.htm"
    },
    {
        "date": "2004-03-31",
        "symbol": "THC",
        "reportedCurrency": "USD",
        "cik": "0000070318",
        "fillingDate": "2004-05-04",
        "acceptedDate": "2004-05-04 08:36:26",
        "calendarYear": "2004",
        "period": "Q1",
        "revenue": 2574000000,
        "costOfRevenue": 1525000000,
        "grossProfit": 1049000000,
        "grossProfitRatio": 0.4075369075,
        "researchAndDevelopmentExpenses": 0,
        "generalAndAdministrativeExpenses": 852000000,
        "sellingAndMarketingExpenses": 0,
        "sellingGeneralAndAdministrativeExpenses": 852000000,
        "otherExpenses": 105000000,
        "operatingExpenses": 913000000,
        "costAndExpenses": 2438000000,
        "interestIncome": 0,
        "interestExpense": 306000000,
        "depreciationAndAmortization": 96000000,
        "ebitda": 232000000,
        "ebitdaratio": 0.0901320901,
        "operatingIncome": 136000000,
        "operatingIncomeRatio": 0.0528360528,
        "totalOtherIncomeExpensesNet": -87000000,
        "incomeBeforeTax": 49000000,
        "incomeBeforeTaxRatio": 0.019036519,
        "incomeTaxExpense": 23000000,
        "netIncome": -122000000,
        "netIncomeRatio": -0.0473970474,
        "eps": -1.04,
        "epsdiluted": -1.04,
        "weightedAverageShsOut": 116324000,
        "weightedAverageShsOutDil": 116397500,
        "link": "https://www.sec.gov/Archives/edgar/data/70318/000104746904015441/0001047469-04-015441-index.htm",
        "finalLink": "https://www.sec.gov/Archives/edgar/data/70318/000104746904015441/a2135542z10-q.htm"
    },
    {
        "date": "2003-12-31",
        "symbol": "THC",
        "reportedCurrency": "USD",
        "cik": "0000070318",
        "fillingDate": "2004-03-15",
        "acceptedDate": "2004-03-15 16:49:35",
        "calendarYear": "2003",
        "period": "Q4",
        "revenue": 3084000000,
        "costOfRevenue": 0,
        "grossProfit": 0,
        "grossProfitRatio": 0,
        "researchAndDevelopmentExpenses": 0,
        "generalAndAdministrativeExpenses": 0,
        "sellingAndMarketingExpenses": 0,
        "sellingGeneralAndAdministrativeExpenses": 2909000000,
        "otherExpenses": 1559000000,
        "operatingExpenses": 4468000000,
        "costAndExpenses": 4468000000,
        "interestIncome": 0,
        "interestExpense": 1202000000,
        "depreciationAndAmortization": 114000000,
        "ebitda": -1270000000,
        "ebitdaratio": -0.4118028534,
        "operatingIncome": -1384000000,
        "operatingIncomeRatio": -0.448767834,
        "totalOtherIncomeExpensesNet": 41000000,
        "incomeBeforeTax": -1343000000,
        "incomeBeforeTaxRatio": -0.4354734112,
        "incomeTaxExpense": -288000000,
        "netIncome": -954000000,
        "netIncomeRatio": -0.3093385214,
        "eps": 0,
        "epsdiluted": 0,
        "weightedAverageShsOut": 116324000,
        "weightedAverageShsOutDil": 116324000,
        "link": "https://www.sec.gov/Archives/edgar/data/70318/000104746904008016/0001047469-04-008016-index.htm",
        "finalLink": "https://www.sec.gov/Archives/edgar/data/70318/000104746904008016/a2129890z10-k.htm"
    },
    {
        "date": "2003-09-30",
        "symbol": "THC",
        "reportedCurrency": "USD",
        "cik": "0000070318",
        "fillingDate": "2003-11-10",
        "acceptedDate": "2003-11-10 16:53:34",
        "calendarYear": "2003",
        "period": "Q3",
        "revenue": 2520000000,
        "costOfRevenue": 1440000000,
        "grossProfit": 1080000000,
        "grossProfitRatio": 0.4285714286,
        "researchAndDevelopmentExpenses": 0,
        "generalAndAdministrativeExpenses": 0,
        "sellingAndMarketingExpenses": 0,
        "sellingGeneralAndAdministrativeExpenses": 3217000000,
        "otherExpenses": 346000000,
        "operatingExpenses": 1311000000,
        "costAndExpenses": 2751000000,
        "interestIncome": 0,
        "interestExpense": 417000000,
        "depreciationAndAmortization": 112000000,
        "ebitda": -139000000,
        "ebitdaratio": -0.0551587302,
        "operatingIncome": -231000000,
        "operatingIncomeRatio": -0.0916666667,
        "totalOtherIncomeExpensesNet": -91000000,
        "incomeBeforeTax": -322000000,
        "incomeBeforeTaxRatio": -0.1277777778,
        "incomeTaxExpense": -117000000,
        "netIncome": -308000000,
        "netIncomeRatio": -0.1222222222,
        "eps": -2.64,
        "epsdiluted": -2.64,
        "weightedAverageShsOut": 115907250,
        "weightedAverageShsOutDil": 115907250,
        "link": "https://www.sec.gov/Archives/edgar/data/70318/000110465903025358/0001104659-03-025358-index.htm",
        "finalLink": "https://www.sec.gov/Archives/edgar/data/70318/000110465903025358/a03-4420_110q.htm"
    },
    {
        "date": "2003-06-30",
        "symbol": "THC",
        "reportedCurrency": "USD",
        "cik": "0000070318",
        "fillingDate": "2003-08-08",
        "acceptedDate": "2003-08-07 17:48:45",
        "calendarYear": "2003",
        "period": "Q2",
        "revenue": 3379000000,
        "costOfRevenue": 0,
        "grossProfit": 0,
        "grossProfitRatio": 0,
        "researchAndDevelopmentExpenses": 0,
        "generalAndAdministrativeExpenses": 0,
        "sellingAndMarketingExpenses": 0,
        "sellingGeneralAndAdministrativeExpenses": 3040000000,
        "otherExpenses": 386000000,
        "operatingExpenses": 3426000000,
        "costAndExpenses": 3426000000,
        "interestIncome": 0,
        "interestExpense": 552000000,
        "depreciationAndAmortization": 120000000,
        "ebitda": 73000000,
        "ebitdaratio": 0.0216040249,
        "operatingIncome": -47000000,
        "operatingIncomeRatio": -0.0139094407,
        "totalOtherIncomeExpensesNet": -151000000,
        "incomeBeforeTax": -198000000,
        "incomeBeforeTaxRatio": -0.0585972181,
        "incomeTaxExpense": -69000000,
        "netIncome": -195000000,
        "netIncomeRatio": -0.0577093815,
        "eps": -1.68,
        "epsdiluted": -1.68,
        "weightedAverageShsOut": 116277500,
        "weightedAverageShsOutDil": 116277500,
        "link": "https://www.sec.gov/Archives/edgar/data/70318/000110465903017066/0001104659-03-017066-index.htm",
        "finalLink": "https://www.sec.gov/Archives/edgar/data/70318/000110465903017066/a03-1503_110q.htm"
    },
    {
        "date": "2003-03-31",
        "symbol": "THC",
        "reportedCurrency": "USD",
        "cik": "0000070318",
        "fillingDate": "2003-05-15",
        "acceptedDate": "2003-05-15 17:12:52",
        "calendarYear": "2003",
        "period": "Q1",
        "revenue": 2750000000,
        "costOfRevenue": 1555000000,
        "grossProfit": 1195000000,
        "grossProfitRatio": 0.4345454545,
        "researchAndDevelopmentExpenses": 0,
        "generalAndAdministrativeExpenses": 0,
        "sellingAndMarketingExpenses": 0,
        "sellingGeneralAndAdministrativeExpenses": 2450000000,
        "otherExpenses": 290000000,
        "operatingExpenses": 1062000000,
        "costAndExpenses": 2617000000,
        "interestIncome": 0,
        "interestExpense": 131000000,
        "depreciationAndAmortization": 125000000,
        "ebitda": 258000000,
        "ebitdaratio": 0.0938181818,
        "operatingIncome": 133000000,
        "operatingIncomeRatio": 0.0483636364,
        "totalOtherIncomeExpensesNet": -82000000,
        "incomeBeforeTax": 51000000,
        "incomeBeforeTaxRatio": 0.0185454545,
        "incomeTaxExpense": 48000000,
        "netIncome": -20000000,
        "netIncomeRatio": -0.0072727273,
        "eps": -0.16,
        "epsdiluted": -0.16,
        "weightedAverageShsOut": 117627750,
        "weightedAverageShsOutDil": 118081250,
        "link": "https://www.sec.gov/Archives/edgar/data/70318/000091205703000240/0000912057-03-000240-index.htm",
        "finalLink": "https://www.sec.gov/Archives/edgar/data/70318/000091205703000240/a2111317z10-q.htm"
    },
    {
        "date": "2002-11-30",
        "symbol": "THC",
        "reportedCurrency": "USD",
        "cik": "0000070318",
        "fillingDate": "2003-01-13",
        "acceptedDate": "2003-01-13 08:28:38",
        "calendarYear": "2002",
        "period": "Q4",
        "revenue": 3778000000,
        "costOfRevenue": 1265000000,
        "grossProfit": 2513000000,
        "grossProfitRatio": 0.6651667549,
        "researchAndDevelopmentExpenses": 0,
        "generalAndAdministrativeExpenses": 0,
        "sellingAndMarketingExpenses": 0,
        "sellingGeneralAndAdministrativeExpenses": 1738000000,
        "otherExpenses": 130000000,
        "operatingExpenses": 1868000000,
        "costAndExpenses": 3133000000,
        "interestIncome": 0,
        "interestExpense": 187000000,
        "depreciationAndAmortization": 130000000,
        "ebitda": 775000000,
        "ebitdaratio": 0.2051349921,
        "operatingIncome": 645000000,
        "operatingIncomeRatio": 0.1707252515,
        "totalOtherIncomeExpensesNet": -129000000,
        "incomeBeforeTax": 516000000,
        "incomeBeforeTaxRatio": 0.1365802012,
        "incomeTaxExpense": 201000000,
        "netIncome": 315000000,
        "netIncomeRatio": 0.0833774484,
        "eps": 2.6,
        "epsdiluted": 2.56,
        "weightedAverageShsOut": 121238750,
        "weightedAverageShsOutDil": 123252750,
        "link": "https://www.sec.gov/Archives/edgar/data/70318/000104746903001107/0001047469-03-001107-index.htm",
        "finalLink": "https://www.sec.gov/Archives/edgar/data/70318/000104746903001107/a2096270z10-q.htm"
    },
    {
        "date": "2002-08-31",
        "symbol": "THC",
        "reportedCurrency": "USD",
        "cik": "0000070318",
        "fillingDate": "2002-10-11",
        "acceptedDate": "2002-10-11 14:13:35",
        "calendarYear": "2002",
        "period": "Q3",
        "revenue": 3703000000,
        "costOfRevenue": 1247000000,
        "grossProfit": 2456000000,
        "grossProfitRatio": 0.6632460167,
        "researchAndDevelopmentExpenses": 0,
        "generalAndAdministrativeExpenses": 0,
        "sellingAndMarketingExpenses": 0,
        "sellingGeneralAndAdministrativeExpenses": 1700000000,
        "otherExpenses": 132000000,
        "operatingExpenses": 1832000000,
        "costAndExpenses": 3079000000,
        "interestIncome": 0,
        "interestExpense": 65000000,
        "depreciationAndAmortization": 128000000,
        "ebitda": 752000000,
        "ebitdaratio": 0.2030785849,
        "operatingIncome": 624000000,
        "operatingIncomeRatio": 0.1685120173,
        "totalOtherIncomeExpensesNet": -68000000,
        "incomeBeforeTax": 556000000,
        "incomeBeforeTaxRatio": 0.1501485282,
        "incomeTaxExpense": 218000000,
        "netIncome": 338000000,
        "netIncomeRatio": 0.0912773427,
        "eps": 2.76,
        "epsdiluted": 2.72,
        "weightedAverageShsOut": 122120500,
        "weightedAverageShsOutDil": 125019750,
        "link": "https://www.sec.gov/Archives/edgar/data/70318/000091205702038357/0000912057-02-038357-index.htm",
        "finalLink": "https://www.sec.gov/Archives/edgar/data/70318/000091205702038357/a2091015z10-q.htm"
    },
    {
        "date": "2002-05-31",
        "symbol": "THC",
        "reportedCurrency": "USD",
        "cik": "0000070318",
        "fillingDate": "2002-08-14",
        "acceptedDate": "2002-08-13 18:08:13",
        "calendarYear": "2002",
        "period": "Q2",
        "revenue": 3738000000,
        "costOfRevenue": 0,
        "grossProfit": 0,
        "grossProfitRatio": 0,
        "researchAndDevelopmentExpenses": 0,
        "generalAndAdministrativeExpenses": 0,
        "sellingAndMarketingExpenses": 0,
        "sellingGeneralAndAdministrativeExpenses": 6455000000,
        "otherExpenses": 150000000,
        "operatingExpenses": 6605000000,
        "costAndExpenses": 3116000000,
        "interestIncome": 0,
        "interestExpense": 127000000,
        "depreciationAndAmortization": 150000000,
        "ebitda": 772000000,
        "ebitdaratio": 0.2065275548,
        "operatingIncome": 622000000,
        "operatingIncomeRatio": 0.1663991439,
        "totalOtherIncomeExpensesNet": -73000000,
        "incomeBeforeTax": 549000000,
        "incomeBeforeTaxRatio": 0.1468699839,
        "incomeTaxExpense": 228000000,
        "netIncome": 261000000,
        "netIncomeRatio": 0.069823435,
        "eps": 0,
        "epsdiluted": 0,
        "weightedAverageShsOut": 122120500,
        "weightedAverageShsOutDil": 125019750,
        "link": "https://www.sec.gov/Archives/edgar/data/70318/000089710102000564/0000897101-02-000564-index.htm",
        "finalLink": "https://www.sec.gov/Archives/edgar/data/70318/000089710102000564/tenet023722_10k.htm"
    },
    {
        "date": "2002-02-28",
        "symbol": "THC",
        "reportedCurrency": "USD",
        "cik": "0000070318",
        "fillingDate": "2002-04-15",
        "acceptedDate": "2002-04-15 00:00:00",
        "calendarYear": "2002",
        "period": "Q1",
        "revenue": 3484000000,
        "costOfRevenue": 1176000000,
        "grossProfit": 2308000000,
        "grossProfitRatio": 0.662456946,
        "researchAndDevelopmentExpenses": 0,
        "generalAndAdministrativeExpenses": 0,
        "sellingAndMarketingExpenses": 0,
        "sellingGeneralAndAdministrativeExpenses": 1587000000,
        "otherExpenses": 154000000,
        "operatingExpenses": 1741000000,
        "costAndExpenses": 2917000000,
        "interestIncome": 0,
        "interestExpense": 78000000,
        "depreciationAndAmortization": 154000000,
        "ebitda": 721000000,
        "ebitdaratio": 0.206946039,
        "operatingIncome": 567000000,
        "operatingIncomeRatio": 0.1627439724,
        "totalOtherIncomeExpensesNet": -77000000,
        "incomeBeforeTax": 490000000,
        "incomeBeforeTaxRatio": 0.1406429392,
        "incomeTaxExpense": 202000000,
        "netIncome": 280000000,
        "netIncomeRatio": 0.0803673938,
        "eps": 2.29,
        "epsdiluted": 2.24,
        "weightedAverageShsOut": 122449500,
        "weightedAverageShsOutDil": 125670375,
        "link": "https://www.sec.gov/Archives/edgar/data/70318/000091205702014932/0000912057-02-014932-index.htm",
        "finalLink": "https://www.sec.gov/Archives/edgar/data/70318/000091205702014932/a2075536z10-q.htm"
    },
    {
        "date": "2001-11-30",
        "symbol": "THC",
        "reportedCurrency": "USD",
        "cik": "0000070318",
        "fillingDate": "2002-01-14",
        "acceptedDate": "2002-01-14 00:00:00",
        "calendarYear": "2001",
        "period": "Q4",
        "revenue": 3394000000,
        "costOfRevenue": 1158000000,
        "grossProfit": 2236000000,
        "grossProfitRatio": 0.6588096641,
        "researchAndDevelopmentExpenses": 0,
        "generalAndAdministrativeExpenses": 0,
        "sellingAndMarketingExpenses": 0,
        "sellingGeneralAndAdministrativeExpenses": 1558000000,
        "otherExpenses": 250000000,
        "operatingExpenses": 1808000000,
        "costAndExpenses": 2966000000,
        "interestIncome": 0,
        "interestExpense": 280000000,
        "depreciationAndAmortization": 151000000,
        "ebitda": 579000000,
        "ebitdaratio": 0.1705951679,
        "operatingIncome": 428000000,
        "operatingIncomeRatio": 0.126104891,
        "totalOtherIncomeExpensesNet": -88000000,
        "incomeBeforeTax": 340000000,
        "incomeBeforeTaxRatio": 0.1001767826,
        "incomeTaxExpense": 148000000,
        "netIncome": 89000000,
        "netIncomeRatio": 0.026222746,
        "eps": 0.72,
        "epsdiluted": 0.69,
        "weightedAverageShsOut": 122205375,
        "weightedAverageShsOutDil": 125698875,
        "link": "https://www.sec.gov/Archives/edgar/data/70318/000091205702001235/0000912057-02-001235-index.htm",
        "finalLink": "https://www.sec.gov/Archives/edgar/data/70318/000091205702001235/a2062678z10-q.htm"
    },
    {
        "date": "2001-08-31",
        "symbol": "THC",
        "reportedCurrency": "USD",
        "cik": "0000070318",
        "fillingDate": "2001-10-12",
        "acceptedDate": "2001-10-12 00:00:00",
        "calendarYear": "2001",
        "period": "Q3",
        "revenue": 3297000000,
        "costOfRevenue": 1155000000,
        "grossProfit": 2142000000,
        "grossProfitRatio": 0.6496815287,
        "researchAndDevelopmentExpenses": 0,
        "generalAndAdministrativeExpenses": 0,
        "sellingAndMarketingExpenses": 0,
        "sellingGeneralAndAdministrativeExpenses": 1516000000,
        "otherExpenses": 149000000,
        "operatingExpenses": 1665000000,
        "costAndExpenses": 2820000000,
        "interestIncome": 0,
        "interestExpense": 155000000,
        "depreciationAndAmortization": 149000000,
        "ebitda": 626000000,
        "ebitdaratio": 0.1898695784,
        "operatingIncome": 477000000,
        "operatingIncomeRatio": 0.1446769791,
        "totalOtherIncomeExpensesNet": -95000000,
        "incomeBeforeTax": 382000000,
        "incomeBeforeTaxRatio": 0.1158629057,
        "incomeTaxExpense": 158000000,
        "netIncome": 155000000,
        "netIncomeRatio": 0.0470124355,
        "eps": 1.28,
        "epsdiluted": 1.23,
        "weightedAverageShsOut": 122379375,
        "weightedAverageShsOutDil": 125851125,
        "link": "https://www.sec.gov/Archives/edgar/data/70318/000091205701535237/0000912057-01-535237-index.htm",
        "finalLink": "https://www.sec.gov/Archives/edgar/data/70318/000091205701535237/a2060637z10-q.htm"
    },
    {
        "date": "2001-05-31",
        "symbol": "THC",
        "reportedCurrency": "USD",
        "cik": "0000070318",
        "fillingDate": "2001-08-21",
        "acceptedDate": "2001-08-21 00:00:00",
        "calendarYear": "2001",
        "period": "Q2",
        "revenue": 3209000000,
        "costOfRevenue": 1137000000,
        "grossProfit": 2072000000,
        "grossProfitRatio": 0.6456840137,
        "researchAndDevelopmentExpenses": 0,
        "generalAndAdministrativeExpenses": 1460000000,
        "sellingAndMarketingExpenses": 0,
        "sellingGeneralAndAdministrativeExpenses": 1460000000,
        "otherExpenses": 285000000,
        "operatingExpenses": 1745000000,
        "costAndExpenses": 2882000000,
        "interestIncome": 0,
        "interestExpense": 207000000,
        "depreciationAndAmortization": 142000000,
        "ebitda": 469000000,
        "ebitdaratio": 0.146151449,
        "operatingIncome": 327000000,
        "operatingIncomeRatio": 0.1019009037,
        "totalOtherIncomeExpensesNet": -66000000,
        "incomeBeforeTax": 261000000,
        "incomeBeforeTaxRatio": 0.0813337488,
        "incomeTaxExpense": 110000000,
        "netIncome": 116000000,
        "netIncomeRatio": 0.0361483328,
        "eps": 0,
        "epsdiluted": 0,
        "weightedAverageShsOut": 122379375,
        "weightedAverageShsOutDil": 125851125,
        "link": "https://www.sec.gov/Archives/edgar/data/70318/000091205701529717/0000912057-01-529717-index.htm",
        "finalLink": "https://www.sec.gov/Archives/edgar/data/70318/000091205701529717/a2056090z10-k405.htm"
    },
    {
        "date": "2001-02-28",
        "symbol": "THC",
        "reportedCurrency": "USD",
        "cik": "0000070318",
        "fillingDate": "2001-04-12",
        "acceptedDate": "2001-04-12 00:00:00",
        "calendarYear": "2001",
        "period": "Q1",
        "revenue": 3036000000,
        "costOfRevenue": 1061000000,
        "grossProfit": 1975000000,
        "grossProfitRatio": 0.6505270092,
        "researchAndDevelopmentExpenses": 0,
        "generalAndAdministrativeExpenses": 1397000000,
        "sellingAndMarketingExpenses": 0,
        "sellingGeneralAndAdministrativeExpenses": 1397000000,
        "otherExpenses": 139000000,
        "operatingExpenses": 1536000000,
        "costAndExpenses": 2597000000,
        "interestIncome": 0,
        "interestExpense": 98000000,
        "depreciationAndAmortization": 139000000,
        "ebitda": 578000000,
        "ebitdaratio": 0.1903820817,
        "operatingIncome": 439000000,
        "operatingIncomeRatio": 0.1445981555,
        "totalOtherIncomeExpensesNet": -107000000,
        "incomeBeforeTax": 332000000,
        "incomeBeforeTaxRatio": 0.1093544137,
        "incomeTaxExpense": 134000000,
        "netIncome": 198000000,
        "netIncomeRatio": 0.0652173913,
        "eps": 1.65,
        "epsdiluted": 1.6,
        "weightedAverageShsOut": 120694125,
        "weightedAverageShsOutDil": 123795000,
        "link": "https://www.sec.gov/Archives/edgar/data/70318/000091205701508362/0000912057-01-508362-index.htm",
        "finalLink": "https://www.sec.gov/Archives/edgar/data/70318/000091205701508362/a2045020z10-q.htm"
    },
    {
        "date": "2000-11-30",
        "symbol": "THC",
        "reportedCurrency": "USD",
        "cik": "0000070318",
        "fillingDate": "2001-01-12",
        "acceptedDate": "2001-01-12 00:00:00",
        "calendarYear": "2000",
        "period": "Q4",
        "revenue": 2915000000,
        "costOfRevenue": 1042000000,
        "grossProfit": 1873000000,
        "grossProfitRatio": 0.6425385935,
        "researchAndDevelopmentExpenses": 0,
        "generalAndAdministrativeExpenses": 1336000000,
        "sellingAndMarketingExpenses": 0,
        "sellingGeneralAndAdministrativeExpenses": 1336000000,
        "otherExpenses": 136000000,
        "operatingExpenses": 1472000000,
        "costAndExpenses": 2514000000,
        "interestIncome": 0,
        "interestExpense": 96000000,
        "depreciationAndAmortization": 136000000,
        "ebitda": 537000000,
        "ebitdaratio": 0.184219554,
        "operatingIncome": 401000000,
        "operatingIncomeRatio": 0.1375643225,
        "totalOtherIncomeExpensesNet": -109000000,
        "incomeBeforeTax": 292000000,
        "incomeBeforeTaxRatio": 0.1001715266,
        "incomeTaxExpense": 117000000,
        "netIncome": 175000000,
        "netIncomeRatio": 0.0600343053,
        "eps": 1.47,
        "epsdiluted": 1.44,
        "weightedAverageShsOut": 119263125,
        "weightedAverageShsOutDil": 122147250,
        "link": "https://www.sec.gov/Archives/edgar/data/70318/000091205701001368/0000912057-01-001368-index.htm",
        "finalLink": "https://www.sec.gov/Archives/edgar/data/70318/000091205701001368/a2035149z10-q.htm"
    },
    {
        "date": "2000-08-31",
        "symbol": "THC",
        "reportedCurrency": "USD",
        "cik": "0000070318",
        "fillingDate": "2000-10-12",
        "acceptedDate": "2000-10-12 00:00:00",
        "calendarYear": "2000",
        "period": "Q3",
        "revenue": 2893000000,
        "costOfRevenue": 1040000000,
        "grossProfit": 1853000000,
        "grossProfitRatio": 0.6405115797,
        "researchAndDevelopmentExpenses": 0,
        "generalAndAdministrativeExpenses": 1336000000,
        "sellingAndMarketingExpenses": 0,
        "sellingGeneralAndAdministrativeExpenses": 1336000000,
        "otherExpenses": 137000000,
        "operatingExpenses": 1473000000,
        "costAndExpenses": 2513000000,
        "interestIncome": 0,
        "interestExpense": 117000000,
        "depreciationAndAmortization": 137000000,
        "ebitda": 517000000,
        "ebitdaratio": 0.1787072243,
        "operatingIncome": 380000000,
        "operatingIncomeRatio": 0.1313515382,
        "totalOtherIncomeExpensesNet": -123000000,
        "incomeBeforeTax": 257000000,
        "incomeBeforeTaxRatio": 0.0888351193,
        "incomeTaxExpense": 103000000,
        "netIncome": 154000000,
        "netIncomeRatio": 0.0532319392,
        "eps": 1.31,
        "epsdiluted": 1.28,
        "weightedAverageShsOut": 117883125,
        "weightedAverageShsOutDil": 119903625,
        "link": "https://www.sec.gov/Archives/edgar/data/70318/000091205700044571/0000912057-00-044571-index.htm",
        "finalLink": "https://www.sec.gov/Archives/edgar/data/70318/000091205700044571/a2027692z10-q.txt"
    },
    {
        "date": "2000-05-31",
        "symbol": "THC",
        "reportedCurrency": "USD",
        "cik": "0000070318",
        "fillingDate": "2000-08-15",
        "acceptedDate": "2000-08-15 00:00:00",
        "calendarYear": "2000",
        "period": "Q2",
        "revenue": 2911000000,
        "costOfRevenue": 1082000000,
        "grossProfit": 1829000000,
        "grossProfitRatio": 0.6283064239,
        "researchAndDevelopmentExpenses": 0,
        "generalAndAdministrativeExpenses": 1320000000,
        "sellingAndMarketingExpenses": 0,
        "sellingGeneralAndAdministrativeExpenses": 1320000000,
        "otherExpenses": 134000000,
        "operatingExpenses": 1454000000,
        "costAndExpenses": 2536000000,
        "interestIncome": 0,
        "interestExpense": 516000000,
        "depreciationAndAmortization": 134000000,
        "ebitda": 509000000,
        "ebitdaratio": 0.1748540021,
        "operatingIncome": 375000000,
        "operatingIncomeRatio": 0.1288217108,
        "totalOtherIncomeExpensesNet": -310000000,
        "incomeBeforeTax": 65000000,
        "incomeBeforeTaxRatio": 0.0223290965,
        "incomeTaxExpense": 26000000,
        "netIncome": 20000000,
        "netIncomeRatio": 0.0068704912,
        "eps": 0,
        "epsdiluted": 0,
        "weightedAverageShsOut": 117883125,
        "weightedAverageShsOutDil": 119903625,
        "link": "https://www.sec.gov/Archives/edgar/data/70318/000091205700037746/0000912057-00-037746-index.htm",
        "finalLink": "https://www.sec.gov/Archives/edgar/data/70318/000091205700037746/a10-k405.txt"
    },
    {
        "date": "2000-02-29",
        "symbol": "THC",
        "reportedCurrency": "USD",
        "cik": "0000070318",
        "fillingDate": "2000-04-14",
        "acceptedDate": "2000-04-14 00:00:00",
        "calendarYear": "2000",
        "period": "Q1",
        "revenue": 2850000000,
        "costOfRevenue": 1015000000,
        "grossProfit": 1835000000,
        "grossProfitRatio": 0.6438596491,
        "researchAndDevelopmentExpenses": 0,
        "generalAndAdministrativeExpenses": 1335000000,
        "sellingAndMarketingExpenses": 0,
        "sellingGeneralAndAdministrativeExpenses": 1335000000,
        "otherExpenses": 133000000,
        "operatingExpenses": 1468000000,
        "costAndExpenses": 2483000000,
        "interestIncome": 0,
        "interestExpense": 475000000,
        "depreciationAndAmortization": 133000000,
        "ebitda": 500000000,
        "ebitdaratio": 0.1754385965,
        "operatingIncome": 367000000,
        "operatingIncomeRatio": 0.1287719298,
        "totalOtherIncomeExpensesNet": -299000000,
        "incomeBeforeTax": 68000000,
        "incomeBeforeTaxRatio": 0.0238596491,
        "incomeTaxExpense": 30000000,
        "netIncome": 38000000,
        "netIncomeRatio": 0.0133333333,
        "eps": 0.32,
        "epsdiluted": 0.32,
        "weightedAverageShsOut": 117104625,
        "weightedAverageShsOutDil": 118450875,
        "link": "https://www.sec.gov/Archives/edgar/data/70318/000091205700017986/0000912057-00-017986-index.html",
        "finalLink": "https://www.sec.gov/Archives/edgar/data/70318/000091205700017986/"
    },
    {
        "date": "1999-11-30",
        "symbol": "THC",
        "reportedCurrency": "USD",
        "cik": "0000070318",
        "fillingDate": "2000-01-14",
        "acceptedDate": "2000-01-14 00:00:00",
        "calendarYear": "1999",
        "period": "Q4",
        "revenue": 2780000000,
        "costOfRevenue": 991000000,
        "grossProfit": 1789000000,
        "grossProfitRatio": 0.6435251799,
        "researchAndDevelopmentExpenses": 0,
        "generalAndAdministrativeExpenses": 1320000000,
        "sellingAndMarketingExpenses": 0,
        "sellingGeneralAndAdministrativeExpenses": 1320000000,
        "otherExpenses": 132000000,
        "operatingExpenses": 1452000000,
        "costAndExpenses": 2443000000,
        "interestIncome": 0,
        "interestExpense": 0,
        "depreciationAndAmortization": 132000000,
        "ebitda": 469000000,
        "ebitdaratio": 0.168705036,
        "operatingIncome": 337000000,
        "operatingIncomeRatio": 0.1212230216,
        "totalOtherIncomeExpensesNet": -61000000,
        "incomeBeforeTax": 276000000,
        "incomeBeforeTaxRatio": 0.0992805755,
        "incomeTaxExpense": 141000000,
        "netIncome": 135000000,
        "netIncomeRatio": 0.0485611511,
        "eps": 1.15,
        "epsdiluted": 1.15,
        "weightedAverageShsOut": 116817000,
        "weightedAverageShsOutDil": 117654375,
        "link": "https://www.sec.gov/Archives/edgar/data/70318/000091205700001238/0000912057-00-001238-index.html",
        "finalLink": "https://www.sec.gov/Archives/edgar/data/70318/000091205700001238/"
    },
    {
        "date": "1999-08-31",
        "symbol": "THC",
        "reportedCurrency": "USD",
        "cik": "0000070318",
        "fillingDate": "1999-10-15",
        "acceptedDate": "1999-10-15 00:00:00",
        "calendarYear": "1999",
        "period": "Q3",
        "revenue": 2873000000,
        "costOfRevenue": 1032000000,
        "grossProfit": 1841000000,
        "grossProfitRatio": 0.6407935955,
        "researchAndDevelopmentExpenses": 0,
        "generalAndAdministrativeExpenses": 1384000000,
        "sellingAndMarketingExpenses": 0,
        "sellingGeneralAndAdministrativeExpenses": 1384000000,
        "otherExpenses": 134000000,
        "operatingExpenses": 1518000000,
        "costAndExpenses": 2550000000,
        "interestIncome": 0,
        "interestExpense": 118000000,
        "depreciationAndAmortization": 134000000,
        "ebitda": 457000000,
        "ebitdaratio": 0.1590671772,
        "operatingIncome": 323000000,
        "operatingIncomeRatio": 0.1124260355,
        "totalOtherIncomeExpensesNet": -114000000,
        "incomeBeforeTax": 209000000,
        "incomeBeforeTaxRatio": 0.0727462583,
        "incomeTaxExpense": 81000000,
        "netIncome": 109000000,
        "netIncomeRatio": 0.0379394361,
        "eps": 0.93,
        "epsdiluted": 0.93,
        "weightedAverageShsOut": 116727351,
        "weightedAverageShsOutDil": 116727351,
        "link": "https://www.sec.gov/Archives/edgar/data/70318/000104746999038865/0001047469-99-038865-index.html",
        "finalLink": "https://www.sec.gov/Archives/edgar/data/70318/000104746999038865/"
    },
    {
        "date": "1999-05-31",
        "symbol": "THC",
        "reportedCurrency": "USD",
        "cik": "0000070318",
        "fillingDate": "1999-08-27",
        "acceptedDate": "1999-08-27 00:00:00",
        "calendarYear": "1999",
        "period": "Q2",
        "revenue": 2942000000,
        "costOfRevenue": 1053000000,
        "grossProfit": 1889000000,
        "grossProfitRatio": 0.6420802175,
        "researchAndDevelopmentExpenses": 0,
        "generalAndAdministrativeExpenses": 1405000000,
        "sellingAndMarketingExpenses": 0,
        "sellingGeneralAndAdministrativeExpenses": 1405000000,
        "otherExpenses": 153000000,
        "operatingExpenses": 1558000000,
        "costAndExpenses": 2611000000,
        "interestIncome": 0,
        "interestExpense": 841000000,
        "depreciationAndAmortization": 153000000,
        "ebitda": 484000000,
        "ebitdaratio": 0.1645139361,
        "operatingIncome": 331000000,
        "operatingIncomeRatio": 0.1125084976,
        "totalOtherIncomeExpensesNet": -484000000,
        "incomeBeforeTax": -153000000,
        "incomeBeforeTaxRatio": -0.0520054385,
        "incomeTaxExpense": -16000000,
        "netIncome": -137000000,
        "netIncomeRatio": -0.0465669613,
        "eps": 0,
        "epsdiluted": 0,
        "weightedAverageShsOut": 116727351,
        "weightedAverageShsOutDil": 116727351,
        "link": "https://www.sec.gov/Archives/edgar/data/70318/000104746999033844/0001047469-99-033844-index.html",
        "finalLink": "https://www.sec.gov/Archives/edgar/data/70318/000104746999033844/"
    },
    {
        "date": "1999-02-28",
        "symbol": "THC",
        "reportedCurrency": "USD",
        "cik": "0000070318",
        "fillingDate": "1999-04-14",
        "acceptedDate": "1999-04-14 00:00:00",
        "calendarYear": "1999",
        "period": "Q1",
        "revenue": 2822000000,
        "costOfRevenue": 1014000000,
        "grossProfit": 1808000000,
        "grossProfitRatio": 0.6406803685,
        "researchAndDevelopmentExpenses": 0,
        "generalAndAdministrativeExpenses": 1350000000,
        "sellingAndMarketingExpenses": 0,
        "sellingGeneralAndAdministrativeExpenses": 1350000000,
        "otherExpenses": 142000000,
        "operatingExpenses": 1492000000,
        "costAndExpenses": 2506000000,
        "interestIncome": 0,
        "interestExpense": 106000000,
        "depreciationAndAmortization": 142000000,
        "ebitda": 458000000,
        "ebitdaratio": 0.1622962438,
        "operatingIncome": 316000000,
        "operatingIncomeRatio": 0.111977321,
        "totalOtherIncomeExpensesNet": -114000000,
        "incomeBeforeTax": 202000000,
        "incomeBeforeTaxRatio": 0.0715804394,
        "incomeTaxExpense": 78000000,
        "netIncome": 124000000,
        "netIncomeRatio": 0.0439404678,
        "eps": 1.07,
        "epsdiluted": 1.07,
        "weightedAverageShsOut": 116191904,
        "weightedAverageShsOutDil": 116191904,
        "link": "https://www.sec.gov/Archives/edgar/data/70318/000104746999014868/0001047469-99-014868-index.html",
        "finalLink": "https://www.sec.gov/Archives/edgar/data/70318/"
    },
    {
        "date": "1998-11-30",
        "symbol": "THC",
        "reportedCurrency": "USD",
        "cik": "0000070318",
        "fillingDate": "1999-01-14",
        "acceptedDate": "1999-01-14 00:00:00",
        "calendarYear": "1998",
        "period": "Q4",
        "revenue": 2563000000,
        "costOfRevenue": 889000000,
        "grossProfit": 1674000000,
        "grossProfitRatio": 0.6531408506,
        "researchAndDevelopmentExpenses": 0,
        "generalAndAdministrativeExpenses": 1223000000,
        "sellingAndMarketingExpenses": 0,
        "sellingGeneralAndAdministrativeExpenses": 1223000000,
        "otherExpenses": 134000000,
        "operatingExpenses": 1357000000,
        "costAndExpenses": 2246000000,
        "interestIncome": 0,
        "interestExpense": 108000000,
        "depreciationAndAmortization": 134000000,
        "ebitda": 451000000,
        "ebitdaratio": 0.1759656652,
        "operatingIncome": 317000000,
        "operatingIncomeRatio": 0.1236831838,
        "totalOtherIncomeExpensesNet": -114000000,
        "incomeBeforeTax": 203000000,
        "incomeBeforeTaxRatio": 0.0792040577,
        "incomeTaxExpense": 78000000,
        "netIncome": 125000000,
        "netIncomeRatio": 0.0487709715,
        "eps": 1.07,
        "epsdiluted": 1.07,
        "weightedAverageShsOut": 117128936,
        "weightedAverageShsOutDil": 117128936,
        "link": "https://www.sec.gov/Archives/edgar/data/70318/000104746999001181/0001047469-99-001181-index.html",
        "finalLink": "https://www.sec.gov/Archives/edgar/data/70318/"
    },
    {
        "date": "1998-08-31",
        "symbol": "THC",
        "reportedCurrency": "USD",
        "cik": "0000070318",
        "fillingDate": "1998-10-14",
        "acceptedDate": "1998-10-14 00:00:00",
        "calendarYear": "1998",
        "period": "Q3",
        "revenue": 2553000000,
        "costOfRevenue": 910000000,
        "grossProfit": 1643000000,
        "grossProfitRatio": 0.6435566001,
        "researchAndDevelopmentExpenses": 0,
        "generalAndAdministrativeExpenses": 1177000000,
        "sellingAndMarketingExpenses": 0,
        "sellingGeneralAndAdministrativeExpenses": 1177000000,
        "otherExpenses": 128000000,
        "operatingExpenses": 1305000000,
        "costAndExpenses": 2215000000,
        "interestIncome": 0,
        "interestExpense": 109000000,
        "depreciationAndAmortization": 127000000,
        "ebitda": 466000000,
        "ebitdaratio": 0.1825303564,
        "operatingIncome": 338000000,
        "operatingIncomeRatio": 0.1323932628,
        "totalOtherIncomeExpensesNet": -116000000,
        "incomeBeforeTax": 222000000,
        "incomeBeforeTaxRatio": 0.0869565217,
        "incomeTaxExpense": 85000000,
        "netIncome": 137000000,
        "netIncomeRatio": 0.053662358,
        "eps": 1.17,
        "epsdiluted": 1.17,
        "weightedAverageShsOut": 116703012,
        "weightedAverageShsOutDil": 116703012,
        "link": "https://www.sec.gov/Archives/edgar/data/70318/000104746998037255/0001047469-98-037255-index.html",
        "finalLink": "https://www.sec.gov/Archives/edgar/data/70318/"
    },
    {
        "date": "1998-05-31",
        "symbol": "THC",
        "reportedCurrency": "USD",
        "cik": "0000070318",
        "fillingDate": "1998-08-28",
        "acceptedDate": "1998-08-28 00:00:00",
        "calendarYear": "1998",
        "period": "Q2",
        "revenue": 2571000000,
        "costOfRevenue": -2546000000,
        "grossProfit": 5117000000,
        "grossProfitRatio": 1.9902761571,
        "researchAndDevelopmentExpenses": 0,
        "generalAndAdministrativeExpenses": 0,
        "sellingAndMarketingExpenses": 0,
        "sellingGeneralAndAdministrativeExpenses": 0,
        "otherExpenses": 4760000000,
        "operatingExpenses": 4760000000,
        "costAndExpenses": 2214000000,
        "interestIncome": 0,
        "interestExpense": 742000000,
        "depreciationAndAmortization": 120000000,
        "ebitda": 477000000,
        "ebitdaratio": 0.1855309218,
        "operatingIncome": 357000000,
        "operatingIncomeRatio": 0.1388564761,
        "totalOtherIncomeExpensesNet": -374000000,
        "incomeBeforeTax": -17000000,
        "incomeBeforeTaxRatio": -0.0066122131,
        "incomeTaxExpense": 7000000,
        "netIncome": -141000000,
        "netIncomeRatio": -0.0548424737,
        "eps": 0,
        "epsdiluted": 0,
        "weightedAverageShsOut": 115018826,
        "weightedAverageShsOutDil": 116703012,
        "link": "https://www.sec.gov/Archives/edgar/data/70318/000104746998033004/0001047469-98-033004-index.html",
        "finalLink": "https://www.sec.gov/Archives/edgar/data/70318/"
    },
    {
        "date": "1998-02-28",
        "symbol": "THC",
        "reportedCurrency": "USD",
        "cik": "0000070318",
        "fillingDate": "1998-04-14",
        "acceptedDate": "1998-04-14 00:00:00",
        "calendarYear": "1998",
        "period": "Q1",
        "revenue": 2564000000,
        "costOfRevenue": 2086000000,
        "grossProfit": 478000000,
        "grossProfitRatio": 0.1864274571,
        "researchAndDevelopmentExpenses": 0,
        "generalAndAdministrativeExpenses": 0,
        "sellingAndMarketingExpenses": 0,
        "sellingGeneralAndAdministrativeExpenses": 0,
        "otherExpenses": 121000000,
        "operatingExpenses": 121000000,
        "costAndExpenses": 2207000000,
        "interestIncome": 0,
        "interestExpense": 110000000,
        "depreciationAndAmortization": 121000000,
        "ebitda": 478000000,
        "ebitdaratio": 0.1864274571,
        "operatingIncome": 357000000,
        "operatingIncomeRatio": 0.1392355694,
        "totalOtherIncomeExpensesNet": -115000000,
        "incomeBeforeTax": 242000000,
        "incomeBeforeTaxRatio": 0.0943837754,
        "incomeTaxExpense": 94000000,
        "netIncome": 148000000,
        "netIncomeRatio": 0.0577223089,
        "eps": 1.28,
        "epsdiluted": 1.25,
        "weightedAverageShsOut": 115567216,
        "weightedAverageShsOutDil": 118026093,
        "link": "https://www.sec.gov/Archives/edgar/data/70318/000104746998014762/0001047469-98-014762-index.html",
        "finalLink": "https://www.sec.gov/Archives/edgar/data/70318/"
    },
    {
        "date": "1997-11-30",
        "symbol": "THC",
        "reportedCurrency": "USD",
        "cik": "0000070318",
        "fillingDate": "1998-01-14",
        "acceptedDate": "1998-01-14 00:00:00",
        "calendarYear": "1997",
        "period": "Q4",
        "revenue": 2429000000,
        "costOfRevenue": 1985000000,
        "grossProfit": 444000000,
        "grossProfitRatio": 0.1827912721,
        "researchAndDevelopmentExpenses": 0,
        "generalAndAdministrativeExpenses": 0,
        "sellingAndMarketingExpenses": 0,
        "sellingGeneralAndAdministrativeExpenses": 0,
        "otherExpenses": 114000000,
        "operatingExpenses": 114000000,
        "costAndExpenses": 2099000000,
        "interestIncome": 0,
        "interestExpense": 77000000,
        "depreciationAndAmortization": 114000000,
        "ebitda": 444000000,
        "ebitdaratio": 0.1827912721,
        "operatingIncome": 330000000,
        "operatingIncomeRatio": 0.1358583779,
        "totalOtherIncomeExpensesNet": -101000000,
        "incomeBeforeTax": 229000000,
        "incomeBeforeTaxRatio": 0.0942774804,
        "incomeTaxExpense": 91000000,
        "netIncome": 138000000,
        "netIncomeRatio": 0.0568135035,
        "eps": 1.2,
        "epsdiluted": 1.17,
        "weightedAverageShsOut": 114942529,
        "weightedAverageShsOutDil": 117554859,
        "link": "https://www.sec.gov/Archives/edgar/data/70318/000104746998001071/0001047469-98-001071-index.html",
        "finalLink": "https://www.sec.gov/Archives/edgar/data/70318/"
    },
    {
        "date": "1997-08-31",
        "symbol": "THC",
        "reportedCurrency": "USD",
        "cik": "0000070318",
        "fillingDate": "1997-10-14",
        "acceptedDate": "1997-10-14 00:00:00",
        "calendarYear": "1997",
        "period": "Q3",
        "revenue": 2331000000,
        "costOfRevenue": 1921000000,
        "grossProfit": 410000000,
        "grossProfitRatio": 0.1758901759,
        "researchAndDevelopmentExpenses": 0,
        "generalAndAdministrativeExpenses": 0,
        "sellingAndMarketingExpenses": 0,
        "sellingGeneralAndAdministrativeExpenses": 0,
        "otherExpenses": 105000000,
        "operatingExpenses": 105000000,
        "costAndExpenses": 2026000000,
        "interestIncome": 0,
        "interestExpense": 106000000,
        "depreciationAndAmortization": 105000000,
        "ebitda": 410000000,
        "ebitdaratio": 0.1758901759,
        "operatingIncome": 305000000,
        "operatingIncomeRatio": 0.1308451308,
        "totalOtherIncomeExpensesNet": -112000000,
        "incomeBeforeTax": 193000000,
        "incomeBeforeTaxRatio": 0.0827970828,
        "incomeTaxExpense": 77000000,
        "netIncome": 116000000,
        "netIncomeRatio": 0.0497640498,
        "eps": 1.01,
        "epsdiluted": 1.01,
        "weightedAverageShsOut": 114416476,
        "weightedAverageShsOutDil": 114416476,
        "link": "https://www.sec.gov/Archives/edgar/data/70318/000104746997000719/0001047469-97-000719-index.html",
        "finalLink": "https://www.sec.gov/Archives/edgar/data/70318/"
    },
    {
        "date": "1997-05-31",
        "symbol": "THC",
        "reportedCurrency": "USD",
        "cik": "0000070318",
        "fillingDate": "1997-08-27",
        "acceptedDate": "1997-08-27 00:00:00",
        "calendarYear": "1997",
        "period": "Q2",
        "revenue": 2351600000,
        "costOfRevenue": 2672600000,
        "grossProfit": -321000000,
        "grossProfitRatio": -0.1365028066,
        "researchAndDevelopmentExpenses": 0,
        "generalAndAdministrativeExpenses": 0,
        "sellingAndMarketingExpenses": 0,
        "sellingGeneralAndAdministrativeExpenses": 0,
        "otherExpenses": 106300000,
        "operatingExpenses": 106300000,
        "costAndExpenses": 2778900000,
        "interestIncome": 0,
        "interestExpense": 0,
        "depreciationAndAmortization": 106300000,
        "ebitda": -321000000,
        "ebitdaratio": -0.1365028066,
        "operatingIncome": -427300000,
        "operatingIncomeRatio": -0.1817060725,
        "totalOtherIncomeExpensesNet": 148400000,
        "incomeBeforeTax": -278900000,
        "incomeBeforeTaxRatio": -0.1186001021,
        "incomeTaxExpense": -73000000,
        "netIncome": -339500000,
        "netIncomeRatio": -0.1443697908,
        "eps": 0,
        "epsdiluted": 0,
        "weightedAverageShsOut": 114416476,
        "weightedAverageShsOutDil": 114416476,
        "link": "https://www.sec.gov/Archives/edgar/data/70318/000091205797029143/0000912057-97-029143-index.html",
        "finalLink": "https://www.sec.gov/Archives/edgar/data/70318/"
    },
    {
        "date": "1997-02-28",
        "symbol": "THC",
        "reportedCurrency": "USD",
        "cik": "0000070318",
        "fillingDate": "1997-04-14",
        "acceptedDate": "1997-04-14 00:00:00",
        "calendarYear": "1997",
        "period": "Q1",
        "revenue": 2236900000,
        "costOfRevenue": 1825300000,
        "grossProfit": 411600000,
        "grossProfitRatio": 0.1840046493,
        "researchAndDevelopmentExpenses": 0,
        "generalAndAdministrativeExpenses": 0,
        "sellingAndMarketingExpenses": 0,
        "sellingGeneralAndAdministrativeExpenses": 0,
        "otherExpenses": 108200000,
        "operatingExpenses": 108200000,
        "costAndExpenses": 1933500000,
        "interestIncome": 0,
        "interestExpense": 692100000,
        "depreciationAndAmortization": 167100000,
        "ebitda": 470500000,
        "ebitdaratio": 0.2103357325,
        "operatingIncome": 303400000,
        "operatingIncomeRatio": 0.1356341365,
        "totalOtherIncomeExpensesNet": -379800000,
        "incomeBeforeTax": -76400000,
        "incomeBeforeTaxRatio": -0.0341544101,
        "incomeTaxExpense": -10500000,
        "netIncome": -113300000,
        "netIncomeRatio": -0.0506504538,
        "eps": -0.99,
        "epsdiluted": -0.99,
        "weightedAverageShsOut": 114773694,
        "weightedAverageShsOutDil": 114773694,
        "link": "https://www.sec.gov/Archives/edgar/data/70318/000091205797012931/0000912057-97-012931-index.html",
        "finalLink": "https://www.sec.gov/Archives/edgar/data/70318/"
    },
    {
        "date": "1996-11-30",
        "symbol": "THC",
        "reportedCurrency": "USD",
        "cik": "0000070318",
        "fillingDate": "1997-01-13",
        "acceptedDate": "1997-01-13 00:00:00",
        "calendarYear": "1996",
        "period": "Q4",
        "revenue": 1476100000,
        "costOfRevenue": 1184400000,
        "grossProfit": 291700000,
        "grossProfitRatio": 0.1976153377,
        "researchAndDevelopmentExpenses": 0,
        "generalAndAdministrativeExpenses": 0,
        "sellingAndMarketingExpenses": 0,
        "sellingGeneralAndAdministrativeExpenses": 0,
        "otherExpenses": 85500000,
        "operatingExpenses": 85500000,
        "costAndExpenses": 1269900000,
        "interestIncome": 0,
        "interestExpense": 63200000,
        "depreciationAndAmortization": 85500000,
        "ebitda": 291700000,
        "ebitdaratio": 0.1976153377,
        "operatingIncome": 206200000,
        "operatingIncomeRatio": 0.1396924328,
        "totalOtherIncomeExpensesNet": -69400000,
        "incomeBeforeTax": 136800000,
        "incomeBeforeTaxRatio": 0.0926766479,
        "incomeTaxExpense": 60000000,
        "netIncome": 76800000,
        "netIncomeRatio": 0.0520289953,
        "eps": 0.93,
        "epsdiluted": 0.91,
        "weightedAverageShsOut": 82244592,
        "weightedAverageShsOutDil": 84663551,
        "link": "https://www.sec.gov/Archives/edgar/data/70318/000091205797000714/0000912057-97-000714-index.html",
        "finalLink": "https://www.sec.gov/Archives/edgar/data/70318/"
    },
    {
        "date": "1996-08-31",
        "symbol": "THC",
        "reportedCurrency": "USD",
        "cik": "0000070318",
        "fillingDate": "1996-10-11",
        "acceptedDate": "1996-10-11 00:00:00",
        "calendarYear": "1996",
        "period": "Q3",
        "revenue": 1438600000,
        "costOfRevenue": 1155900000,
        "grossProfit": 282700000,
        "grossProfitRatio": 0.1965104963,
        "researchAndDevelopmentExpenses": 0,
        "generalAndAdministrativeExpenses": 0,
        "sellingAndMarketingExpenses": 0,
        "sellingGeneralAndAdministrativeExpenses": 0,
        "otherExpenses": 84100000,
        "operatingExpenses": 84100000,
        "costAndExpenses": 1240000000,
        "interestIncome": 0,
        "interestExpense": 64800000,
        "depreciationAndAmortization": 84100000,
        "ebitda": 282700000,
        "ebitdaratio": 0.1965104963,
        "operatingIncome": 198600000,
        "operatingIncomeRatio": 0.1380508828,
        "totalOtherIncomeExpensesNet": -70200000,
        "incomeBeforeTax": 128400000,
        "incomeBeforeTaxRatio": 0.0892534408,
        "incomeTaxExpense": 56000000,
        "netIncome": 72400000,
        "netIncomeRatio": 0.0503267065,
        "eps": 0.85,
        "epsdiluted": 0.85,
        "weightedAverageShsOut": 84801349,
        "weightedAverageShsOutDil": 84801349,
        "link": "https://www.sec.gov/Archives/edgar/data/70318/000091205796022658/0000912057-96-022658-index.html",
        "finalLink": "https://www.sec.gov/Archives/edgar/data/70318/"
    },
    {
        "date": "1996-05-31",
        "symbol": "THC",
        "reportedCurrency": "USD",
        "cik": "0000070318",
        "fillingDate": "1996-08-26",
        "acceptedDate": "1996-08-26 00:00:00",
        "calendarYear": "1996",
        "period": "Q2",
        "revenue": 1472300000,
        "costOfRevenue": 1180800000,
        "grossProfit": 291500000,
        "grossProfitRatio": 0.1979895402,
        "researchAndDevelopmentExpenses": 0,
        "generalAndAdministrativeExpenses": 0,
        "sellingAndMarketingExpenses": 0,
        "sellingGeneralAndAdministrativeExpenses": 0,
        "otherExpenses": 80500000,
        "operatingExpenses": 80500000,
        "costAndExpenses": 1261300000,
        "interestIncome": 0,
        "interestExpense": 219100000,
        "depreciationAndAmortization": 80500000,
        "ebitda": 291500000,
        "ebitdaratio": 0.1979895402,
        "operatingIncome": 211000000,
        "operatingIncomeRatio": 0.1433131835,
        "totalOtherIncomeExpensesNet": -126100000,
        "incomeBeforeTax": 84900000,
        "incomeBeforeTaxRatio": 0.0576648781,
        "incomeTaxExpense": 58700000,
        "netIncome": -22000000,
        "netIncomeRatio": -0.0149426068,
        "eps": 0,
        "epsdiluted": 0,
        "weightedAverageShsOut": 84801349,
        "weightedAverageShsOutDil": 84801349,
        "link": "https://www.sec.gov/Archives/edgar/data/70318/000091205796018792/0000912057-96-018792-index.html",
        "finalLink": "https://www.sec.gov/Archives/edgar/data/70318/"
    },
    {
        "date": "1996-02-29",
        "symbol": "THC",
        "reportedCurrency": "USD",
        "cik": "0000070318",
        "fillingDate": "1996-04-15",
        "acceptedDate": "1996-04-15 00:00:00",
        "calendarYear": "1996",
        "period": "Q1",
        "revenue": 1431900000,
        "costOfRevenue": 1152300000,
        "grossProfit": 279600000,
        "grossProfitRatio": 0.1952650325,
        "researchAndDevelopmentExpenses": 0,
        "generalAndAdministrativeExpenses": 0,
        "sellingAndMarketingExpenses": 0,
        "sellingGeneralAndAdministrativeExpenses": 0,
        "otherExpenses": 77800000,
        "operatingExpenses": 77800000,
        "costAndExpenses": 1230100000,
        "interestIncome": 0,
        "interestExpense": 67300000,
        "depreciationAndAmortization": 77800000,
        "ebitda": 279600000,
        "ebitdaratio": 0.1952650325,
        "operatingIncome": 201800000,
        "operatingIncomeRatio": 0.1409316293,
        "totalOtherIncomeExpensesNet": -75500000,
        "incomeBeforeTax": 126300000,
        "incomeBeforeTaxRatio": 0.0882044836,
        "incomeTaxExpense": 55600000,
        "netIncome": 70700000,
        "netIncomeRatio": 0.0493749564,
        "eps": 0.88,
        "epsdiluted": 0.88,
        "weightedAverageShsOut": 80300759,
        "weightedAverageShsOutDil": 80300759,
        "link": "https://www.sec.gov/Archives/edgar/data/70318/000091205796006424/0000912057-96-006424-index.html",
        "finalLink": "https://www.sec.gov/Archives/edgar/data/70318/"
    },
    {
        "date": "1995-11-30",
        "symbol": "THC",
        "reportedCurrency": "USD",
        "cik": "0000070318",
        "fillingDate": "1996-01-16",
        "acceptedDate": "1996-01-16 00:00:00",
        "calendarYear": "1995",
        "period": "Q4",
        "revenue": 1370900000,
        "costOfRevenue": 1097100000,
        "grossProfit": 273800000,
        "grossProfitRatio": 0.1997228098,
        "researchAndDevelopmentExpenses": 0,
        "generalAndAdministrativeExpenses": 0,
        "sellingAndMarketingExpenses": 0,
        "sellingGeneralAndAdministrativeExpenses": 0,
        "otherExpenses": 82500000,
        "operatingExpenses": 82500000,
        "costAndExpenses": 1179600000,
        "interestIncome": 0,
        "interestExpense": 0,
        "depreciationAndAmortization": 82500000,
        "ebitda": 273800000,
        "ebitdaratio": 0.1997228098,
        "operatingIncome": 191300000,
        "operatingIncomeRatio": 0.1395433657,
        "totalOtherIncomeExpensesNet": 114600000,
        "incomeBeforeTax": 305900000,
        "incomeBeforeTaxRatio": 0.2231380845,
        "incomeTaxExpense": 123100000,
        "netIncome": 182800000,
        "netIncomeRatio": 0.1333430593,
        "eps": 2.4,
        "epsdiluted": 2.4,
        "weightedAverageShsOut": 76128602,
        "weightedAverageShsOutDil": 76128602,
        "link": "https://www.sec.gov/Archives/edgar/data/70318/000091205796000539/0000912057-96-000539-index.html",
        "finalLink": "https://www.sec.gov/Archives/edgar/data/70318/"
    },
    {
        "date": "1995-08-31",
        "symbol": "THC",
        "reportedCurrency": "USD",
        "cik": "0000070318",
        "fillingDate": "1995-10-13",
        "acceptedDate": "1995-10-13 00:00:00",
        "calendarYear": "1995",
        "period": "Q3",
        "revenue": 1283900000,
        "costOfRevenue": 1029800000,
        "grossProfit": 254100000,
        "grossProfitRatio": 0.19791261,
        "researchAndDevelopmentExpenses": 0,
        "generalAndAdministrativeExpenses": 0,
        "sellingAndMarketingExpenses": 0,
        "sellingGeneralAndAdministrativeExpenses": 0,
        "otherExpenses": 80200000,
        "operatingExpenses": 80200000,
        "costAndExpenses": 1110000000,
        "interestIncome": 0,
        "interestExpense": 0,
        "depreciationAndAmortization": 80200000,
        "ebitda": 254100000,
        "ebitdaratio": 0.19791261,
        "operatingIncome": 173900000,
        "operatingIncomeRatio": 0.1354466859,
        "totalOtherIncomeExpensesNet": 55000000,
        "incomeBeforeTax": 228900000,
        "incomeBeforeTaxRatio": 0.1782849132,
        "incomeTaxExpense": 110600000,
        "netIncome": 118300000,
        "netIncomeRatio": 0.0921411325,
        "eps": 1.57,
        "epsdiluted": 1.49,
        "weightedAverageShsOut": 75153101,
        "weightedAverageShsOutDil": 79179160,
        "link": "https://www.sec.gov/Archives/edgar/data/70318/000091205795008576/0000912057-95-008576-index.html",
        "finalLink": "https://www.sec.gov/Archives/edgar/data/70318/"
    },
    {
        "date": "1995-05-31",
        "symbol": "THC",
        "reportedCurrency": "USD",
        "cik": "0000070318",
        "fillingDate": "1995-08-25",
        "acceptedDate": "1995-08-25 00:00:00",
        "calendarYear": "1995",
        "period": "Q2",
        "revenue": 1355900000,
        "costOfRevenue": 1104000000,
        "grossProfit": 251900000,
        "grossProfitRatio": 0.1857806623,
        "researchAndDevelopmentExpenses": 0,
        "generalAndAdministrativeExpenses": 0,
        "sellingAndMarketingExpenses": 0,
        "sellingGeneralAndAdministrativeExpenses": 0,
        "otherExpenses": 82300000,
        "operatingExpenses": 82300000,
        "costAndExpenses": 1186300000,
        "interestIncome": 0,
        "interestExpense": 131300000,
        "depreciationAndAmortization": 82300000,
        "ebitda": 251900000,
        "ebitdaratio": 0.1857806623,
        "operatingIncome": 169600000,
        "operatingIncomeRatio": 0.1250829707,
        "totalOtherIncomeExpensesNet": -104700000,
        "incomeBeforeTax": 64900000,
        "incomeBeforeTaxRatio": 0.0478648868,
        "incomeTaxExpense": 30000000,
        "netIncome": 23900000,
        "netIncomeRatio": 0.0176266686,
        "eps": 0,
        "epsdiluted": 0,
        "weightedAverageShsOut": 75153101,
        "weightedAverageShsOutDil": 79179160,
        "link": "https://www.sec.gov/Archives/edgar/data/70318/000089843095001700/0000898430-95-001700-index.html",
        "finalLink": "https://www.sec.gov/Archives/edgar/data/70318/"
    },
    {
        "date": "1995-02-28",
        "symbol": "THC",
        "reportedCurrency": "USD",
        "cik": "0000070318",
        "fillingDate": "1995-04-14",
        "acceptedDate": "1995-04-14 00:00:00",
        "calendarYear": "1995",
        "period": "Q1",
        "revenue": 660500000,
        "costOfRevenue": 534200000,
        "grossProfit": 126300000,
        "grossProfitRatio": 0.1912187737,
        "researchAndDevelopmentExpenses": 0,
        "generalAndAdministrativeExpenses": 0,
        "sellingAndMarketingExpenses": 0,
        "sellingGeneralAndAdministrativeExpenses": 0,
        "otherExpenses": 37600000,
        "operatingExpenses": 37600000,
        "costAndExpenses": 571800000,
        "interestIncome": 0,
        "interestExpense": 0,
        "depreciationAndAmortization": 37600000,
        "ebitda": 126300000,
        "ebitdaratio": 0.1912187737,
        "operatingIncome": 88700000,
        "operatingIncomeRatio": 0.1342922029,
        "totalOtherIncomeExpensesNet": -7800000,
        "incomeBeforeTax": 80900000,
        "incomeBeforeTaxRatio": 0.1224829674,
        "incomeTaxExpense": 32000000,
        "netIncome": 48900000,
        "netIncomeRatio": 0.0740348221,
        "eps": 0.77,
        "epsdiluted": 0.75,
        "weightedAverageShsOut": 63201158,
        "weightedAverageShsOutDil": 65458342,
        "link": "https://www.sec.gov/Archives/edgar/data/70318/000091205795002461/0000912057-95-002461-index.html",
        "finalLink": "https://www.sec.gov/Archives/edgar/data/70318/"
    },
    {
        "date": "1994-11-30",
        "symbol": "THC",
        "reportedCurrency": "USD",
        "cik": "0000070318",
        "fillingDate": "1995-01-17",
        "acceptedDate": "1995-01-17 00:00:00",
        "calendarYear": "1994",
        "period": "Q4",
        "revenue": 638800000,
        "costOfRevenue": 516800000,
        "grossProfit": 122000000,
        "grossProfitRatio": 0.1909830933,
        "researchAndDevelopmentExpenses": 0,
        "generalAndAdministrativeExpenses": 0,
        "sellingAndMarketingExpenses": 0,
        "sellingGeneralAndAdministrativeExpenses": 0,
        "otherExpenses": 37200000,
        "operatingExpenses": 37200000,
        "costAndExpenses": 554000000,
        "interestIncome": 0,
        "interestExpense": 0,
        "depreciationAndAmortization": 37300000,
        "ebitda": 122100000,
        "ebitdaratio": 0.1911396368,
        "operatingIncome": 84800000,
        "operatingIncomeRatio": 0.1327489042,
        "totalOtherIncomeExpensesNet": -8600000,
        "incomeBeforeTax": 76200000,
        "incomeBeforeTaxRatio": 0.1192861616,
        "incomeTaxExpense": 30000000,
        "netIncome": 46200000,
        "netIncomeRatio": 0.0723231058,
        "eps": 0.72,
        "epsdiluted": 0.72,
        "weightedAverageShsOut": 64134599,
        "weightedAverageShsOutDil": 64134599,
        "link": "https://www.sec.gov/Archives/edgar/data/70318/000091205795000115/0000912057-95-000115-index.html",
        "finalLink": "https://www.sec.gov/Archives/edgar/data/70318/"
    },
    {
        "date": "1994-08-31",
        "symbol": "THC",
        "reportedCurrency": "USD",
        "cik": "0000070318",
        "fillingDate": "1994-10-17",
        "acceptedDate": "1994-10-17 00:00:00",
        "calendarYear": "1994",
        "period": "Q3",
        "revenue": 662800000,
        "costOfRevenue": 540100000,
        "grossProfit": 122700000,
        "grossProfitRatio": 0.1851237176,
        "researchAndDevelopmentExpenses": 0,
        "generalAndAdministrativeExpenses": 0,
        "sellingAndMarketingExpenses": 0,
        "sellingGeneralAndAdministrativeExpenses": 0,
        "otherExpenses": 37800000,
        "operatingExpenses": 37800000,
        "costAndExpenses": 577900000,
        "interestIncome": 0,
        "interestExpense": 0,
        "depreciationAndAmortization": 37800000,
        "ebitda": 122700000,
        "ebitdaratio": 0.1851237176,
        "operatingIncome": 84900000,
        "operatingIncomeRatio": 0.128092939,
        "totalOtherIncomeExpensesNet": 22100000,
        "incomeBeforeTax": 107000000,
        "incomeBeforeTaxRatio": 0.1614363307,
        "incomeTaxExpense": 43000000,
        "netIncome": 64000000,
        "netIncomeRatio": 0.0965600483,
        "eps": 1.01,
        "epsdiluted": 0.96,
        "weightedAverageShsOut": 63126332,
        "weightedAverageShsOutDil": 66633350,
        "link": "https://www.sec.gov/Archives/edgar/data/70318/000091205794003425/0000912057-94-003425-index.html",
        "finalLink": "https://www.sec.gov/Archives/edgar/data/70318/"
    },
    {
        "date": "1994-05-31",
        "symbol": "THC",
        "reportedCurrency": "USD",
        "cik": "0000070318",
        "fillingDate": "1994-08-26",
        "acceptedDate": "1994-08-26 00:00:00",
        "calendarYear": "1994",
        "period": "Q2",
        "revenue": 701800000,
        "costOfRevenue": 598600000,
        "grossProfit": 103200000,
        "grossProfitRatio": 0.1470504417,
        "researchAndDevelopmentExpenses": 0,
        "generalAndAdministrativeExpenses": 0,
        "sellingAndMarketingExpenses": 0,
        "sellingGeneralAndAdministrativeExpenses": 0,
        "otherExpenses": 74500000,
        "operatingExpenses": 74500000,
        "costAndExpenses": 673100000,
        "interestIncome": 0,
        "interestExpense": 9100000,
        "depreciationAndAmortization": 74500000,
        "ebitda": 103200000,
        "ebitdaratio": 0.1470504417,
        "operatingIncome": 28700000,
        "operatingIncomeRatio": 0.0408948418,
        "totalOtherIncomeExpensesNet": -10400000,
        "incomeBeforeTax": 18300000,
        "incomeBeforeTaxRatio": 0.0260758051,
        "incomeTaxExpense": 7000000,
        "netIncome": 6200000,
        "netIncomeRatio": 0.0088344258,
        "eps": 0,
        "epsdiluted": 0,
        "weightedAverageShsOut": 63126332,
        "weightedAverageShsOutDil": 66633350,
        "link": "https://www.sec.gov/Archives/edgar/data/70318/000089843094000634/0000898430-94-000634-index.html",
        "finalLink": "https://www.sec.gov/Archives/edgar/data/70318/"
    },
    {
        "date": "1994-02-28",
        "symbol": "THC",
        "reportedCurrency": "USD",
        "cik": "0000070318",
        "fillingDate": "1994-04-14",
        "acceptedDate": "1994-04-14 00:00:00",
        "calendarYear": "1994",
        "period": "Q1",
        "revenue": 720300000,
        "costOfRevenue": 584400000,
        "grossProfit": 135900000,
        "grossProfitRatio": 0.1886713869,
        "researchAndDevelopmentExpenses": 0,
        "generalAndAdministrativeExpenses": 0,
        "sellingAndMarketingExpenses": 0,
        "sellingGeneralAndAdministrativeExpenses": 0,
        "otherExpenses": 39000000,
        "operatingExpenses": 39000000,
        "costAndExpenses": 623400000,
        "interestIncome": 0,
        "interestExpense": 137800000,
        "depreciationAndAmortization": 39000000,
        "ebitda": 135900000,
        "ebitdaratio": 0.1886713869,
        "operatingIncome": 96900000,
        "operatingIncomeRatio": 0.1345272803,
        "totalOtherIncomeExpensesNet": 50800000,
        "incomeBeforeTax": 147700000,
        "incomeBeforeTaxRatio": 0.20505345,
        "incomeTaxExpense": 57000000,
        "netIncome": -164300000,
        "netIncomeRatio": -0.228099403,
        "eps": -2.64,
        "epsdiluted": -2.64,
        "weightedAverageShsOut": 62203747,
        "weightedAverageShsOutDil": 62203747,
        "link": "https://www.sec.gov/Archives/edgar/data/70318/000007031894000027/0000070318-94-000027-index.html",
        "finalLink": "https://www.sec.gov/Archives/edgar/data/70318/"
    },
    {
        "date": "1993-11-30",
        "symbol": "THC",
        "reportedCurrency": "USD",
        "cik": "0000070318",
        "fillingDate": "1994-01-14",
        "acceptedDate": "1994-01-14 00:00:00",
        "calendarYear": "1993",
        "period": "Q4",
        "revenue": 770000000,
        "costOfRevenue": 625700000,
        "grossProfit": 144300000,
        "grossProfitRatio": 0.1874025974,
        "researchAndDevelopmentExpenses": 0,
        "generalAndAdministrativeExpenses": 0,
        "sellingAndMarketingExpenses": 0,
        "sellingGeneralAndAdministrativeExpenses": 0,
        "otherExpenses": 41700000,
        "operatingExpenses": 41700000,
        "costAndExpenses": 667400000,
        "interestIncome": 0,
        "interestExpense": 276600000,
        "depreciationAndAmortization": 31900000,
        "ebitda": 144300000,
        "ebitdaratio": 0.1874025974,
        "operatingIncome": 102600000,
        "operatingIncomeRatio": 0.1332467532,
        "totalOtherIncomeExpensesNet": 600000,
        "incomeBeforeTax": 103200000,
        "incomeBeforeTaxRatio": 0.134025974,
        "incomeTaxExpense": 42000000,
        "netIncome": -226200000,
        "netIncomeRatio": -0.2937662338,
        "eps": -3.63,
        "epsdiluted": -3.63,
        "weightedAverageShsOut": 62340153,
        "weightedAverageShsOutDil": 62340153,
        "link": "https://www.sec.gov/Archives/edgar/data/70318/000007031894000010/0000070318-94-000010-index.html",
        "finalLink": "https://www.sec.gov/Archives/edgar/data/70318/"
    },
    {
        "date": "1993-08-31",
        "symbol": "THC",
        "reportedCurrency": "USD",
        "cik": "0000070318",
        "fillingDate": "1993-08-31",
        "acceptedDate": "1993-08-31 00:00:00",
        "calendarYear": "1993",
        "period": "Q3",
        "revenue": 891800000,
        "costOfRevenue": 763800000,
        "grossProfit": 128000000,
        "grossProfitRatio": 0.1435299394,
        "researchAndDevelopmentExpenses": 0,
        "generalAndAdministrativeExpenses": 0,
        "sellingAndMarketingExpenses": 0,
        "sellingGeneralAndAdministrativeExpenses": 0,
        "otherExpenses": 52600000,
        "operatingExpenses": 52600000,
        "costAndExpenses": 816400000,
        "interestIncome": 0,
        "interestExpense": 419700000,
        "depreciationAndAmortization": 52600000,
        "ebitda": 128000000,
        "ebitdaratio": 0.1435299394,
        "operatingIncome": 75400000,
        "operatingIncomeRatio": 0.084548105,
        "totalOtherIncomeExpensesNet": -249300000,
        "incomeBeforeTax": -173900000,
        "incomeBeforeTaxRatio": -0.1949988787,
        "incomeTaxExpense": -73000000,
        "netIncome": -40800000,
        "netIncomeRatio": -0.0457501682,
        "eps": -0.67,
        "epsdiluted": -0.67,
        "weightedAverageShsOut": 61169415,
        "weightedAverageShsOutDil": 61169415,
        "link": null,
        "finalLink": null
    },
    {
        "date": "1993-05-31",
        "symbol": "THC",
        "reportedCurrency": "USD",
        "cik": "0000070318",
        "fillingDate": "1993-05-31",
        "acceptedDate": "1993-05-31 00:00:00",
        "calendarYear": "1993",
        "period": "Q2",
        "revenue": 956400000,
        "costOfRevenue": 796000000,
        "grossProfit": 160400000,
        "grossProfitRatio": 0.1677122543,
        "researchAndDevelopmentExpenses": 0,
        "generalAndAdministrativeExpenses": 0,
        "sellingAndMarketingExpenses": 0,
        "sellingGeneralAndAdministrativeExpenses": 0,
        "otherExpenses": 49300000,
        "operatingExpenses": 49300000,
        "costAndExpenses": 845300000,
        "interestIncome": 0,
        "interestExpense": 213400000,
        "depreciationAndAmortization": 49300000,
        "ebitda": 160400000,
        "ebitdaratio": 0.1677122543,
        "operatingIncome": 111100000,
        "operatingIncomeRatio": 0.1161647846,
        "totalOtherIncomeExpensesNet": -115300000,
        "incomeBeforeTax": -4200000,
        "incomeBeforeTaxRatio": -0.004391468,
        "incomeTaxExpense": -7000000,
        "netIncome": 2800000,
        "netIncomeRatio": 0.0029276453,
        "eps": 0,
        "epsdiluted": 0,
        "weightedAverageShsOut": 61169415,
        "weightedAverageShsOutDil": 61169415,
        "link": null,
        "finalLink": null
    },
    {
        "date": "1993-02-28",
        "symbol": "THC",
        "reportedCurrency": "USD",
        "cik": "0000070318",
        "fillingDate": "1993-02-28",
        "acceptedDate": "1993-02-28 00:00:00",
        "calendarYear": "1993",
        "period": "Q1",
        "revenue": 933300000,
        "costOfRevenue": 794600000,
        "grossProfit": 138700000,
        "grossProfitRatio": 0.1486124504,
        "researchAndDevelopmentExpenses": 0,
        "generalAndAdministrativeExpenses": 0,
        "sellingAndMarketingExpenses": 0,
        "sellingGeneralAndAdministrativeExpenses": 0,
        "otherExpenses": 50800000,
        "operatingExpenses": 50800000,
        "costAndExpenses": 845400000,
        "interestIncome": 0,
        "interestExpense": 0,
        "depreciationAndAmortization": 50800000,
        "ebitda": 138700000,
        "ebitdaratio": 0.1486124504,
        "operatingIncome": 87900000,
        "operatingIncomeRatio": 0.0941819351,
        "totalOtherIncomeExpensesNet": 2300000,
        "incomeBeforeTax": 90200000,
        "incomeBeforeTaxRatio": 0.0966463088,
        "incomeTaxExpense": 36000000,
        "netIncome": 54200000,
        "netIncomeRatio": 0.0580735026,
        "eps": 0.88,
        "epsdiluted": 0.83,
        "weightedAverageShsOut": 61560129,
        "weightedAverageShsOutDil": 65531750,
        "link": null,
        "finalLink": null
    },
    {
        "date": "1992-11-30",
        "symbol": "THC",
        "reportedCurrency": "USD",
        "cik": "0000070318",
        "fillingDate": "1992-11-30",
        "acceptedDate": "1992-11-30 00:00:00",
        "calendarYear": "1992",
        "period": "Q4",
        "revenue": 933300000,
        "costOfRevenue": 780400000,
        "grossProfit": 152900000,
        "grossProfitRatio": 0.1638272795,
        "researchAndDevelopmentExpenses": 0,
        "generalAndAdministrativeExpenses": 0,
        "sellingAndMarketingExpenses": 0,
        "sellingGeneralAndAdministrativeExpenses": 0,
        "otherExpenses": 49700000,
        "operatingExpenses": 49700000,
        "costAndExpenses": 830100000,
        "interestIncome": 0,
        "interestExpense": 9200000,
        "depreciationAndAmortization": 49700000,
        "ebitda": 152900000,
        "ebitdaratio": 0.1638272795,
        "operatingIncome": 103200000,
        "operatingIncomeRatio": 0.1105753777,
        "totalOtherIncomeExpensesNet": -14800000,
        "incomeBeforeTax": 88400000,
        "incomeBeforeTaxRatio": 0.0947176685,
        "incomeTaxExpense": 36000000,
        "netIncome": 52400000,
        "netIncomeRatio": 0.0561448623,
        "eps": 0.85,
        "epsdiluted": 0.8,
        "weightedAverageShsOut": 61375562,
        "weightedAverageShsOutDil": 65467266,
        "link": null,
        "finalLink": null
    },
    {
        "date": "1992-08-31",
        "symbol": "THC",
        "reportedCurrency": "USD",
        "cik": "0000070318",
        "fillingDate": "1992-08-31",
        "acceptedDate": "1992-08-31 00:00:00",
        "calendarYear": "1992",
        "period": "Q3",
        "revenue": 941500000,
        "costOfRevenue": 792000000,
        "grossProfit": 149500000,
        "grossProfitRatio": 0.1587891662,
        "researchAndDevelopmentExpenses": 0,
        "generalAndAdministrativeExpenses": 0,
        "sellingAndMarketingExpenses": 0,
        "sellingGeneralAndAdministrativeExpenses": 0,
        "otherExpenses": 49200000,
        "operatingExpenses": 49200000,
        "costAndExpenses": 841200000,
        "interestIncome": 0,
        "interestExpense": 10800000,
        "depreciationAndAmortization": 49200000,
        "ebitda": 149500000,
        "ebitdaratio": 0.1587891662,
        "operatingIncome": 100300000,
        "operatingIncomeRatio": 0.1065321296,
        "totalOtherIncomeExpensesNet": -15700000,
        "incomeBeforeTax": 84600000,
        "incomeBeforeTaxRatio": 0.0898566118,
        "incomeTaxExpense": 34000000,
        "netIncome": 50600000,
        "netIncomeRatio": 0.0537440255,
        "eps": 0.8,
        "epsdiluted": 0.77,
        "weightedAverageShsOut": 63218391,
        "weightedAverageShsOutDil": 65398335,
        "link": null,
        "finalLink": null
    },
    {
        "date": "1992-05-31",
        "symbol": "THC",
        "reportedCurrency": "USD",
        "cik": "0000070318",
        "fillingDate": "1992-05-31",
        "acceptedDate": "1992-05-31 00:00:00",
        "calendarYear": "1992",
        "period": "Q2",
        "revenue": 1002900000,
        "costOfRevenue": 804400000,
        "grossProfit": 198500000,
        "grossProfitRatio": 0.1979260146,
        "researchAndDevelopmentExpenses": 0,
        "generalAndAdministrativeExpenses": 0,
        "sellingAndMarketingExpenses": 0,
        "sellingGeneralAndAdministrativeExpenses": 0,
        "otherExpenses": 50900000,
        "operatingExpenses": 50900000,
        "costAndExpenses": 855300000,
        "interestIncome": 0,
        "interestExpense": 473100000,
        "depreciationAndAmortization": 50900000,
        "ebitda": 198500000,
        "ebitdaratio": 0.1979260146,
        "operatingIncome": 147600000,
        "operatingIncomeRatio": 0.1471731977,
        "totalOtherIncomeExpensesNet": -233400000,
        "incomeBeforeTax": -85800000,
        "incomeBeforeTaxRatio": -0.0855518995,
        "incomeTaxExpense": -32000000,
        "netIncome": -82800000,
        "netIncomeRatio": -0.0825605743,
        "eps": 0,
        "epsdiluted": 0,
        "weightedAverageShsOut": 63218391,
        "weightedAverageShsOutDil": 65398335,
        "link": null,
        "finalLink": null
    },
    {
        "date": "1992-02-29",
        "symbol": "THC",
        "reportedCurrency": "USD",
        "cik": "0000070318",
        "fillingDate": "1992-02-29",
        "acceptedDate": "1992-02-29 00:00:00",
        "calendarYear": "1992",
        "period": "Q1",
        "revenue": 971400000,
        "costOfRevenue": 831100000,
        "grossProfit": 140300000,
        "grossProfitRatio": 0.1444307186,
        "researchAndDevelopmentExpenses": 0,
        "generalAndAdministrativeExpenses": 0,
        "sellingAndMarketingExpenses": 0,
        "sellingGeneralAndAdministrativeExpenses": 0,
        "otherExpenses": 49900000,
        "operatingExpenses": 49900000,
        "costAndExpenses": 881000000,
        "interestIncome": 0,
        "interestExpense": 7900000,
        "depreciationAndAmortization": 49900000,
        "ebitda": 140300000,
        "ebitdaratio": 0.1444307186,
        "operatingIncome": 90400000,
        "operatingIncomeRatio": 0.0930615606,
        "totalOtherIncomeExpensesNet": -14900000,
        "incomeBeforeTax": 75500000,
        "incomeBeforeTaxRatio": 0.0777228742,
        "incomeTaxExpense": 31000000,
        "netIncome": 44500000,
        "netIncomeRatio": 0.0458101709,
        "eps": 0.69,
        "epsdiluted": 0.67,
        "weightedAverageShsOut": 64150617,
        "weightedAverageShsOutDil": 66716642,
        "link": null,
        "finalLink": null
    },
    {
        "date": "1991-11-30",
        "symbol": "THC",
        "reportedCurrency": "USD",
        "cik": "0000070318",
        "fillingDate": "1991-11-30",
        "acceptedDate": "1991-11-30 00:00:00",
        "calendarYear": "1991",
        "period": "Q4",
        "revenue": 1023200000,
        "costOfRevenue": 840900000,
        "grossProfit": 182300000,
        "grossProfitRatio": 0.1781665364,
        "researchAndDevelopmentExpenses": 0,
        "generalAndAdministrativeExpenses": 0,
        "sellingAndMarketingExpenses": 0,
        "sellingGeneralAndAdministrativeExpenses": 0,
        "otherExpenses": 47900000,
        "operatingExpenses": 47900000,
        "costAndExpenses": 888800000,
        "interestIncome": 0,
        "interestExpense": 6500000,
        "depreciationAndAmortization": 48000000,
        "ebitda": 182400000,
        "ebitdaratio": 0.178264269,
        "operatingIncome": 134400000,
        "operatingIncomeRatio": 0.1313526192,
        "totalOtherIncomeExpensesNet": -14800000,
        "incomeBeforeTax": 119600000,
        "incomeBeforeTaxRatio": 0.1168881939,
        "incomeTaxExpense": 49000000,
        "netIncome": 70600000,
        "netIncomeRatio": 0.0689992181,
        "eps": 1.09,
        "epsdiluted": 1.01,
        "weightedAverageShsOut": 64540900,
        "weightedAverageShsOutDil": 69636235,
        "link": null,
        "finalLink": null
    },
    {
        "date": "1991-08-31",
        "symbol": "THC",
        "reportedCurrency": "USD",
        "cik": "0000070318",
        "fillingDate": "1991-08-31",
        "acceptedDate": "1991-08-31 00:00:00",
        "calendarYear": "1991",
        "period": "Q3",
        "revenue": 984500000,
        "costOfRevenue": 799600000,
        "grossProfit": 184900000,
        "grossProfitRatio": 0.1878110716,
        "researchAndDevelopmentExpenses": 0,
        "generalAndAdministrativeExpenses": 0,
        "sellingAndMarketingExpenses": 0,
        "sellingGeneralAndAdministrativeExpenses": 0,
        "otherExpenses": 47200000,
        "operatingExpenses": 47200000,
        "costAndExpenses": 846800000,
        "interestIncome": 0,
        "interestExpense": 9700000,
        "depreciationAndAmortization": 47200000,
        "ebitda": 184900000,
        "ebitdaratio": 0.1878110716,
        "operatingIncome": 137700000,
        "operatingIncomeRatio": 0.1398679533,
        "totalOtherIncomeExpensesNet": -17100000,
        "incomeBeforeTax": 120600000,
        "incomeBeforeTaxRatio": 0.1224987303,
        "incomeTaxExpense": 49000000,
        "netIncome": 71600000,
        "netIncomeRatio": 0.0727272727,
        "eps": 1.09,
        "epsdiluted": 1.01,
        "weightedAverageShsOut": 65455077,
        "weightedAverageShsOutDil": 70622583,
        "link": null,
        "finalLink": null
    },
    {
        "date": "1991-05-31",
        "symbol": "THC",
        "reportedCurrency": "USD",
        "cik": "0000070318",
        "fillingDate": "1991-05-31",
        "acceptedDate": "1991-05-31 00:00:00",
        "calendarYear": "1991",
        "period": "Q2",
        "revenue": 1009300000,
        "costOfRevenue": 803300000,
        "grossProfit": 206000000,
        "grossProfitRatio": 0.2041018528,
        "researchAndDevelopmentExpenses": 0,
        "generalAndAdministrativeExpenses": 0,
        "sellingAndMarketingExpenses": 0,
        "sellingGeneralAndAdministrativeExpenses": 0,
        "otherExpenses": 45000000,
        "operatingExpenses": 45000000,
        "costAndExpenses": 848300000,
        "interestIncome": 0,
        "interestExpense": 14800000,
        "depreciationAndAmortization": 45000000,
        "ebitda": 206000000,
        "ebitdaratio": 0.2041018528,
        "operatingIncome": 161000000,
        "operatingIncomeRatio": 0.1595164966,
        "totalOtherIncomeExpensesNet": -23100000,
        "incomeBeforeTax": 137900000,
        "incomeBeforeTaxRatio": 0.1366293471,
        "incomeTaxExpense": 59000000,
        "netIncome": 78900000,
        "netIncomeRatio": 0.0781729912,
        "eps": 0,
        "epsdiluted": 0,
        "weightedAverageShsOut": 65455077,
        "weightedAverageShsOutDil": 70622583,
        "link": null,
        "finalLink": null
    },
    {
        "date": "1991-02-28",
        "symbol": "THC",
        "reportedCurrency": "USD",
        "cik": "0000070318",
        "fillingDate": "1991-02-28",
        "acceptedDate": "1991-02-28 00:00:00",
        "calendarYear": "1991",
        "period": "Q1",
        "revenue": 955700000,
        "costOfRevenue": 766100000,
        "grossProfit": 189600000,
        "grossProfitRatio": 0.1983886157,
        "researchAndDevelopmentExpenses": 0,
        "generalAndAdministrativeExpenses": 0,
        "sellingAndMarketingExpenses": 0,
        "sellingGeneralAndAdministrativeExpenses": 0,
        "otherExpenses": 44400000,
        "operatingExpenses": 44400000,
        "costAndExpenses": 810500000,
        "interestIncome": 0,
        "interestExpense": 18600000,
        "depreciationAndAmortization": 44400000,
        "ebitda": 189600000,
        "ebitdaratio": 0.1983886157,
        "operatingIncome": 145200000,
        "operatingIncomeRatio": 0.1519305221,
        "totalOtherIncomeExpensesNet": -25000000,
        "incomeBeforeTax": 120200000,
        "incomeBeforeTaxRatio": 0.1257716857,
        "incomeTaxExpense": 49000000,
        "netIncome": 71200000,
        "netIncomeRatio": 0.0745003662,
        "eps": 1.2,
        "epsdiluted": 1.04,
        "weightedAverageShsOut": 59303681,
        "weightedAverageShsOutDil": 68427325,
        "link": null,
        "finalLink": null
    },
    {
        "date": "1990-11-30",
        "symbol": "THC",
        "reportedCurrency": "USD",
        "cik": "0000070318",
        "fillingDate": "1990-11-30",
        "acceptedDate": "1990-11-30 00:00:00",
        "calendarYear": "1990",
        "period": "Q4",
        "revenue": 946300000,
        "costOfRevenue": 767000000,
        "grossProfit": 179300000,
        "grossProfitRatio": 0.1894747966,
        "researchAndDevelopmentExpenses": 0,
        "generalAndAdministrativeExpenses": 0,
        "sellingAndMarketingExpenses": 0,
        "sellingGeneralAndAdministrativeExpenses": 0,
        "otherExpenses": 41500000,
        "operatingExpenses": 41500000,
        "costAndExpenses": 808500000,
        "interestIncome": 0,
        "interestExpense": 16300000,
        "depreciationAndAmortization": 41400000,
        "ebitda": 179300000,
        "ebitdaratio": 0.1894747966,
        "operatingIncome": 137800000,
        "operatingIncomeRatio": 0.1456197823,
        "totalOtherIncomeExpensesNet": -24000000,
        "incomeBeforeTax": 113800000,
        "incomeBeforeTaxRatio": 0.1202578463,
        "incomeTaxExpense": 46500000,
        "netIncome": 67300000,
        "netIncomeRatio": 0.0711190954,
        "eps": 1.12,
        "epsdiluted": 0.99,
        "weightedAverageShsOut": 60059256,
        "weightedAverageShsOutDil": 68175372,
        "link": null,
        "finalLink": null
    },
    {
        "date": "1990-08-31",
        "symbol": "THC",
        "reportedCurrency": "USD",
        "cik": "0000070318",
        "fillingDate": "1990-08-31",
        "acceptedDate": "1990-08-31 00:00:00",
        "calendarYear": "1990",
        "period": "Q3",
        "revenue": 894800000,
        "costOfRevenue": 728600000,
        "grossProfit": 166200000,
        "grossProfitRatio": 0.1857398301,
        "researchAndDevelopmentExpenses": 0,
        "generalAndAdministrativeExpenses": 0,
        "sellingAndMarketingExpenses": 0,
        "sellingGeneralAndAdministrativeExpenses": 0,
        "otherExpenses": 41200000,
        "operatingExpenses": 41200000,
        "costAndExpenses": 769800000,
        "interestIncome": 0,
        "interestExpense": 17400000,
        "depreciationAndAmortization": 41200000,
        "ebitda": 166200000,
        "ebitdaratio": 0.1857398301,
        "operatingIncome": 125000000,
        "operatingIncomeRatio": 0.1396960215,
        "totalOtherIncomeExpensesNet": -24800000,
        "incomeBeforeTax": 100200000,
        "incomeBeforeTaxRatio": 0.1119803308,
        "incomeTaxExpense": 40500000,
        "netIncome": 59700000,
        "netIncomeRatio": 0.0667188198,
        "eps": 1.01,
        "epsdiluted": 0.91,
        "weightedAverageShsOut": 58885031,
        "weightedAverageShsOutDil": 65812682,
        "link": null,
        "finalLink": null
    },
    {
        "date": "1990-05-31",
        "symbol": "THC",
        "reportedCurrency": "USD",
        "cik": "0000070318",
        "fillingDate": "1990-05-31",
        "acceptedDate": "1990-05-31 00:00:00",
        "calendarYear": "1990",
        "period": "Q2",
        "revenue": 888400000,
        "costOfRevenue": 700600000,
        "grossProfit": 187800000,
        "grossProfitRatio": 0.2113912652,
        "researchAndDevelopmentExpenses": 0,
        "generalAndAdministrativeExpenses": 0,
        "sellingAndMarketingExpenses": 0,
        "sellingGeneralAndAdministrativeExpenses": 0,
        "otherExpenses": 41600000,
        "operatingExpenses": 41600000,
        "costAndExpenses": 742200000,
        "interestIncome": 0,
        "interestExpense": 19300000,
        "depreciationAndAmortization": 41600000,
        "ebitda": 187800000,
        "ebitdaratio": 0.2113912652,
        "operatingIncome": 146200000,
        "operatingIncomeRatio": 0.164565511,
        "totalOtherIncomeExpensesNet": -26400000,
        "incomeBeforeTax": 119800000,
        "incomeBeforeTaxRatio": 0.134849167,
        "incomeTaxExpense": 50000000,
        "netIncome": 69800000,
        "netIncomeRatio": 0.0785682125,
        "eps": 0,
        "epsdiluted": 0,
        "weightedAverageShsOut": 58885031,
        "weightedAverageShsOutDil": 65812682,
        "link": null,
        "finalLink": null
    },
    {
        "date": "1990-02-28",
        "symbol": "THC",
        "reportedCurrency": "USD",
        "cik": "0000070318",
        "fillingDate": "1990-02-28",
        "acceptedDate": "1990-02-28 00:00:00",
        "calendarYear": "1990",
        "period": "Q1",
        "revenue": 1012300000,
        "costOfRevenue": 841000000,
        "grossProfit": 171300000,
        "grossProfitRatio": 0.1692186111,
        "researchAndDevelopmentExpenses": 0,
        "generalAndAdministrativeExpenses": 0,
        "sellingAndMarketingExpenses": 0,
        "sellingGeneralAndAdministrativeExpenses": 0,
        "otherExpenses": 42300000,
        "operatingExpenses": 42300000,
        "costAndExpenses": 883300000,
        "interestIncome": 0,
        "interestExpense": 17300000,
        "depreciationAndAmortization": 42300000,
        "ebitda": 171300000,
        "ebitdaratio": 0.1692186111,
        "operatingIncome": 129000000,
        "operatingIncomeRatio": 0.1274325793,
        "totalOtherIncomeExpensesNet": -24700000,
        "incomeBeforeTax": 104300000,
        "incomeBeforeTaxRatio": 0.1030326978,
        "incomeTaxExpense": 41500000,
        "netIncome": 62800000,
        "netIncomeRatio": 0.0620369456,
        "eps": 1.04,
        "epsdiluted": 0.91,
        "weightedAverageShsOut": 60354438,
        "weightedAverageShsOutDil": 69230091,
        "link": null,
        "finalLink": null
    },
    {
        "date": "1989-11-30",
        "symbol": "THC",
        "reportedCurrency": "USD",
        "cik": "0000070318",
        "fillingDate": "1989-11-30",
        "acceptedDate": "1989-11-30 00:00:00",
        "calendarYear": "1989",
        "period": "Q4",
        "revenue": 1037900000,
        "costOfRevenue": 869300000,
        "grossProfit": 168600000,
        "grossProfitRatio": 0.1624433953,
        "researchAndDevelopmentExpenses": 0,
        "generalAndAdministrativeExpenses": 0,
        "sellingAndMarketingExpenses": 0,
        "sellingGeneralAndAdministrativeExpenses": 0,
        "otherExpenses": 43300000,
        "operatingExpenses": 43300000,
        "costAndExpenses": 912600000,
        "interestIncome": 0,
        "interestExpense": 18800000,
        "depreciationAndAmortization": 43300000,
        "ebitda": 168600000,
        "ebitdaratio": 0.1624433953,
        "operatingIncome": 125300000,
        "operatingIncomeRatio": 0.1207245399,
        "totalOtherIncomeExpensesNet": -26900000,
        "incomeBeforeTax": 98400000,
        "incomeBeforeTaxRatio": 0.0948068215,
        "incomeTaxExpense": 39000000,
        "netIncome": 59400000,
        "netIncomeRatio": 0.0572309471,
        "eps": 0.99,
        "epsdiluted": 0.88,
        "weightedAverageShsOut": 60172616,
        "weightedAverageShsOutDil": 67466267,
        "link": null,
        "finalLink": null
    },
    {
        "date": "1989-08-31",
        "symbol": "THC",
        "reportedCurrency": "USD",
        "cik": "0000070318",
        "fillingDate": "1989-08-31",
        "acceptedDate": "1989-08-31 00:00:00",
        "calendarYear": "1989",
        "period": "Q3",
        "revenue": 996300000,
        "costOfRevenue": 841100000,
        "grossProfit": 155200000,
        "grossProfitRatio": 0.1557763726,
        "researchAndDevelopmentExpenses": 0,
        "generalAndAdministrativeExpenses": 0,
        "sellingAndMarketingExpenses": 0,
        "sellingGeneralAndAdministrativeExpenses": 0,
        "otherExpenses": 42800000,
        "operatingExpenses": 42800000,
        "costAndExpenses": 883900000,
        "interestIncome": 0,
        "interestExpense": 22500000,
        "depreciationAndAmortization": 42800000,
        "ebitda": 155200000,
        "ebitdaratio": 0.1557763726,
        "operatingIncome": 112400000,
        "operatingIncomeRatio": 0.1128174245,
        "totalOtherIncomeExpensesNet": -29900000,
        "incomeBeforeTax": 82500000,
        "incomeBeforeTaxRatio": 0.0828063836,
        "incomeTaxExpense": 32500000,
        "netIncome": 50000000,
        "netIncomeRatio": 0.050185687,
        "eps": 0.88,
        "epsdiluted": 0.77,
        "weightedAverageShsOut": 56789787,
        "weightedAverageShsOutDil": 64622861,
        "link": null,
        "finalLink": null
    },
    {
        "date": "1989-05-31",
        "symbol": "THC",
        "reportedCurrency": "USD",
        "cik": "0000070318",
        "fillingDate": "1989-05-31",
        "acceptedDate": "1989-05-31 00:00:00",
        "calendarYear": "1989",
        "period": "Q2",
        "revenue": 989700000,
        "costOfRevenue": 0,
        "grossProfit": 0,
        "grossProfitRatio": 0,
        "researchAndDevelopmentExpenses": 0,
        "generalAndAdministrativeExpenses": 0,
        "sellingAndMarketingExpenses": 0,
        "sellingGeneralAndAdministrativeExpenses": 0,
        "otherExpenses": 0,
        "operatingExpenses": 0,
        "costAndExpenses": 0,
        "interestIncome": 0,
        "interestExpense": 0,
        "depreciationAndAmortization": 0,
        "ebitda": -2260300000,
        "ebitdaratio": -2.2838233808,
        "operatingIncome": -2260300000,
        "operatingIncomeRatio": -2.2838233808,
        "totalOtherIncomeExpensesNet": 2260300000,
        "incomeBeforeTax": 0,
        "incomeBeforeTaxRatio": 0,
        "incomeTaxExpense": 0,
        "netIncome": 0,
        "netIncomeRatio": 0,
        "eps": 0,
        "epsdiluted": 0,
        "weightedAverageShsOut": 56789787,
        "weightedAverageShsOutDil": 64622861,
        "link": null,
        "finalLink": null
    },
    {
        "date": "1989-02-28",
        "symbol": "THC",
        "reportedCurrency": "USD",
        "cik": "0000070318",
        "fillingDate": "1989-02-28",
        "acceptedDate": "1989-02-28 00:00:00",
        "calendarYear": "1989",
        "period": "Q1",
        "revenue": 939100000,
        "costOfRevenue": 0,
        "grossProfit": 0,
        "grossProfitRatio": 0,
        "researchAndDevelopmentExpenses": 0,
        "generalAndAdministrativeExpenses": 0,
        "sellingAndMarketingExpenses": 0,
        "sellingGeneralAndAdministrativeExpenses": 0,
        "otherExpenses": 0,
        "operatingExpenses": 0,
        "costAndExpenses": 0,
        "interestIncome": 0,
        "interestExpense": 0,
        "depreciationAndAmortization": 0,
        "ebitda": 939100000,
        "ebitdaratio": 1,
        "operatingIncome": 939100000,
        "operatingIncomeRatio": 1,
        "totalOtherIncomeExpensesNet": -939100000,
        "incomeBeforeTax": 0,
        "incomeBeforeTaxRatio": 0,
        "incomeTaxExpense": 0,
        "netIncome": 0,
        "netIncomeRatio": 0,
        "eps": 0.91,
        "epsdiluted": 0.8,
        "weightedAverageShsOut": 55087706,
        "weightedAverageShsOutDil": 55087706,
        "link": null,
        "finalLink": null
    },
    {
        "date": "1988-11-30",
        "symbol": "THC",
        "reportedCurrency": "USD",
        "cik": "0000070318",
        "fillingDate": "1988-11-30",
        "acceptedDate": "1988-11-30 00:00:00",
        "calendarYear": "1988",
        "period": "Q4",
        "revenue": 894600000,
        "costOfRevenue": 0,
        "grossProfit": 0,
        "grossProfitRatio": 0,
        "researchAndDevelopmentExpenses": 0,
        "generalAndAdministrativeExpenses": 0,
        "sellingAndMarketingExpenses": 0,
        "sellingGeneralAndAdministrativeExpenses": 0,
        "otherExpenses": 0,
        "operatingExpenses": 0,
        "costAndExpenses": 0,
        "interestIncome": 0,
        "interestExpense": 0,
        "depreciationAndAmortization": 0,
        "ebitda": 894600000,
        "ebitdaratio": 1,
        "operatingIncome": 894600000,
        "operatingIncomeRatio": 1,
        "totalOtherIncomeExpensesNet": -894600000,
        "incomeBeforeTax": 0,
        "incomeBeforeTaxRatio": 0,
        "incomeTaxExpense": 0,
        "netIncome": 0,
        "netIncomeRatio": 0,
        "eps": 0.85,
        "epsdiluted": 0.77,
        "weightedAverageShsOut": 55083958,
        "weightedAverageShsOutDil": 55083958,
        "link": null,
        "finalLink": null
    },
    {
        "date": "1988-08-31",
        "symbol": "THC",
        "reportedCurrency": "USD",
        "cik": "0000070318",
        "fillingDate": "1988-08-31",
        "acceptedDate": "1988-08-31 00:00:00",
        "calendarYear": "1988",
        "period": "Q3",
        "revenue": 852600000,
        "costOfRevenue": 0,
        "grossProfit": 0,
        "grossProfitRatio": 0,
        "researchAndDevelopmentExpenses": 0,
        "generalAndAdministrativeExpenses": 0,
        "sellingAndMarketingExpenses": 0,
        "sellingGeneralAndAdministrativeExpenses": 0,
        "otherExpenses": 0,
        "operatingExpenses": 0,
        "costAndExpenses": 0,
        "interestIncome": 0,
        "interestExpense": 0,
        "depreciationAndAmortization": 0,
        "ebitda": 852600000,
        "ebitdaratio": 1,
        "operatingIncome": 852600000,
        "operatingIncomeRatio": 1,
        "totalOtherIncomeExpensesNet": -852600000,
        "incomeBeforeTax": 0,
        "incomeBeforeTaxRatio": 0,
        "incomeTaxExpense": 0,
        "netIncome": 0,
        "netIncomeRatio": 0,
        "eps": 0.75,
        "epsdiluted": 0.69,
        "weightedAverageShsOut": 56171664,
        "weightedAverageShsOutDil": 56171664,
        "link": null,
        "finalLink": null
    },
    {
        "date": "1988-05-31",
        "symbol": "THC",
        "reportedCurrency": "USD",
        "cik": "0000070318",
        "fillingDate": "1988-05-31",
        "acceptedDate": "1988-05-31 00:00:00",
        "calendarYear": "1988",
        "period": "Q2",
        "revenue": 868600000,
        "costOfRevenue": 0,
        "grossProfit": 0,
        "grossProfitRatio": 0,
        "researchAndDevelopmentExpenses": 0,
        "generalAndAdministrativeExpenses": 0,
        "sellingAndMarketingExpenses": 0,
        "sellingGeneralAndAdministrativeExpenses": 0,
        "otherExpenses": 0,
        "operatingExpenses": 0,
        "costAndExpenses": 0,
        "interestIncome": 0,
        "interestExpense": 0,
        "depreciationAndAmortization": 0,
        "ebitda": -1950400000,
        "ebitdaratio": -2.2454524522,
        "operatingIncome": -1950400000,
        "operatingIncomeRatio": -2.2454524522,
        "totalOtherIncomeExpensesNet": 1950400000,
        "incomeBeforeTax": 0,
        "incomeBeforeTaxRatio": 0,
        "incomeTaxExpense": 0,
        "netIncome": 0,
        "netIncomeRatio": 0,
        "eps": 0,
        "epsdiluted": 0,
        "weightedAverageShsOut": 55007496,
        "weightedAverageShsOutDil": 56171664,
        "link": null,
        "finalLink": null
    },
    {
        "date": "1988-02-29",
        "symbol": "THC",
        "reportedCurrency": "USD",
        "cik": "0000070318",
        "fillingDate": "1988-02-29",
        "acceptedDate": "1988-02-29 00:00:00",
        "calendarYear": "1988",
        "period": "Q1",
        "revenue": 817000000,
        "costOfRevenue": 0,
        "grossProfit": 0,
        "grossProfitRatio": 0,
        "researchAndDevelopmentExpenses": 0,
        "generalAndAdministrativeExpenses": 0,
        "sellingAndMarketingExpenses": 0,
        "sellingGeneralAndAdministrativeExpenses": 0,
        "otherExpenses": 0,
        "operatingExpenses": 0,
        "costAndExpenses": 0,
        "interestIncome": 0,
        "interestExpense": 0,
        "depreciationAndAmortization": 0,
        "ebitda": 817000000,
        "ebitdaratio": 1,
        "operatingIncome": 817000000,
        "operatingIncomeRatio": 1,
        "totalOtherIncomeExpensesNet": -817000000,
        "incomeBeforeTax": 0,
        "incomeBeforeTaxRatio": 0,
        "incomeTaxExpense": 0,
        "netIncome": 0,
        "netIncomeRatio": 0,
        "eps": 0.8,
        "epsdiluted": 0.72,
        "weightedAverageShsOut": 56171664,
        "weightedAverageShsOutDil": 56171664,
        "link": null,
        "finalLink": null
    },
    {
        "date": "1987-11-30",
        "symbol": "THC",
        "reportedCurrency": "USD",
        "cik": "0000070318",
        "fillingDate": "1987-11-30",
        "acceptedDate": "1987-11-30 00:00:00",
        "calendarYear": "1987",
        "period": "Q4",
        "revenue": 760600000,
        "costOfRevenue": 0,
        "grossProfit": 0,
        "grossProfitRatio": 0,
        "researchAndDevelopmentExpenses": 0,
        "generalAndAdministrativeExpenses": 0,
        "sellingAndMarketingExpenses": 0,
        "sellingGeneralAndAdministrativeExpenses": 0,
        "otherExpenses": 0,
        "operatingExpenses": 0,
        "costAndExpenses": 0,
        "interestIncome": 0,
        "interestExpense": 0,
        "depreciationAndAmortization": 0,
        "ebitda": 760600000,
        "ebitdaratio": 1,
        "operatingIncome": 760600000,
        "operatingIncomeRatio": 1,
        "totalOtherIncomeExpensesNet": -760600000,
        "incomeBeforeTax": 0,
        "incomeBeforeTaxRatio": 0,
        "incomeTaxExpense": 0,
        "netIncome": 0,
        "netIncomeRatio": 0,
        "eps": 0.77,
        "epsdiluted": 0.72,
        "weightedAverageShsOut": 56216641,
        "weightedAverageShsOutDil": 56216641,
        "link": null,
        "finalLink": null
    },
    {
        "date": "1987-08-31",
        "symbol": "THC",
        "reportedCurrency": "USD",
        "cik": "0000070318",
        "fillingDate": "1987-08-31",
        "acceptedDate": "1987-08-31 00:00:00",
        "calendarYear": "1987",
        "period": "Q3",
        "revenue": 746800000,
        "costOfRevenue": 0,
        "grossProfit": 0,
        "grossProfitRatio": 0,
        "researchAndDevelopmentExpenses": 0,
        "generalAndAdministrativeExpenses": 0,
        "sellingAndMarketingExpenses": 0,
        "sellingGeneralAndAdministrativeExpenses": 0,
        "otherExpenses": 0,
        "operatingExpenses": 0,
        "costAndExpenses": 0,
        "interestIncome": 0,
        "interestExpense": 0,
        "depreciationAndAmortization": 0,
        "ebitda": 746800000,
        "ebitdaratio": 1,
        "operatingIncome": 746800000,
        "operatingIncomeRatio": 1,
        "totalOtherIncomeExpensesNet": -746800000,
        "incomeBeforeTax": 0,
        "incomeBeforeTaxRatio": 0,
        "incomeTaxExpense": 0,
        "netIncome": 0,
        "netIncomeRatio": 0,
        "eps": 0.72,
        "epsdiluted": 0.67,
        "weightedAverageShsOut": 55550974,
        "weightedAverageShsOutDil": 55550974,
        "link": null,
        "finalLink": null
    },
    {
        "date": "1987-05-31",
        "symbol": "THC",
        "reportedCurrency": "USD",
        "cik": "0000070318",
        "fillingDate": "1987-05-31",
        "acceptedDate": "1987-05-31 00:00:00",
        "calendarYear": "1987",
        "period": "Q2",
        "revenue": 384400000,
        "costOfRevenue": 0,
        "grossProfit": 0,
        "grossProfitRatio": 0,
        "researchAndDevelopmentExpenses": 0,
        "generalAndAdministrativeExpenses": 0,
        "sellingAndMarketingExpenses": 0,
        "sellingGeneralAndAdministrativeExpenses": 0,
        "otherExpenses": 0,
        "operatingExpenses": 0,
        "costAndExpenses": 0,
        "interestIncome": 0,
        "interestExpense": 0,
        "depreciationAndAmortization": 0,
        "ebitda": -2120600000,
        "ebitdaratio": -5.5166493236,
        "operatingIncome": -2120600000,
        "operatingIncomeRatio": -5.5166493236,
        "totalOtherIncomeExpensesNet": 2120600000,
        "incomeBeforeTax": 0,
        "incomeBeforeTaxRatio": 0,
        "incomeTaxExpense": 0,
        "netIncome": 0,
        "netIncomeRatio": 0,
        "eps": 0,
        "epsdiluted": 0,
        "weightedAverageShsOut": 55550974,
        "weightedAverageShsOutDil": 55550974,
        "link": null,
        "finalLink": null
    },
    {
        "date": "1987-02-28",
        "symbol": "THC",
        "reportedCurrency": "USD",
        "cik": "0000070318",
        "fillingDate": "1987-02-28",
        "acceptedDate": "1987-02-28 00:00:00",
        "calendarYear": "1987",
        "period": "Q1",
        "revenue": 823300000,
        "costOfRevenue": 0,
        "grossProfit": 0,
        "grossProfitRatio": 0,
        "researchAndDevelopmentExpenses": 0,
        "generalAndAdministrativeExpenses": 0,
        "sellingAndMarketingExpenses": 0,
        "sellingGeneralAndAdministrativeExpenses": 0,
        "otherExpenses": 0,
        "operatingExpenses": 0,
        "costAndExpenses": 0,
        "interestIncome": 0,
        "interestExpense": 0,
        "depreciationAndAmortization": 0,
        "ebitda": 823300000,
        "ebitdaratio": 1,
        "operatingIncome": 823300000,
        "operatingIncomeRatio": 1,
        "totalOtherIncomeExpensesNet": -823300000,
        "incomeBeforeTax": 0,
        "incomeBeforeTaxRatio": 0,
        "incomeTaxExpense": 0,
        "netIncome": 0,
        "netIncomeRatio": 0,
        "eps": 0.61,
        "epsdiluted": 0.59,
        "weightedAverageShsOut": 56016491,
        "weightedAverageShsOutDil": 56016491,
        "link": null,
        "finalLink": null
    },
    {
        "date": "1986-11-30",
        "symbol": "THC",
        "reportedCurrency": "USD",
        "cik": "0000070318",
        "fillingDate": "1986-11-30",
        "acceptedDate": "1986-11-30 00:00:00",
        "calendarYear": "1986",
        "period": "Q4",
        "revenue": 1010100000,
        "costOfRevenue": 0,
        "grossProfit": 0,
        "grossProfitRatio": 0,
        "researchAndDevelopmentExpenses": 0,
        "generalAndAdministrativeExpenses": 0,
        "sellingAndMarketingExpenses": 0,
        "sellingGeneralAndAdministrativeExpenses": 0,
        "otherExpenses": 0,
        "operatingExpenses": 0,
        "costAndExpenses": 0,
        "interestIncome": 0,
        "interestExpense": 0,
        "depreciationAndAmortization": 0,
        "ebitda": 1010100000,
        "ebitdaratio": 1,
        "operatingIncome": 1010100000,
        "operatingIncomeRatio": 1,
        "totalOtherIncomeExpensesNet": -1010100000,
        "incomeBeforeTax": 0,
        "incomeBeforeTaxRatio": 0,
        "incomeTaxExpense": 0,
        "netIncome": 0,
        "netIncomeRatio": 0,
        "eps": 0.51,
        "epsdiluted": 0.51,
        "weightedAverageShsOut": 57335082,
        "weightedAverageShsOutDil": 57335082,
        "link": null,
        "finalLink": null
    },
    {
        "date": "1986-08-31",
        "symbol": "THC",
        "reportedCurrency": "USD",
        "cik": "0000070318",
        "fillingDate": "1986-08-31",
        "acceptedDate": "1986-08-31 00:00:00",
        "calendarYear": "1986",
        "period": "Q3",
        "revenue": 1003800000,
        "costOfRevenue": 0,
        "grossProfit": 0,
        "grossProfitRatio": 0,
        "researchAndDevelopmentExpenses": 0,
        "generalAndAdministrativeExpenses": 0,
        "sellingAndMarketingExpenses": 0,
        "sellingGeneralAndAdministrativeExpenses": 0,
        "otherExpenses": 0,
        "operatingExpenses": 0,
        "costAndExpenses": 0,
        "interestIncome": 0,
        "interestExpense": 0,
        "depreciationAndAmortization": 0,
        "ebitda": 1003800000,
        "ebitdaratio": 1,
        "operatingIncome": 1003800000,
        "operatingIncomeRatio": 1,
        "totalOtherIncomeExpensesNet": -1003800000,
        "incomeBeforeTax": 0,
        "incomeBeforeTaxRatio": 0,
        "incomeTaxExpense": 0,
        "netIncome": 0,
        "netIncomeRatio": 0,
        "eps": 0.61,
        "epsdiluted": 0.59,
        "weightedAverageShsOut": 58939280,
        "weightedAverageShsOutDil": 58939280,
        "link": null,
        "finalLink": null
    },
    {
        "date": "1986-05-31",
        "symbol": "THC",
        "reportedCurrency": "USD",
        "cik": "0000070318",
        "fillingDate": "1986-05-31",
        "acceptedDate": "1986-05-31 00:00:00",
        "calendarYear": "1986",
        "period": "Q2",
        "revenue": 984200000,
        "costOfRevenue": 0,
        "grossProfit": 0,
        "grossProfitRatio": 0,
        "researchAndDevelopmentExpenses": 0,
        "generalAndAdministrativeExpenses": 0,
        "sellingAndMarketingExpenses": 0,
        "sellingGeneralAndAdministrativeExpenses": 0,
        "otherExpenses": 0,
        "operatingExpenses": 0,
        "costAndExpenses": 0,
        "interestIncome": 0,
        "interestExpense": 0,
        "depreciationAndAmortization": 0,
        "ebitda": -2293800000,
        "ebitdaratio": -2.3306238569,
        "operatingIncome": -2293800000,
        "operatingIncomeRatio": -2.3306238569,
        "totalOtherIncomeExpensesNet": 2293800000,
        "incomeBeforeTax": 0,
        "incomeBeforeTaxRatio": 0,
        "incomeTaxExpense": 0,
        "netIncome": 0,
        "netIncomeRatio": 0,
        "eps": 0,
        "epsdiluted": 0,
        "weightedAverageShsOut": 58939280,
        "weightedAverageShsOutDil": 58939280,
        "link": null,
        "finalLink": null
    },
    {
        "date": "1986-02-28",
        "symbol": "THC",
        "reportedCurrency": "USD",
        "cik": "0000070318",
        "fillingDate": "1986-02-28",
        "acceptedDate": "1986-02-28 00:00:00",
        "calendarYear": "1986",
        "period": "Q1",
        "revenue": 933600000,
        "costOfRevenue": 0,
        "grossProfit": 0,
        "grossProfitRatio": 0,
        "researchAndDevelopmentExpenses": 0,
        "generalAndAdministrativeExpenses": 0,
        "sellingAndMarketingExpenses": 0,
        "sellingGeneralAndAdministrativeExpenses": 0,
        "otherExpenses": 0,
        "operatingExpenses": 0,
        "costAndExpenses": 0,
        "interestIncome": 0,
        "interestExpense": 0,
        "depreciationAndAmortization": 0,
        "ebitda": 933600000,
        "ebitdaratio": 1,
        "operatingIncome": 933600000,
        "operatingIncomeRatio": 1,
        "totalOtherIncomeExpensesNet": -933600000,
        "incomeBeforeTax": 0,
        "incomeBeforeTaxRatio": 0,
        "incomeTaxExpense": 0,
        "netIncome": 0,
        "netIncomeRatio": 0,
        "eps": 0.69,
        "epsdiluted": 0.67,
        "weightedAverageShsOut": 58802848,
        "weightedAverageShsOutDil": 58802848,
        "link": null,
        "finalLink": null
    },
    {
        "date": "1985-11-30",
        "symbol": "THC",
        "reportedCurrency": "USD",
        "cik": "0000070318",
        "fillingDate": "1985-11-30",
        "acceptedDate": "1985-11-30 00:00:00",
        "calendarYear": "1985",
        "period": "Q4",
        "revenue": 864400000,
        "costOfRevenue": 0,
        "grossProfit": 0,
        "grossProfitRatio": 0,
        "researchAndDevelopmentExpenses": 0,
        "generalAndAdministrativeExpenses": 0,
        "sellingAndMarketingExpenses": 0,
        "sellingGeneralAndAdministrativeExpenses": 0,
        "otherExpenses": 0,
        "operatingExpenses": 0,
        "costAndExpenses": 0,
        "interestIncome": 0,
        "interestExpense": 0,
        "depreciationAndAmortization": 0,
        "ebitda": 864400000,
        "ebitdaratio": 1,
        "operatingIncome": 864400000,
        "operatingIncomeRatio": 1,
        "totalOtherIncomeExpensesNet": -864400000,
        "incomeBeforeTax": 0,
        "incomeBeforeTaxRatio": 0,
        "incomeTaxExpense": 0,
        "netIncome": 0,
        "netIncomeRatio": 0,
        "eps": 0.67,
        "epsdiluted": 0.64,
        "weightedAverageShsOut": 58276611,
        "weightedAverageShsOutDil": 58276611,
        "link": null,
        "finalLink": null
    },
    {
        "date": "1985-08-31",
        "symbol": "THC",
        "reportedCurrency": "USD",
        "cik": "0000070318",
        "fillingDate": "1985-08-31",
        "acceptedDate": "1985-08-31 00:00:00",
        "calendarYear": "1985",
        "period": "Q3",
        "revenue": 812900000,
        "costOfRevenue": 0,
        "grossProfit": 0,
        "grossProfitRatio": 0,
        "researchAndDevelopmentExpenses": 0,
        "generalAndAdministrativeExpenses": 0,
        "sellingAndMarketingExpenses": 0,
        "sellingGeneralAndAdministrativeExpenses": 0,
        "otherExpenses": 0,
        "operatingExpenses": 0,
        "costAndExpenses": 0,
        "interestIncome": 0,
        "interestExpense": 0,
        "depreciationAndAmortization": 0,
        "ebitda": 812900000,
        "ebitdaratio": 1,
        "operatingIncome": 812900000,
        "operatingIncomeRatio": 1,
        "totalOtherIncomeExpensesNet": -812900000,
        "incomeBeforeTax": 0,
        "incomeBeforeTaxRatio": 0,
        "incomeTaxExpense": 0,
        "netIncome": 0,
        "netIncomeRatio": 0,
        "eps": 0.61,
        "epsdiluted": 0.61,
        "weightedAverageShsOut": 56823088,
        "weightedAverageShsOutDil": 56823088,
        "link": null,
        "finalLink": null
    }
]