[
    {
        "date": "2020-10-31",
        "symbol": "TIF",
        "reportedCurrency": "USD",
        "cik": "0000098246",
        "fillingDate": "2020-11-24",
        "acceptedDate": "2020-11-24 06:48:12",
        "calendarYear": "2020",
        "period": "Q3",
        "revenue": 1008200000,
        "costOfRevenue": 364700000,
        "grossProfit": 643500000,
        "grossProfitRatio": 0.638266217,
        "researchAndDevelopmentExpenses": 0,
        "generalAndAdministrativeExpenses": 478500000,
        "sellingAndMarketingExpenses": 0,
        "sellingGeneralAndAdministrativeExpenses": 478500000,
        "otherExpenses": 0,
        "operatingExpenses": 478500000,
        "costAndExpenses": 843200000,
        "interestIncome": 0,
        "interestExpense": 10700000,
        "depreciationAndAmortization": 70500000,
        "ebitda": 229800000,
        "ebitdaratio": 0.2279309661,
        "operatingIncome": 165000000,
        "operatingIncomeRatio": 0.1636580044,
        "totalOtherIncomeExpensesNet": -16400000,
        "incomeBeforeTax": 148600000,
        "incomeBeforeTaxRatio": 0.1473913906,
        "incomeTaxExpense": 29600000,
        "netIncome": 119000000,
        "netIncomeRatio": 0.1180321365,
        "eps": 0.98,
        "epsdiluted": 0.98,
        "weightedAverageShsOut": 121400000,
        "weightedAverageShsOutDil": 121700000,
        "link": "https://www.sec.gov/Archives/edgar/data/98246/000009824620000118/0000098246-20-000118-index.htm",
        "finalLink": "https://www.sec.gov/Archives/edgar/data/98246/000009824620000118/tif-20201031.htm"
    },
    {
        "date": "2020-07-31",
        "symbol": "TIF",
        "reportedCurrency": "USD",
        "cik": "0000098246",
        "fillingDate": "2020-08-27",
        "acceptedDate": "2020-08-27 06:57:33",
        "calendarYear": "2020",
        "period": "Q2",
        "revenue": 747100000,
        "costOfRevenue": 285500000,
        "grossProfit": 461600000,
        "grossProfitRatio": 0.6178557087,
        "researchAndDevelopmentExpenses": 0,
        "generalAndAdministrativeExpenses": 401900000,
        "sellingAndMarketingExpenses": 0,
        "sellingGeneralAndAdministrativeExpenses": 401900000,
        "otherExpenses": 0,
        "operatingExpenses": 401900000,
        "costAndExpenses": 687400000,
        "interestIncome": 0,
        "interestExpense": 11100000,
        "depreciationAndAmortization": 68300000,
        "ebitda": 128800000,
        "ebitdaratio": 0.1723999465,
        "operatingIncome": 59700000,
        "operatingIncomeRatio": 0.0799089814,
        "totalOtherIncomeExpensesNet": -10300000,
        "incomeBeforeTax": 49400000,
        "incomeBeforeTaxRatio": 0.0661223397,
        "incomeTaxExpense": 17500000,
        "netIncome": 31900000,
        "netIncomeRatio": 0.0426984339,
        "eps": 0.26,
        "epsdiluted": 0.26,
        "weightedAverageShsOut": 121400000,
        "weightedAverageShsOutDil": 121700000,
        "link": "https://www.sec.gov/Archives/edgar/data/98246/000009824620000110/0000098246-20-000110-index.htm",
        "finalLink": "https://www.sec.gov/Archives/edgar/data/98246/000009824620000110/tif-2020731x10q.htm"
    },
    {
        "date": "2020-04-30",
        "symbol": "TIF",
        "reportedCurrency": "USD",
        "cik": "0000098246",
        "fillingDate": "2020-06-09",
        "acceptedDate": "2020-06-09 06:34:06",
        "calendarYear": "2020",
        "period": "Q1",
        "revenue": 555500000,
        "costOfRevenue": 246500000,
        "grossProfit": 309000000,
        "grossProfitRatio": 0.5562556256,
        "researchAndDevelopmentExpenses": 0,
        "generalAndAdministrativeExpenses": 414400000,
        "sellingAndMarketingExpenses": 0,
        "sellingGeneralAndAdministrativeExpenses": 414400000,
        "otherExpenses": 0,
        "operatingExpenses": 414400000,
        "costAndExpenses": 660900000,
        "interestIncome": 0,
        "interestExpense": 9800000,
        "depreciationAndAmortization": 64700000,
        "ebitda": -15300000,
        "ebitdaratio": -0.0275427543,
        "operatingIncome": -105400000,
        "operatingIncomeRatio": -0.1897389739,
        "totalOtherIncomeExpensesNet": 15600000,
        "incomeBeforeTax": -89800000,
        "incomeBeforeTaxRatio": -0.1616561656,
        "incomeTaxExpense": -25200000,
        "netIncome": -64600000,
        "netIncomeRatio": -0.1162916292,
        "eps": -0.53,
        "epsdiluted": -0.53,
        "weightedAverageShsOut": 121200000,
        "weightedAverageShsOutDil": 121200000,
        "link": "https://www.sec.gov/Archives/edgar/data/98246/000009824620000099/0000098246-20-000099-index.htm",
        "finalLink": "https://www.sec.gov/Archives/edgar/data/98246/000009824620000099/tif-2020430x10q.htm"
    },
    {
        "date": "2020-01-31",
        "symbol": "TIF",
        "reportedCurrency": "USD",
        "cik": "0000098246",
        "fillingDate": "2020-03-20",
        "acceptedDate": "2020-03-20 06:53:32",
        "calendarYear": "2019",
        "period": "Q4",
        "revenue": 1357900000,
        "costOfRevenue": 498700000,
        "grossProfit": 859200000,
        "grossProfitRatio": 0.6327417336,
        "researchAndDevelopmentExpenses": 0,
        "generalAndAdministrativeExpenses": 590200000,
        "sellingAndMarketingExpenses": 0,
        "sellingGeneralAndAdministrativeExpenses": 590200000,
        "otherExpenses": 0,
        "operatingExpenses": 590200000,
        "costAndExpenses": 1088900000,
        "interestIncome": 0,
        "interestExpense": 9100000,
        "depreciationAndAmortization": 69800000,
        "ebitda": 337200000,
        "ebitdaratio": 0.2483246189,
        "operatingIncome": 269000000,
        "operatingIncomeRatio": 0.1981000074,
        "totalOtherIncomeExpensesNet": -10700000,
        "incomeBeforeTax": 258300000,
        "incomeBeforeTaxRatio": 0.1902201929,
        "incomeTaxExpense": 57100000,
        "netIncome": 201200000,
        "netIncomeRatio": 0.1481699683,
        "eps": 1.67,
        "epsdiluted": 1.66,
        "weightedAverageShsOut": 120400000,
        "weightedAverageShsOutDil": 121200000,
        "link": "https://www.sec.gov/Archives/edgar/data/98246/000009824620000042/0000098246-20-000042-index.html",
        "finalLink": "https://www.sec.gov/Archives/edgar/data/98246/000009824620000042/tif-2020131x10k.htm"
    },
    {
        "date": "2019-10-31",
        "symbol": "TIF",
        "reportedCurrency": "USD",
        "cik": "0000098246",
        "fillingDate": "2019-12-05",
        "acceptedDate": "2019-12-05 06:49:47",
        "calendarYear": "2019",
        "period": "Q3",
        "revenue": 1014600000,
        "costOfRevenue": 388900000,
        "grossProfit": 625700000,
        "grossProfitRatio": 0.616696235,
        "researchAndDevelopmentExpenses": 0,
        "generalAndAdministrativeExpenses": 507200000,
        "sellingAndMarketingExpenses": 0,
        "sellingGeneralAndAdministrativeExpenses": 507200000,
        "otherExpenses": 0,
        "operatingExpenses": 507200000,
        "costAndExpenses": 896100000,
        "interestIncome": 0,
        "interestExpense": 9200000,
        "depreciationAndAmortization": 64300000,
        "ebitda": 178600000,
        "ebitdaratio": 0.1760299625,
        "operatingIncome": 118500000,
        "operatingIncomeRatio": 0.116794796,
        "totalOtherIncomeExpensesNet": -13400000,
        "incomeBeforeTax": 105100000,
        "incomeBeforeTaxRatio": 0.1035876207,
        "incomeTaxExpense": 26700000,
        "netIncome": 78400000,
        "netIncomeRatio": 0.0772718313,
        "eps": 0.65,
        "epsdiluted": 0.65,
        "weightedAverageShsOut": 120300000,
        "weightedAverageShsOutDil": 120600000,
        "link": "https://www.sec.gov/Archives/edgar/data/98246/000009824619000145/0000098246-19-000145-index.html",
        "finalLink": "https://www.sec.gov/Archives/edgar/data/98246/000009824619000145/tif-20191031.htm"
    },
    {
        "date": "2019-07-31",
        "symbol": "TIF",
        "reportedCurrency": "USD",
        "cik": "0000098246",
        "fillingDate": "2019-08-28",
        "acceptedDate": "2019-08-28 06:47:57",
        "calendarYear": "2019",
        "period": "Q2",
        "revenue": 1048500000,
        "costOfRevenue": 390800000,
        "grossProfit": 657700000,
        "grossProfitRatio": 0.6272770625,
        "researchAndDevelopmentExpenses": 0,
        "generalAndAdministrativeExpenses": 473400000,
        "sellingAndMarketingExpenses": 0,
        "sellingGeneralAndAdministrativeExpenses": 473400000,
        "otherExpenses": 0,
        "operatingExpenses": 473400000,
        "costAndExpenses": 864200000,
        "interestIncome": 0,
        "interestExpense": 9800000,
        "depreciationAndAmortization": 64700000,
        "ebitda": 249900000,
        "ebitdaratio": 0.2383404864,
        "operatingIncome": 184300000,
        "operatingIncomeRatio": 0.1757749165,
        "totalOtherIncomeExpensesNet": -8900000,
        "incomeBeforeTax": 175400000,
        "incomeBeforeTaxRatio": 0.1672865999,
        "incomeTaxExpense": 39100000,
        "netIncome": 136300000,
        "netIncomeRatio": 0.1299952313,
        "eps": 1.13,
        "epsdiluted": 1.12,
        "weightedAverageShsOut": 121100000,
        "weightedAverageShsOutDil": 121400000,
        "link": "https://www.sec.gov/Archives/edgar/data/98246/000009824619000123/0000098246-19-000123-index.htm",
        "finalLink": "https://www.sec.gov/Archives/edgar/data/98246/000009824619000123/tif-2019731x10q.htm"
    },
    {
        "date": "2019-04-30",
        "symbol": "TIF",
        "reportedCurrency": "USD",
        "cik": "0000098246",
        "fillingDate": "2019-06-04",
        "acceptedDate": "2019-06-04 06:48:00",
        "calendarYear": "2019",
        "period": "Q1",
        "revenue": 1003100000,
        "costOfRevenue": 383900000,
        "grossProfit": 619200000,
        "grossProfitRatio": 0.6172864121,
        "researchAndDevelopmentExpenses": 0,
        "generalAndAdministrativeExpenses": 458300000,
        "sellingAndMarketingExpenses": 0,
        "sellingGeneralAndAdministrativeExpenses": 458300000,
        "otherExpenses": 0,
        "operatingExpenses": 458300000,
        "costAndExpenses": 842200000,
        "interestIncome": 0,
        "interestExpense": 10400000,
        "depreciationAndAmortization": 60900000,
        "ebitda": 222800000,
        "ebitdaratio": 0.2221114545,
        "operatingIncome": 160900000,
        "operatingIncomeRatio": 0.1604027515,
        "totalOtherIncomeExpensesNet": -9400000,
        "incomeBeforeTax": 151500000,
        "incomeBeforeTaxRatio": 0.1510318014,
        "incomeTaxExpense": 26300000,
        "netIncome": 125200000,
        "netIncomeRatio": 0.1248130795,
        "eps": 1.03,
        "epsdiluted": 1.03,
        "weightedAverageShsOut": 121400000,
        "weightedAverageShsOutDil": 121900000,
        "link": "https://www.sec.gov/Archives/edgar/data/98246/000009824619000074/0000098246-19-000074-index.html",
        "finalLink": "https://www.sec.gov/Archives/edgar/data/98246/000009824619000074/tif-2019430x10q.htm"
    },
    {
        "date": "2019-01-31",
        "symbol": "TIF",
        "reportedCurrency": "USD",
        "cik": "0000098246",
        "fillingDate": "2019-03-22",
        "acceptedDate": "2019-03-22 06:46:47",
        "calendarYear": "2018",
        "period": "Q4",
        "revenue": 1320600000,
        "costOfRevenue": 478600000,
        "grossProfit": 842000000,
        "grossProfitRatio": 0.6375889747,
        "researchAndDevelopmentExpenses": 0,
        "generalAndAdministrativeExpenses": 573600000,
        "sellingAndMarketingExpenses": 0,
        "sellingGeneralAndAdministrativeExpenses": 573600000,
        "otherExpenses": 0,
        "operatingExpenses": 573600000,
        "costAndExpenses": 1052200000,
        "interestIncome": 0,
        "interestExpense": 10000000,
        "depreciationAndAmortization": 59800000,
        "ebitda": 326200000,
        "ebitdaratio": 0.2470089353,
        "operatingIncome": 268400000,
        "operatingIncomeRatio": 0.2032409511,
        "totalOtherIncomeExpensesNet": -12000000,
        "incomeBeforeTax": 256400000,
        "incomeBeforeTaxRatio": 0.1941541723,
        "incomeTaxExpense": 51900000,
        "netIncome": 204500000,
        "netIncomeRatio": 0.1548538543,
        "eps": 1.68,
        "epsdiluted": 1.67,
        "weightedAverageShsOut": 121700000,
        "weightedAverageShsOutDil": 122100000,
        "link": "https://www.sec.gov/Archives/edgar/data/98246/000009824619000047/0000098246-19-000047-index.html",
        "finalLink": "https://www.sec.gov/Archives/edgar/data/98246/000009824619000047/tif-2019131x10k.htm"
    },
    {
        "date": "2018-10-31",
        "symbol": "TIF",
        "reportedCurrency": "USD",
        "cik": "0000098246",
        "fillingDate": "2018-11-28",
        "acceptedDate": "2018-11-28 06:53:24",
        "calendarYear": "2018",
        "period": "Q3",
        "revenue": 1012400000,
        "costOfRevenue": 383100000,
        "grossProfit": 629300000,
        "grossProfitRatio": 0.621592256,
        "researchAndDevelopmentExpenses": 0,
        "generalAndAdministrativeExpenses": 502900000,
        "sellingAndMarketingExpenses": 0,
        "sellingGeneralAndAdministrativeExpenses": 502900000,
        "otherExpenses": 0,
        "operatingExpenses": 502900000,
        "costAndExpenses": 886000000,
        "interestIncome": 0,
        "interestExpense": 10100000,
        "depreciationAndAmortization": 58300000,
        "ebitda": 182900000,
        "ebitdaratio": 0.1806598183,
        "operatingIncome": 126400000,
        "operatingIncomeRatio": 0.1248518372,
        "totalOtherIncomeExpensesNet": -11900000,
        "incomeBeforeTax": 114500000,
        "incomeBeforeTaxRatio": 0.1130975899,
        "incomeTaxExpense": 19600000,
        "netIncome": 94900000,
        "netIncomeRatio": 0.0937376531,
        "eps": 0.78,
        "epsdiluted": 0.77,
        "weightedAverageShsOut": 122300000,
        "weightedAverageShsOutDil": 123100000,
        "link": "https://www.sec.gov/Archives/edgar/data/98246/000009824618000303/0000098246-18-000303-index.html",
        "finalLink": "https://www.sec.gov/Archives/edgar/data/98246/000009824618000303/tif-20181031x10q.htm"
    },
    {
        "date": "2018-07-31",
        "symbol": "TIF",
        "reportedCurrency": "USD",
        "cik": "0000098246",
        "fillingDate": "2018-08-28",
        "acceptedDate": "2018-08-28 06:48:36",
        "calendarYear": "2018",
        "period": "Q2",
        "revenue": 1075900000,
        "costOfRevenue": 387100000,
        "grossProfit": 688800000,
        "grossProfitRatio": 0.6402081978,
        "researchAndDevelopmentExpenses": 0,
        "generalAndAdministrativeExpenses": 497600000,
        "sellingAndMarketingExpenses": 0,
        "sellingGeneralAndAdministrativeExpenses": 497600000,
        "otherExpenses": 0,
        "operatingExpenses": 497600000,
        "costAndExpenses": 884700000,
        "interestIncome": 0,
        "interestExpense": 9700000,
        "depreciationAndAmortization": 57100000,
        "ebitda": 248800000,
        "ebitdaratio": 0.2312482573,
        "operatingIncome": 191200000,
        "operatingIncomeRatio": 0.1777116832,
        "totalOtherIncomeExpensesNet": -9200000,
        "incomeBeforeTax": 182000000,
        "incomeBeforeTaxRatio": 0.1691607027,
        "incomeTaxExpense": 37300000,
        "netIncome": 144700000,
        "netIncomeRatio": 0.1344920532,
        "eps": 1.17,
        "epsdiluted": 1.17,
        "weightedAverageShsOut": 123200000,
        "weightedAverageShsOutDil": 124000000,
        "link": "https://www.sec.gov/Archives/edgar/data/98246/000009824618000275/0000098246-18-000275-index.html",
        "finalLink": "https://www.sec.gov/Archives/edgar/data/98246/000009824618000275/tif-2018731x10q.htm"
    },
    {
        "date": "2018-04-30",
        "symbol": "TIF",
        "reportedCurrency": "USD",
        "cik": "0000098246",
        "fillingDate": "2018-05-23",
        "acceptedDate": "2018-05-23 06:51:08",
        "calendarYear": "2018",
        "period": "Q1",
        "revenue": 1033200000,
        "costOfRevenue": 382300000,
        "grossProfit": 650900000,
        "grossProfitRatio": 0.6299845141,
        "researchAndDevelopmentExpenses": 0,
        "generalAndAdministrativeExpenses": 446600000,
        "sellingAndMarketingExpenses": 0,
        "sellingGeneralAndAdministrativeExpenses": 446600000,
        "otherExpenses": 0,
        "operatingExpenses": 446600000,
        "costAndExpenses": 828900000,
        "interestIncome": 0,
        "interestExpense": 9900000,
        "depreciationAndAmortization": 53800000,
        "ebitda": 254200000,
        "ebitdaratio": 0.246031746,
        "operatingIncome": 204300000,
        "operatingIncomeRatio": 0.1977351916,
        "totalOtherIncomeExpensesNet": -13800000,
        "incomeBeforeTax": 190500000,
        "incomeBeforeTaxRatio": 0.1843786295,
        "incomeTaxExpense": 48200000,
        "netIncome": 142300000,
        "netIncomeRatio": 0.1377274487,
        "eps": 1.14,
        "epsdiluted": 1.14,
        "weightedAverageShsOut": 124400000,
        "weightedAverageShsOutDil": 125000000,
        "link": "https://www.sec.gov/Archives/edgar/data/98246/000009824618000198/0000098246-18-000198-index.html",
        "finalLink": "https://www.sec.gov/Archives/edgar/data/98246/000009824618000198/tif-2018430x10q.htm"
    },
    {
        "date": "2018-01-31",
        "symbol": "TIF",
        "reportedCurrency": "USD",
        "cik": "0000098246",
        "fillingDate": "2018-03-16",
        "acceptedDate": "2018-03-16 06:38:04",
        "calendarYear": "2017",
        "period": "Q4",
        "revenue": 1334400000,
        "costOfRevenue": 483800000,
        "grossProfit": 850600000,
        "grossProfitRatio": 0.637440048,
        "researchAndDevelopmentExpenses": 0,
        "generalAndAdministrativeExpenses": 543400000,
        "sellingAndMarketingExpenses": 0,
        "sellingGeneralAndAdministrativeExpenses": 543400000,
        "otherExpenses": 0,
        "operatingExpenses": 543400000,
        "costAndExpenses": 1027200000,
        "interestIncome": 0,
        "interestExpense": 13800000,
        "depreciationAndAmortization": 54000000,
        "ebitda": 369200000,
        "ebitdaratio": 0.2766786571,
        "operatingIncome": 307200000,
        "operatingIncomeRatio": 0.2302158273,
        "totalOtherIncomeExpensesNet": -5800000,
        "incomeBeforeTax": 301400000,
        "incomeBeforeTaxRatio": 0.2258693046,
        "incomeTaxExpense": 239500000,
        "netIncome": 61900000,
        "netIncomeRatio": 0.0463878897,
        "eps": 0.5,
        "epsdiluted": 0.5,
        "weightedAverageShsOut": 124200000,
        "weightedAverageShsOutDil": 124900000,
        "link": "https://www.sec.gov/Archives/edgar/data/98246/000009824618000133/0000098246-18-000133-index.html",
        "finalLink": "https://www.sec.gov/Archives/edgar/data/98246/000009824618000133/tif-2018131x10k.htm"
    },
    {
        "date": "2017-10-31",
        "symbol": "TIF",
        "reportedCurrency": "USD",
        "cik": "0000098246",
        "fillingDate": "2017-11-29",
        "acceptedDate": "2017-11-29 06:52:14",
        "calendarYear": "2017",
        "period": "Q3",
        "revenue": 976200000,
        "costOfRevenue": 377800000,
        "grossProfit": 598400000,
        "grossProfitRatio": 0.6129891416,
        "researchAndDevelopmentExpenses": 0,
        "generalAndAdministrativeExpenses": 438100000,
        "sellingAndMarketingExpenses": 0,
        "sellingGeneralAndAdministrativeExpenses": 438100000,
        "otherExpenses": 0,
        "operatingExpenses": 438100000,
        "costAndExpenses": 815900000,
        "interestIncome": 0,
        "interestExpense": 9900000,
        "depreciationAndAmortization": 51100000,
        "ebitda": 211400000,
        "ebitdaratio": 0.2165539848,
        "operatingIncome": 160300000,
        "operatingIncomeRatio": 0.1642081541,
        "totalOtherIncomeExpensesNet": -9900000,
        "incomeBeforeTax": 150400000,
        "incomeBeforeTaxRatio": 0.1540667896,
        "incomeTaxExpense": 50200000,
        "netIncome": 100200000,
        "netIncomeRatio": 0.102642901,
        "eps": 0.81,
        "epsdiluted": 0.8,
        "weightedAverageShsOut": 124400000,
        "weightedAverageShsOutDil": 125000000,
        "link": "https://www.sec.gov/Archives/edgar/data/98246/000009824617000284/0000098246-17-000284-index.html",
        "finalLink": "https://www.sec.gov/Archives/edgar/data/98246/000009824617000284/tif-20171031x10q.htm"
    },
    {
        "date": "2017-07-31",
        "symbol": "TIF",
        "reportedCurrency": "USD",
        "cik": "0000098246",
        "fillingDate": "2017-08-24",
        "acceptedDate": "2017-08-24 06:50:00",
        "calendarYear": "2017",
        "period": "Q2",
        "revenue": 959700000,
        "costOfRevenue": 361500000,
        "grossProfit": 598200000,
        "grossProfitRatio": 0.6233197874,
        "researchAndDevelopmentExpenses": 0,
        "generalAndAdministrativeExpenses": 416900000,
        "sellingAndMarketingExpenses": 0,
        "sellingGeneralAndAdministrativeExpenses": 416900000,
        "otherExpenses": 0,
        "operatingExpenses": 416900000,
        "costAndExpenses": 778400000,
        "interestIncome": 0,
        "interestExpense": 8800000,
        "depreciationAndAmortization": 50900000,
        "ebitda": 232200000,
        "ebitdaratio": 0.2419506096,
        "operatingIncome": 181300000,
        "operatingIncomeRatio": 0.188913202,
        "totalOtherIncomeExpensesNet": -8800000,
        "incomeBeforeTax": 172500000,
        "incomeBeforeTaxRatio": 0.1797436699,
        "incomeTaxExpense": 57500000,
        "netIncome": 115000000,
        "netIncomeRatio": 0.1198291133,
        "eps": 0.92,
        "epsdiluted": 0.92,
        "weightedAverageShsOut": 124500000,
        "weightedAverageShsOutDil": 125100000,
        "link": "https://www.sec.gov/Archives/edgar/data/98246/000009824617000214/0000098246-17-000214-index.html",
        "finalLink": "https://www.sec.gov/Archives/edgar/data/98246/000009824617000214/tif-2017731x10q.htm"
    },
    {
        "date": "2017-04-30",
        "symbol": "TIF",
        "reportedCurrency": "USD",
        "cik": "0000098246",
        "fillingDate": "2017-05-24",
        "acceptedDate": "2017-05-24 06:45:54",
        "calendarYear": "2017",
        "period": "Q1",
        "revenue": 899600000,
        "costOfRevenue": 342000000,
        "grossProfit": 557600000,
        "grossProfitRatio": 0.619831036,
        "researchAndDevelopmentExpenses": 0,
        "generalAndAdministrativeExpenses": 412000000,
        "sellingAndMarketingExpenses": 0,
        "sellingGeneralAndAdministrativeExpenses": 412000000,
        "otherExpenses": 0,
        "operatingExpenses": 412000000,
        "costAndExpenses": 754000000,
        "interestIncome": 0,
        "interestExpense": 9500000,
        "depreciationAndAmortization": 50900000,
        "ebitda": 196500000,
        "ebitdaratio": 0.2184304135,
        "operatingIncome": 145600000,
        "operatingIncomeRatio": 0.161849711,
        "totalOtherIncomeExpensesNet": -9500000,
        "incomeBeforeTax": 136100000,
        "incomeBeforeTaxRatio": 0.151289462,
        "incomeTaxExpense": 43200000,
        "netIncome": 92900000,
        "netIncomeRatio": 0.1032681192,
        "eps": 0.75,
        "epsdiluted": 0.74,
        "weightedAverageShsOut": 124600000,
        "weightedAverageShsOutDil": 125300000,
        "link": "https://www.sec.gov/Archives/edgar/data/98246/000009824617000126/0000098246-17-000126-index.html",
        "finalLink": "https://www.sec.gov/Archives/edgar/data/98246/000009824617000126/tif-2017430x10q.htm"
    },
    {
        "date": "2017-01-31",
        "symbol": "TIF",
        "reportedCurrency": "USD",
        "cik": "0000098246",
        "fillingDate": "2017-03-17",
        "acceptedDate": "2017-03-17 16:15:57",
        "calendarYear": "2016",
        "period": "Q4",
        "revenue": 1229600000,
        "costOfRevenue": 441400000,
        "grossProfit": 788200000,
        "grossProfitRatio": 0.6410214704,
        "researchAndDevelopmentExpenses": 0,
        "generalAndAdministrativeExpenses": 531700000,
        "sellingAndMarketingExpenses": 0,
        "sellingGeneralAndAdministrativeExpenses": 531700000,
        "otherExpenses": 0,
        "operatingExpenses": 531700000,
        "costAndExpenses": 973100000,
        "interestIncome": 0,
        "interestExpense": 11500000,
        "depreciationAndAmortization": 51500000,
        "ebitda": 309400000,
        "ebitdaratio": 0.2516265452,
        "operatingIncome": 256500000,
        "operatingIncomeRatio": 0.2086044242,
        "totalOtherIncomeExpensesNet": -10100000,
        "incomeBeforeTax": 246400000,
        "incomeBeforeTaxRatio": 0.2003903709,
        "incomeTaxExpense": 88600000,
        "netIncome": 157800000,
        "netIncomeRatio": 0.1283344177,
        "eps": 1.27,
        "epsdiluted": 1.26,
        "weightedAverageShsOut": 124500000,
        "weightedAverageShsOutDil": 125000000,
        "link": "https://www.sec.gov/Archives/edgar/data/98246/000009824617000061/0000098246-17-000061-index.html",
        "finalLink": "https://www.sec.gov/Archives/edgar/data/98246/000009824617000061/tif-2017131x10k.htm"
    },
    {
        "date": "2016-10-31",
        "symbol": "TIF",
        "reportedCurrency": "USD",
        "cik": "0000098246",
        "fillingDate": "2016-11-29",
        "acceptedDate": "2016-11-29 06:54:36",
        "calendarYear": "2016",
        "period": "Q3",
        "revenue": 949300000,
        "costOfRevenue": 369800000,
        "grossProfit": 579500000,
        "grossProfitRatio": 0.6104498051,
        "researchAndDevelopmentExpenses": 0,
        "generalAndAdministrativeExpenses": 424300000,
        "sellingAndMarketingExpenses": 0,
        "sellingGeneralAndAdministrativeExpenses": 424300000,
        "otherExpenses": 0,
        "operatingExpenses": 424300000,
        "costAndExpenses": 794100000,
        "interestIncome": 0,
        "interestExpense": 9700000,
        "depreciationAndAmortization": 52000000,
        "ebitda": 207200000,
        "ebitdaratio": 0.2182660908,
        "operatingIncome": 155200000,
        "operatingIncomeRatio": 0.1634888865,
        "totalOtherIncomeExpensesNet": -9700000,
        "incomeBeforeTax": 145500000,
        "incomeBeforeTaxRatio": 0.1532708311,
        "incomeTaxExpense": 50400000,
        "netIncome": 95100000,
        "netIncomeRatio": 0.1001790793,
        "eps": 0.76,
        "epsdiluted": 0.76,
        "weightedAverageShsOut": 124600000,
        "weightedAverageShsOutDil": 124900000,
        "link": "https://www.sec.gov/Archives/edgar/data/98246/000009824616000318/0000098246-16-000318-index.html",
        "finalLink": "https://www.sec.gov/Archives/edgar/data/98246/000009824616000318/tif-20161031x10q.htm"
    },
    {
        "date": "2016-07-31",
        "symbol": "TIF",
        "reportedCurrency": "USD",
        "cik": "0000098246",
        "fillingDate": "2016-08-25",
        "acceptedDate": "2016-08-25 06:53:00",
        "calendarYear": "2016",
        "period": "Q2",
        "revenue": 931600000,
        "costOfRevenue": 354500000,
        "grossProfit": 577100000,
        "grossProfitRatio": 0.6194718763,
        "researchAndDevelopmentExpenses": 0,
        "generalAndAdministrativeExpenses": 402200000,
        "sellingAndMarketingExpenses": 0,
        "sellingGeneralAndAdministrativeExpenses": 402200000,
        "otherExpenses": 0,
        "operatingExpenses": 402200000,
        "costAndExpenses": 756700000,
        "interestIncome": 0,
        "interestExpense": 13400000,
        "depreciationAndAmortization": 52900000,
        "ebitda": 227800000,
        "ebitdaratio": 0.2445255474,
        "operatingIncome": 174900000,
        "operatingIncomeRatio": 0.18774152,
        "totalOtherIncomeExpensesNet": -13400000,
        "incomeBeforeTax": 161500000,
        "incomeBeforeTaxRatio": 0.1733576642,
        "incomeTaxExpense": 55800000,
        "netIncome": 105700000,
        "netIncomeRatio": 0.1134607128,
        "eps": 0.84,
        "epsdiluted": 0.84,
        "weightedAverageShsOut": 125300000,
        "weightedAverageShsOutDil": 125600000,
        "link": "https://www.sec.gov/Archives/edgar/data/98246/000009824616000294/0000098246-16-000294-index.htm",
        "finalLink": "https://www.sec.gov/Archives/edgar/data/98246/000009824616000294/tif-2016731x10q.htm"
    },
    {
        "date": "2016-04-30",
        "symbol": "TIF",
        "reportedCurrency": "USD",
        "cik": "0000098246",
        "fillingDate": "2016-05-25",
        "acceptedDate": "2016-05-25 06:52:46",
        "calendarYear": "2016",
        "period": "Q1",
        "revenue": 891300000,
        "costOfRevenue": 345700000,
        "grossProfit": 545600000,
        "grossProfitRatio": 0.6121395714,
        "researchAndDevelopmentExpenses": 0,
        "generalAndAdministrativeExpenses": 411000000,
        "sellingAndMarketingExpenses": 0,
        "sellingGeneralAndAdministrativeExpenses": 411000000,
        "otherExpenses": 0,
        "operatingExpenses": 411000000,
        "costAndExpenses": 756700000,
        "interestIncome": 0,
        "interestExpense": 11500000,
        "depreciationAndAmortization": 52100000,
        "ebitda": 186700000,
        "ebitdaratio": 0.2094693145,
        "operatingIncome": 134600000,
        "operatingIncomeRatio": 0.1510153708,
        "totalOtherIncomeExpensesNet": -11500000,
        "incomeBeforeTax": 123100000,
        "incomeBeforeTaxRatio": 0.1381128688,
        "incomeTaxExpense": 35600000,
        "netIncome": 87500000,
        "netIncomeRatio": 0.0981712106,
        "eps": 0.69,
        "epsdiluted": 0.69,
        "weightedAverageShsOut": 126100000,
        "weightedAverageShsOutDil": 126500000,
        "link": "https://www.sec.gov/Archives/edgar/data/98246/000009824616000254/0000098246-16-000254-index.html",
        "finalLink": "https://www.sec.gov/Archives/edgar/data/98246/000009824616000254/tif-2016430x10q.htm"
    },
    {
        "date": "2016-01-31",
        "symbol": "TIF",
        "reportedCurrency": "USD",
        "cik": "0000098246",
        "fillingDate": "2016-03-28",
        "acceptedDate": "2016-03-28 06:42:51",
        "calendarYear": "2015",
        "period": "Q4",
        "revenue": 1213700000,
        "costOfRevenue": 448900000,
        "grossProfit": 764800000,
        "grossProfitRatio": 0.6301392436,
        "researchAndDevelopmentExpenses": 0,
        "generalAndAdministrativeExpenses": 503900000,
        "sellingAndMarketingExpenses": 0,
        "sellingGeneralAndAdministrativeExpenses": 503900000,
        "otherExpenses": 0,
        "operatingExpenses": 503900000,
        "costAndExpenses": 952800000,
        "interestIncome": 0,
        "interestExpense": 10900000,
        "depreciationAndAmortization": 53000000,
        "ebitda": 312700000,
        "ebitdaratio": 0.2576419214,
        "operatingIncome": 260900000,
        "operatingIncomeRatio": 0.2149625113,
        "totalOtherIncomeExpensesNet": -12100000,
        "incomeBeforeTax": 248800000,
        "incomeBeforeTaxRatio": 0.2049929966,
        "incomeTaxExpense": 85600000,
        "netIncome": 163200000,
        "netIncomeRatio": 0.1344648595,
        "eps": 1.28,
        "epsdiluted": 1.28,
        "weightedAverageShsOut": 127400000,
        "weightedAverageShsOutDil": 127900000,
        "link": "https://www.sec.gov/Archives/edgar/data/98246/000009824616000211/0000098246-16-000211-index.html",
        "finalLink": "https://www.sec.gov/Archives/edgar/data/98246/000009824616000211/tif-2016131x10k.htm"
    },
    {
        "date": "2015-10-31",
        "symbol": "TIF",
        "reportedCurrency": "USD",
        "cik": "0000098246",
        "fillingDate": "2015-11-24",
        "acceptedDate": "2015-11-24 06:48:09",
        "calendarYear": "2015",
        "period": "Q3",
        "revenue": 938200000,
        "costOfRevenue": 373700000,
        "grossProfit": 564500000,
        "grossProfitRatio": 0.6016840759,
        "researchAndDevelopmentExpenses": 0,
        "generalAndAdministrativeExpenses": 408100000,
        "sellingAndMarketingExpenses": 0,
        "sellingGeneralAndAdministrativeExpenses": 408100000,
        "otherExpenses": 0,
        "operatingExpenses": 408100000,
        "costAndExpenses": 781800000,
        "interestIncome": 0,
        "interestExpense": 15200000,
        "depreciationAndAmortization": 51100000,
        "ebitda": 207500000,
        "ebitdaratio": 0.2211681944,
        "operatingIncome": 156400000,
        "operatingIncomeRatio": 0.1667021957,
        "totalOtherIncomeExpensesNet": -15200000,
        "incomeBeforeTax": 141200000,
        "incomeBeforeTaxRatio": 0.1505009593,
        "incomeTaxExpense": 50200000,
        "netIncome": 91000000,
        "netIncomeRatio": 0.0969942443,
        "eps": 0.71,
        "epsdiluted": 0.7,
        "weightedAverageShsOut": 128600000,
        "weightedAverageShsOutDil": 129100000,
        "link": "https://www.sec.gov/Archives/edgar/data/98246/000009824615000154/0000098246-15-000154-index.html",
        "finalLink": "https://www.sec.gov/Archives/edgar/data/98246/000009824615000154/tif-20151031x10q.htm"
    },
    {
        "date": "2015-07-31",
        "symbol": "TIF",
        "reportedCurrency": "USD",
        "cik": "0000098246",
        "fillingDate": "2015-08-27",
        "acceptedDate": "2015-08-27 08:09:11",
        "calendarYear": "2015",
        "period": "Q2",
        "revenue": 990500000,
        "costOfRevenue": 397500000,
        "grossProfit": 593000000,
        "grossProfitRatio": 0.5986875315,
        "researchAndDevelopmentExpenses": 0,
        "generalAndAdministrativeExpenses": 420200000,
        "sellingAndMarketingExpenses": 0,
        "sellingGeneralAndAdministrativeExpenses": 420200000,
        "otherExpenses": 0,
        "operatingExpenses": 420200000,
        "costAndExpenses": 817700000,
        "interestIncome": 0,
        "interestExpense": 13600000,
        "depreciationAndAmortization": 49500000,
        "ebitda": 222300000,
        "ebitdaratio": 0.224432105,
        "operatingIncome": 172800000,
        "operatingIncomeRatio": 0.1744573448,
        "totalOtherIncomeExpensesNet": -13600000,
        "incomeBeforeTax": 159200000,
        "incomeBeforeTaxRatio": 0.1607269056,
        "incomeTaxExpense": 54300000,
        "netIncome": 104900000,
        "netIncomeRatio": 0.105906108,
        "eps": 0.81,
        "epsdiluted": 0.81,
        "weightedAverageShsOut": 129000000,
        "weightedAverageShsOutDil": 129600000,
        "link": "https://www.sec.gov/Archives/edgar/data/98246/000009824615000138/0000098246-15-000138-index.html",
        "finalLink": "https://www.sec.gov/Archives/edgar/data/98246/000009824615000138/tif-2015731x10q.htm"
    },
    {
        "date": "2015-04-30",
        "symbol": "TIF",
        "reportedCurrency": "USD",
        "cik": "0000098246",
        "fillingDate": "2015-05-27",
        "acceptedDate": "2015-05-27 08:46:27",
        "calendarYear": "2015",
        "period": "Q1",
        "revenue": 962400000,
        "costOfRevenue": 393400000,
        "grossProfit": 569000000,
        "grossProfitRatio": 0.5912302577,
        "researchAndDevelopmentExpenses": 0,
        "generalAndAdministrativeExpenses": 399000000,
        "sellingAndMarketingExpenses": 0,
        "sellingGeneralAndAdministrativeExpenses": 399000000,
        "otherExpenses": 0,
        "operatingExpenses": 399000000,
        "costAndExpenses": 792400000,
        "interestIncome": 0,
        "interestExpense": 9300000,
        "depreciationAndAmortization": 48900000,
        "ebitda": 218900000,
        "ebitdaratio": 0.2274522028,
        "operatingIncome": 170000000,
        "operatingIncomeRatio": 0.176641729,
        "totalOtherIncomeExpensesNet": -9300000,
        "incomeBeforeTax": 160700000,
        "incomeBeforeTaxRatio": 0.1669783874,
        "incomeTaxExpense": 55800000,
        "netIncome": 104900000,
        "netIncomeRatio": 0.1089983375,
        "eps": 0.81,
        "epsdiluted": 0.81,
        "weightedAverageShsOut": 129200000,
        "weightedAverageShsOutDil": 129800000,
        "link": "https://www.sec.gov/Archives/edgar/data/98246/000009824615000094/0000098246-15-000094-index.html",
        "finalLink": "https://www.sec.gov/Archives/edgar/data/98246/000009824615000094/tif-2015430x10q.htm"
    },
    {
        "date": "2015-01-31",
        "symbol": "TIF",
        "reportedCurrency": "USD",
        "cik": "0000098246",
        "fillingDate": "2015-03-20",
        "acceptedDate": "2015-03-20 08:47:54",
        "calendarYear": "2014",
        "period": "Q4",
        "revenue": 1285262000,
        "costOfRevenue": 503647000,
        "grossProfit": 781615000,
        "grossProfitRatio": 0.6081367068,
        "researchAndDevelopmentExpenses": 0,
        "generalAndAdministrativeExpenses": 476991000,
        "sellingAndMarketingExpenses": 0,
        "sellingGeneralAndAdministrativeExpenses": 476991000,
        "otherExpenses": 0,
        "operatingExpenses": 476991000,
        "costAndExpenses": 980638000,
        "interestIncome": 0,
        "interestExpense": 15101000,
        "depreciationAndAmortization": 49459000,
        "ebitda": 356873000,
        "ebitdaratio": 0.2776655655,
        "operatingIncome": 304624000,
        "operatingIncomeRatio": 0.2370131537,
        "totalOtherIncomeExpensesNet": -12311000,
        "incomeBeforeTax": 292313000,
        "incomeBeforeTaxRatio": 0.227434562,
        "incomeTaxExpense": 96131000,
        "netIncome": 196182000,
        "netIncomeRatio": 0.1526396953,
        "eps": 1.52,
        "epsdiluted": 1.51,
        "weightedAverageShsOut": 129347000,
        "weightedAverageShsOutDil": 129991000,
        "link": "https://www.sec.gov/Archives/edgar/data/98246/000009824615000038/0000098246-15-000038-index.htm",
        "finalLink": "https://www.sec.gov/Archives/edgar/data/98246/000009824615000038/tif-2015131x10k.htm"
    },
    {
        "date": "2014-10-31",
        "symbol": "TIF",
        "reportedCurrency": "USD",
        "cik": "0000098246",
        "fillingDate": "2014-11-26",
        "acceptedDate": "2014-11-25 17:46:00",
        "calendarYear": "2014",
        "period": "Q3",
        "revenue": 959589000,
        "costOfRevenue": 388718000,
        "grossProfit": 570871000,
        "grossProfitRatio": 0.5949119884,
        "researchAndDevelopmentExpenses": 0,
        "generalAndAdministrativeExpenses": 402380000,
        "sellingAndMarketingExpenses": 0,
        "sellingGeneralAndAdministrativeExpenses": 402380000,
        "otherExpenses": 0,
        "operatingExpenses": 402380000,
        "costAndExpenses": 791098000,
        "interestIncome": 0,
        "interestExpense": 15375000,
        "depreciationAndAmortization": 47485000,
        "ebitda": 122197000,
        "ebitdaratio": 0.1273430604,
        "operatingIncome": 168491000,
        "operatingIncomeRatio": 0.1755866314,
        "totalOtherIncomeExpensesNet": -109154000,
        "incomeBeforeTax": 59337000,
        "incomeBeforeTaxRatio": 0.0618358485,
        "incomeTaxExpense": 21069000,
        "netIncome": 38268000,
        "netIncomeRatio": 0.0398795734,
        "eps": 0.3,
        "epsdiluted": 0.29,
        "weightedAverageShsOut": 129352000,
        "weightedAverageShsOutDil": 129978000,
        "link": "https://www.sec.gov/Archives/edgar/data/98246/000009824614000250/0000098246-14-000250-index.html",
        "finalLink": "https://www.sec.gov/Archives/edgar/data/98246/000009824614000250/tif-2014103110xq.htm"
    },
    {
        "date": "2014-07-31",
        "symbol": "TIF",
        "reportedCurrency": "USD",
        "cik": "0000098246",
        "fillingDate": "2014-08-27",
        "acceptedDate": "2014-08-27 16:33:54",
        "calendarYear": "2014",
        "period": "Q2",
        "revenue": 992930000,
        "costOfRevenue": 397767000,
        "grossProfit": 595163000,
        "grossProfitRatio": 0.5994007634,
        "researchAndDevelopmentExpenses": 0,
        "generalAndAdministrativeExpenses": 386642000,
        "sellingAndMarketingExpenses": 0,
        "sellingGeneralAndAdministrativeExpenses": 386642000,
        "otherExpenses": 0,
        "operatingExpenses": 386642000,
        "costAndExpenses": 784409000,
        "interestIncome": 0,
        "interestExpense": 16151000,
        "depreciationAndAmortization": 47357000,
        "ebitda": 255878000,
        "ebitdaratio": 0.2576999386,
        "operatingIncome": 208521000,
        "operatingIncomeRatio": 0.2100057406,
        "totalOtherIncomeExpensesNet": -16151000,
        "incomeBeforeTax": 192370000,
        "incomeBeforeTaxRatio": 0.19373974,
        "incomeTaxExpense": 68250000,
        "netIncome": 124120000,
        "netIncomeRatio": 0.1250037767,
        "eps": 0.96,
        "epsdiluted": 0.96,
        "weightedAverageShsOut": 129252000,
        "weightedAverageShsOutDil": 129908000,
        "link": "https://www.sec.gov/Archives/edgar/data/98246/000009824614000209/0000098246-14-000209-index.html",
        "finalLink": "https://www.sec.gov/Archives/edgar/data/98246/000009824614000209/tif-201473110xq.htm"
    },
    {
        "date": "2014-04-30",
        "symbol": "TIF",
        "reportedCurrency": "USD",
        "cik": "0000098246",
        "fillingDate": "2014-05-23",
        "acceptedDate": "2014-05-22 17:39:52",
        "calendarYear": "2014",
        "period": "Q1",
        "revenue": 1012132000,
        "costOfRevenue": 422606000,
        "grossProfit": 589526000,
        "grossProfitRatio": 0.5824596001,
        "researchAndDevelopmentExpenses": 0,
        "generalAndAdministrativeExpenses": 379733000,
        "sellingAndMarketingExpenses": 0,
        "sellingGeneralAndAdministrativeExpenses": 379733000,
        "otherExpenses": 0,
        "operatingExpenses": 379733000,
        "costAndExpenses": 802339000,
        "interestIncome": 0,
        "interestExpense": 16276000,
        "depreciationAndAmortization": 49857000,
        "ebitda": 259650000,
        "ebitdaratio": 0.2565376848,
        "operatingIncome": 209793000,
        "operatingIncomeRatio": 0.2072782997,
        "totalOtherIncomeExpensesNet": -16276000,
        "incomeBeforeTax": 193517000,
        "incomeBeforeTaxRatio": 0.1911973932,
        "incomeTaxExpense": 67908000,
        "netIncome": 125609000,
        "netIncomeRatio": 0.1241033778,
        "eps": 0.97,
        "epsdiluted": 0.97,
        "weightedAverageShsOut": 128933000,
        "weightedAverageShsOutDil": 129795000,
        "link": "https://www.sec.gov/Archives/edgar/data/98246/000009824614000136/0000098246-14-000136-index.html",
        "finalLink": "https://www.sec.gov/Archives/edgar/data/98246/000009824614000136/tif-201443010xq.htm"
    },
    {
        "date": "2014-01-31",
        "symbol": "TIF",
        "reportedCurrency": "USD",
        "cik": "0000098246",
        "fillingDate": "2014-04-01",
        "acceptedDate": "2014-03-31 19:06:08",
        "calendarYear": "2013",
        "period": "Q4",
        "revenue": 1298284000,
        "costOfRevenue": 512675000,
        "grossProfit": 785609000,
        "grossProfitRatio": 0.605113365,
        "researchAndDevelopmentExpenses": 0,
        "generalAndAdministrativeExpenses": 472731000,
        "sellingAndMarketingExpenses": 0,
        "sellingGeneralAndAdministrativeExpenses": 472731000,
        "otherExpenses": 0,
        "operatingExpenses": 472731000,
        "costAndExpenses": 985406000,
        "interestIncome": 0,
        "interestExpense": 21326000,
        "depreciationAndAmortization": 48708000,
        "ebitda": -105434000,
        "ebitdaratio": -0.0812102745,
        "operatingIncome": 312878000,
        "operatingIncomeRatio": 0.240993496,
        "totalOtherIncomeExpensesNet": -488346000,
        "incomeBeforeTax": -175468000,
        "incomeBeforeTaxRatio": -0.1351537876,
        "incomeTaxExpense": -71869000,
        "netIncome": -103599000,
        "netIncomeRatio": -0.0797968703,
        "eps": -0.81,
        "epsdiluted": -0.81,
        "weightedAverageShsOut": 128192000,
        "weightedAverageShsOutDil": 128192000,
        "link": "https://www.sec.gov/Archives/edgar/data/98246/000009824614000096/0000098246-14-000096-index.html",
        "finalLink": "https://www.sec.gov/Archives/edgar/data/98246/000009824614000096/tif-2014131x10k.htm"
    },
    {
        "date": "2013-10-31",
        "symbol": "TIF",
        "reportedCurrency": "USD",
        "cik": "0000098246",
        "fillingDate": "2013-11-27",
        "acceptedDate": "2013-11-27 09:17:29",
        "calendarYear": "2013",
        "period": "Q3",
        "revenue": 911478000,
        "costOfRevenue": 391997000,
        "grossProfit": 519481000,
        "grossProfitRatio": 0.5699325711,
        "researchAndDevelopmentExpenses": 0,
        "generalAndAdministrativeExpenses": 365863000,
        "sellingAndMarketingExpenses": 0,
        "sellingGeneralAndAdministrativeExpenses": 365863000,
        "otherExpenses": 0,
        "operatingExpenses": 365863000,
        "costAndExpenses": 757860000,
        "interestIncome": 0,
        "interestExpense": 13922000,
        "depreciationAndAmortization": 45598000,
        "ebitda": 199216000,
        "ebitdaratio": 0.2185636954,
        "operatingIncome": 153618000,
        "operatingIncomeRatio": 0.1685372549,
        "totalOtherIncomeExpensesNet": -13922000,
        "incomeBeforeTax": 139696000,
        "incomeBeforeTaxRatio": 0.1532631616,
        "incomeTaxExpense": 45086000,
        "netIncome": 94610000,
        "netIncomeRatio": 0.103798446,
        "eps": 0.74,
        "epsdiluted": 0.73,
        "weightedAverageShsOut": 128004000,
        "weightedAverageShsOutDil": 128974000,
        "link": "https://www.sec.gov/Archives/edgar/data/98246/000009824613000207/0000098246-13-000207-index.html",
        "finalLink": "https://www.sec.gov/Archives/edgar/data/98246/000009824613000207/tif-20131031x10q.htm"
    },
    {
        "date": "2013-07-31",
        "symbol": "TIF",
        "reportedCurrency": "USD",
        "cik": "0000098246",
        "fillingDate": "2013-08-27",
        "acceptedDate": "2013-08-27 10:16:25",
        "calendarYear": "2013",
        "period": "Q2",
        "revenue": 925884000,
        "costOfRevenue": 393755000,
        "grossProfit": 532129000,
        "grossProfitRatio": 0.5747253436,
        "researchAndDevelopmentExpenses": 0,
        "generalAndAdministrativeExpenses": 355243000,
        "sellingAndMarketingExpenses": 0,
        "sellingGeneralAndAdministrativeExpenses": 355243000,
        "otherExpenses": 0,
        "operatingExpenses": 355243000,
        "costAndExpenses": 748998000,
        "interestIncome": 0,
        "interestExpense": 14694000,
        "depreciationAndAmortization": 42813000,
        "ebitda": 219699000,
        "ebitdaratio": 0.2372856643,
        "operatingIncome": 176886000,
        "operatingIncomeRatio": 0.1910455305,
        "totalOtherIncomeExpensesNet": -14694000,
        "incomeBeforeTax": 162192000,
        "incomeBeforeTaxRatio": 0.1751752919,
        "incomeTaxExpense": 55411000,
        "netIncome": 106781000,
        "netIncomeRatio": 0.1153287021,
        "eps": 0.84,
        "epsdiluted": 0.83,
        "weightedAverageShsOut": 127826000,
        "weightedAverageShsOutDil": 128771000,
        "link": "https://www.sec.gov/Archives/edgar/data/98246/000009824613000167/0000098246-13-000167-index.html",
        "finalLink": "https://www.sec.gov/Archives/edgar/data/98246/000009824613000167/tif-2013731x10q.htm"
    },
    {
        "date": "2013-04-30",
        "symbol": "TIF",
        "reportedCurrency": "USD",
        "cik": "0000098246",
        "fillingDate": "2013-05-28",
        "acceptedDate": "2013-05-28 10:46:14",
        "calendarYear": "2013",
        "period": "Q1",
        "revenue": 895484000,
        "costOfRevenue": 392260000,
        "grossProfit": 503224000,
        "grossProfitRatio": 0.5619575559,
        "researchAndDevelopmentExpenses": 0,
        "generalAndAdministrativeExpenses": 362066000,
        "sellingAndMarketingExpenses": 0,
        "sellingGeneralAndAdministrativeExpenses": 362066000,
        "otherExpenses": 0,
        "operatingExpenses": 362066000,
        "costAndExpenses": 754326000,
        "interestIncome": 0,
        "interestExpense": 12712000,
        "depreciationAndAmortization": 43510000,
        "ebitda": 184668000,
        "ebitdaratio": 0.20622144,
        "operatingIncome": 141158000,
        "operatingIncomeRatio": 0.1576331905,
        "totalOtherIncomeExpensesNet": -12712000,
        "incomeBeforeTax": 128446000,
        "incomeBeforeTaxRatio": 0.1434375154,
        "incomeTaxExpense": 44869000,
        "netIncome": 83577000,
        "netIncomeRatio": 0.0933316508,
        "eps": 0.66,
        "epsdiluted": 0.65,
        "weightedAverageShsOut": 127318000,
        "weightedAverageShsOutDil": 128441000,
        "link": "https://www.sec.gov/Archives/edgar/data/98246/000119312513236764/0001193125-13-236764-index.html",
        "finalLink": "https://www.sec.gov/Archives/edgar/data/98246/000119312513236764/d525774d10q.htm"
    },
    {
        "date": "2013-01-31",
        "symbol": "TIF",
        "reportedCurrency": "USD",
        "cik": "0000098246",
        "fillingDate": "2013-03-28",
        "acceptedDate": "2013-03-28 11:01:44",
        "calendarYear": "2012",
        "period": "Q4",
        "revenue": 1235769000,
        "costOfRevenue": 504954000,
        "grossProfit": 730815000,
        "grossProfitRatio": 0.5913847976,
        "researchAndDevelopmentExpenses": 0,
        "generalAndAdministrativeExpenses": 440458000,
        "sellingAndMarketingExpenses": 0,
        "sellingGeneralAndAdministrativeExpenses": 440458000,
        "otherExpenses": 0,
        "operatingExpenses": 440458000,
        "costAndExpenses": 945412000,
        "interestIncome": 0,
        "interestExpense": 19482000,
        "depreciationAndAmortization": 43491000,
        "ebitda": 339276000,
        "ebitdaratio": 0.2745464565,
        "operatingIncome": 290357000,
        "operatingIncomeRatio": 0.2349605792,
        "totalOtherIncomeExpensesNet": -14054000,
        "incomeBeforeTax": 276303000,
        "incomeBeforeTaxRatio": 0.2235879036,
        "incomeTaxExpense": 96660000,
        "netIncome": 179643000,
        "netIncomeRatio": 0.1453694016,
        "eps": 1.42,
        "epsdiluted": 1.4,
        "weightedAverageShsOut": 126857000,
        "weightedAverageShsOutDil": 127992000,
        "link": "https://www.sec.gov/Archives/edgar/data/98246/000119312513131168/0001193125-13-131168-index.html",
        "finalLink": "https://www.sec.gov/Archives/edgar/data/98246/000119312513131168/d468956d10k.htm"
    },
    {
        "date": "2012-10-31",
        "symbol": "TIF",
        "reportedCurrency": "USD",
        "cik": "0000098246",
        "fillingDate": "2012-11-29",
        "acceptedDate": "2012-11-29 10:11:03",
        "calendarYear": "2012",
        "period": "Q3",
        "revenue": 852741000,
        "costOfRevenue": 388452000,
        "grossProfit": 464289000,
        "grossProfitRatio": 0.5444666083,
        "researchAndDevelopmentExpenses": 0,
        "generalAndAdministrativeExpenses": 346994000,
        "sellingAndMarketingExpenses": 0,
        "sellingGeneralAndAdministrativeExpenses": 346994000,
        "otherExpenses": 0,
        "operatingExpenses": 346994000,
        "costAndExpenses": 735446000,
        "interestIncome": 0,
        "interestExpense": 14783000,
        "depreciationAndAmortization": 40991000,
        "ebitda": 158286000,
        "ebitdaratio": 0.1856202528,
        "operatingIncome": 117295000,
        "operatingIncomeRatio": 0.1375505576,
        "totalOtherIncomeExpensesNet": -14783000,
        "incomeBeforeTax": 102512000,
        "incomeBeforeTaxRatio": 0.1202146959,
        "incomeTaxExpense": 39333000,
        "netIncome": 63179000,
        "netIncomeRatio": 0.074089319,
        "eps": 0.5,
        "epsdiluted": 0.49,
        "weightedAverageShsOut": 126737000,
        "weightedAverageShsOutDil": 127902000,
        "link": "https://www.sec.gov/Archives/edgar/data/98246/000119312512484899/0001193125-12-484899-index.html",
        "finalLink": "https://www.sec.gov/Archives/edgar/data/98246/000119312512484899/d424216d10q.htm"
    },
    {
        "date": "2012-07-31",
        "symbol": "TIF",
        "reportedCurrency": "USD",
        "cik": "0000098246",
        "fillingDate": "2012-08-27",
        "acceptedDate": "2012-08-27 12:33:06",
        "calendarYear": "2012",
        "period": "Q2",
        "revenue": 886569000,
        "costOfRevenue": 387407000,
        "grossProfit": 499162000,
        "grossProfitRatio": 0.5630266793,
        "researchAndDevelopmentExpenses": 0,
        "generalAndAdministrativeExpenses": 344582000,
        "sellingAndMarketingExpenses": 0,
        "sellingGeneralAndAdministrativeExpenses": 344582000,
        "otherExpenses": 0,
        "operatingExpenses": 344582000,
        "costAndExpenses": 731989000,
        "interestIncome": 0,
        "interestExpense": 14250000,
        "depreciationAndAmortization": 39973000,
        "ebitda": 194553000,
        "ebitdaratio": 0.2194448486,
        "operatingIncome": 154580000,
        "operatingIncomeRatio": 0.1743575514,
        "totalOtherIncomeExpensesNet": -14250000,
        "incomeBeforeTax": 140330000,
        "incomeBeforeTaxRatio": 0.1582843524,
        "incomeTaxExpense": 48529000,
        "netIncome": 91801000,
        "netIncomeRatio": 0.1035463681,
        "eps": 0.72,
        "epsdiluted": 0.72,
        "weightedAverageShsOut": 126631000,
        "weightedAverageShsOutDil": 127663000,
        "link": "https://www.sec.gov/Archives/edgar/data/98246/000119312512369371/0001193125-12-369371-index.html",
        "finalLink": "https://www.sec.gov/Archives/edgar/data/98246/000119312512369371/d381092d10q.htm"
    },
    {
        "date": "2012-04-30",
        "symbol": "TIF",
        "reportedCurrency": "USD",
        "cik": "0000098246",
        "fillingDate": "2012-05-30",
        "acceptedDate": "2012-05-30 12:14:04",
        "calendarYear": "2012",
        "period": "Q1",
        "revenue": 819170000,
        "costOfRevenue": 350152000,
        "grossProfit": 469018000,
        "grossProfitRatio": 0.5725527058,
        "researchAndDevelopmentExpenses": 0,
        "generalAndAdministrativeExpenses": 334033000,
        "sellingAndMarketingExpenses": 0,
        "sellingGeneralAndAdministrativeExpenses": 334033000,
        "otherExpenses": 0,
        "operatingExpenses": 334033000,
        "costAndExpenses": 684185000,
        "interestIncome": 0,
        "interestExpense": 10554000,
        "depreciationAndAmortization": 39194000,
        "ebitda": 174179000,
        "ebitdaratio": 0.2126286363,
        "operatingIncome": 134985000,
        "operatingIncomeRatio": 0.1647826458,
        "totalOtherIncomeExpensesNet": -10554000,
        "incomeBeforeTax": 124431000,
        "incomeBeforeTaxRatio": 0.1518988732,
        "incomeTaxExpense": 42897000,
        "netIncome": 81534000,
        "netIncomeRatio": 0.0995324536,
        "eps": 0.64,
        "epsdiluted": 0.64,
        "weightedAverageShsOut": 126723000,
        "weightedAverageShsOutDil": 128178000,
        "link": "https://www.sec.gov/Archives/edgar/data/98246/000119312512136912/0001193125-12-136912-index.htm",
        "finalLink": "https://www.sec.gov/Archives/edgar/data/98246/000119312512136912/d285717d10k.htm"
    },
    {
        "date": "2012-01-31",
        "symbol": "TIF",
        "reportedCurrency": "USD",
        "cik": "0000098246",
        "fillingDate": "2012-03-28",
        "acceptedDate": "2012-03-28 13:57:55",
        "calendarYear": "2011",
        "period": "Q4",
        "revenue": 1187440000,
        "costOfRevenue": 470525000,
        "grossProfit": 716915000,
        "grossProfitRatio": 0.6037483999,
        "researchAndDevelopmentExpenses": 0,
        "generalAndAdministrativeExpenses": 431172000,
        "sellingAndMarketingExpenses": 0,
        "sellingGeneralAndAdministrativeExpenses": 431172000,
        "otherExpenses": 0,
        "operatingExpenses": 431172000,
        "costAndExpenses": 901697000,
        "interestIncome": 0,
        "interestExpense": 18415000,
        "depreciationAndAmortization": 42495000,
        "ebitda": 333337000,
        "ebitdaratio": 0.2807190258,
        "operatingIncome": 285743000,
        "operatingIncomeRatio": 0.2406378428,
        "totalOtherIncomeExpensesNet": -13316000,
        "incomeBeforeTax": 272427000,
        "incomeBeforeTaxRatio": 0.2294238025,
        "incomeTaxExpense": 94032000,
        "netIncome": 178395000,
        "netIncomeRatio": 0.1502349592,
        "eps": 1.41,
        "epsdiluted": 1.39,
        "weightedAverageShsOut": 126747000,
        "weightedAverageShsOutDil": 128344000,
        "link": "https://www.sec.gov/Archives/edgar/data/98246/000119312512136912/0001193125-12-136912-index.html",
        "finalLink": "https://www.sec.gov/Archives/edgar/data/98246/000119312512136912/d285717d10k.htm"
    },
    {
        "date": "2011-10-31",
        "symbol": "TIF",
        "reportedCurrency": "USD",
        "cik": "0000098246",
        "fillingDate": "2011-12-02",
        "acceptedDate": "2011-12-02 10:47:47",
        "calendarYear": "2011",
        "period": "Q3",
        "revenue": 821767000,
        "costOfRevenue": 345918000,
        "grossProfit": 475849000,
        "grossProfitRatio": 0.5790558638,
        "researchAndDevelopmentExpenses": 0,
        "generalAndAdministrativeExpenses": 329672000,
        "sellingAndMarketingExpenses": 0,
        "sellingGeneralAndAdministrativeExpenses": 329672000,
        "otherExpenses": 0,
        "operatingExpenses": 329672000,
        "costAndExpenses": 675590000,
        "interestIncome": 0,
        "interestExpense": 10393000,
        "depreciationAndAmortization": 31843000,
        "ebitda": 178020000,
        "ebitdaratio": 0.2166307481,
        "operatingIncome": 146177000,
        "operatingIncomeRatio": 0.1778813216,
        "totalOtherIncomeExpensesNet": -10393000,
        "incomeBeforeTax": 135784000,
        "incomeBeforeTaxRatio": 0.1652341844,
        "incomeTaxExpense": 46095000,
        "netIncome": 89689000,
        "netIncomeRatio": 0.1091416423,
        "eps": 0.71,
        "epsdiluted": 0.7,
        "weightedAverageShsOut": 127210000,
        "weightedAverageShsOutDil": 128812000,
        "link": "https://www.sec.gov/Archives/edgar/data/98246/000095012311101712/0000950123-11-101712-index.html",
        "finalLink": "https://www.sec.gov/Archives/edgar/data/98246/000095012311101712/c23351e10vq.htm"
    },
    {
        "date": "2011-07-31",
        "symbol": "TIF",
        "reportedCurrency": "USD",
        "cik": "0000098246",
        "fillingDate": "2011-09-01",
        "acceptedDate": "2011-09-01 15:13:32",
        "calendarYear": "2011",
        "period": "Q2",
        "revenue": 872712000,
        "costOfRevenue": 358015000,
        "grossProfit": 514697000,
        "grossProfitRatio": 0.5897673001,
        "researchAndDevelopmentExpenses": 0,
        "generalAndAdministrativeExpenses": 374157000,
        "sellingAndMarketingExpenses": 0,
        "sellingGeneralAndAdministrativeExpenses": 374157000,
        "otherExpenses": 0,
        "operatingExpenses": 374157000,
        "costAndExpenses": 732172000,
        "interestIncome": 0,
        "interestExpense": 9619000,
        "depreciationAndAmortization": 34965000,
        "ebitda": 175505000,
        "ebitdaratio": 0.2011029985,
        "operatingIncome": 140540000,
        "operatingIncomeRatio": 0.1610382348,
        "totalOtherIncomeExpensesNet": -9619000,
        "incomeBeforeTax": 130921000,
        "incomeBeforeTaxRatio": 0.1500162711,
        "incomeTaxExpense": 40878000,
        "netIncome": 90043000,
        "netIncomeRatio": 0.1031760764,
        "eps": 0.7,
        "epsdiluted": 0.69,
        "weightedAverageShsOut": 128030000,
        "weightedAverageShsOutDil": 129794000,
        "link": "https://www.sec.gov/Archives/edgar/data/98246/000095012311082050/0000950123-11-082050-index.html",
        "finalLink": "https://www.sec.gov/Archives/edgar/data/98246/000095012311082050/c19906e10vq.htm"
    },
    {
        "date": "2011-04-30",
        "symbol": "TIF",
        "reportedCurrency": "USD",
        "cik": "0000098246",
        "fillingDate": "2011-05-26",
        "acceptedDate": "2011-05-26 07:00:32",
        "calendarYear": "2011",
        "period": "Q1",
        "revenue": 761018000,
        "costOfRevenue": 317325000,
        "grossProfit": 443693000,
        "grossProfitRatio": 0.5830256315,
        "researchAndDevelopmentExpenses": 0,
        "generalAndAdministrativeExpenses": 307727000,
        "sellingAndMarketingExpenses": 0,
        "sellingGeneralAndAdministrativeExpenses": 307727000,
        "otherExpenses": 0,
        "operatingExpenses": 307727000,
        "costAndExpenses": 625052000,
        "interestIncome": 0,
        "interestExpense": 10147000,
        "depreciationAndAmortization": 36631000,
        "ebitda": 172597000,
        "ebitdaratio": 0.2267975265,
        "operatingIncome": 135966000,
        "operatingIncomeRatio": 0.1786633168,
        "totalOtherIncomeExpensesNet": -10147000,
        "incomeBeforeTax": 125819000,
        "incomeBeforeTaxRatio": 0.1653298608,
        "incomeTaxExpense": 44756000,
        "netIncome": 81063000,
        "netIncomeRatio": 0.1065191625,
        "eps": 0.64,
        "epsdiluted": 0.63,
        "weightedAverageShsOut": 127601000,
        "weightedAverageShsOutDil": 129381000,
        "link": "https://www.sec.gov/Archives/edgar/data/98246/000095012311054114/0000950123-11-054114-index.html",
        "finalLink": "https://www.sec.gov/Archives/edgar/data/98246/000095012311054114/c15748e10vq.htm"
    },
    {
        "date": "2011-01-31",
        "symbol": "TIF",
        "reportedCurrency": "USD",
        "cik": "0000098246",
        "fillingDate": "2011-03-28",
        "acceptedDate": "2011-03-28 16:59:34",
        "calendarYear": "2010",
        "period": "Q4",
        "revenue": 1101215000,
        "costOfRevenue": 430238000,
        "grossProfit": 670977000,
        "grossProfitRatio": 0.6093060846,
        "researchAndDevelopmentExpenses": 0,
        "generalAndAdministrativeExpenses": 392797000,
        "sellingAndMarketingExpenses": 0,
        "sellingGeneralAndAdministrativeExpenses": 392797000,
        "otherExpenses": 0,
        "operatingExpenses": 392797000,
        "costAndExpenses": 823035000,
        "interestIncome": 0,
        "interestExpense": 0,
        "depreciationAndAmortization": 38705000,
        "ebitda": 305794000,
        "ebitdaratio": 0.2776878266,
        "operatingIncome": 278180000,
        "operatingIncomeRatio": 0.2526118878,
        "totalOtherIncomeExpensesNet": -11091000,
        "incomeBeforeTax": 267089000,
        "incomeBeforeTaxRatio": 0.242540285,
        "incomeTaxExpense": 85865000,
        "netIncome": 181224000,
        "netIncomeRatio": 0.1645673188,
        "eps": 1.42,
        "epsdiluted": 1.42,
        "weightedAverageShsOut": 127601000,
        "weightedAverageShsOutDil": 127601000,
        "link": "https://www.sec.gov/Archives/edgar/data/98246/000095012311029785/0000950123-11-029785-index.htm",
        "finalLink": "https://www.sec.gov/Archives/edgar/data/98246/000095012311029785/c09206e10vk.htm"
    },
    {
        "date": "2010-10-31",
        "symbol": "TIF",
        "reportedCurrency": "USD",
        "cik": "0000098246",
        "fillingDate": "2010-12-01",
        "acceptedDate": "2010-12-01 14:29:52",
        "calendarYear": "2010",
        "period": "Q3",
        "revenue": 681729000,
        "costOfRevenue": 283158000,
        "grossProfit": 398571000,
        "grossProfitRatio": 0.5846472719,
        "researchAndDevelopmentExpenses": 0,
        "generalAndAdministrativeExpenses": 300993000,
        "sellingAndMarketingExpenses": 0,
        "sellingGeneralAndAdministrativeExpenses": 300993000,
        "otherExpenses": 0,
        "operatingExpenses": 300993000,
        "costAndExpenses": 584151000,
        "interestIncome": 0,
        "interestExpense": 12997000,
        "depreciationAndAmortization": 36873000,
        "ebitda": 134451000,
        "ebitdaratio": 0.1972205965,
        "operatingIncome": 97578000,
        "operatingIncomeRatio": 0.1431331218,
        "totalOtherIncomeExpensesNet": -12997000,
        "incomeBeforeTax": 84581000,
        "incomeBeforeTaxRatio": 0.1240683615,
        "incomeTaxExpense": 29502000,
        "netIncome": 55079000,
        "netIncomeRatio": 0.0807931011,
        "eps": 0.44,
        "epsdiluted": 0.43,
        "weightedAverageShsOut": 126176000,
        "weightedAverageShsOutDil": 127905000,
        "link": "https://www.sec.gov/Archives/edgar/data/98246/000095012310110017/0000950123-10-110017-index.html",
        "finalLink": "https://www.sec.gov/Archives/edgar/data/98246/000095012310110017/c08888e10vq.htm"
    },
    {
        "date": "2010-07-31",
        "symbol": "TIF",
        "reportedCurrency": "USD",
        "cik": "0000098246",
        "fillingDate": "2010-09-02",
        "acceptedDate": "2010-09-01 17:34:48",
        "calendarYear": "2010",
        "period": "Q2",
        "revenue": 668760000,
        "costOfRevenue": 282008000,
        "grossProfit": 386752000,
        "grossProfitRatio": 0.5783121,
        "researchAndDevelopmentExpenses": 0,
        "generalAndAdministrativeExpenses": 273146000,
        "sellingAndMarketingExpenses": 0,
        "sellingGeneralAndAdministrativeExpenses": 273146000,
        "otherExpenses": 0,
        "operatingExpenses": 273146000,
        "costAndExpenses": 555154000,
        "interestIncome": 0,
        "interestExpense": 11121000,
        "depreciationAndAmortization": 38201000,
        "ebitda": 151807000,
        "ebitdaratio": 0.2269977271,
        "operatingIncome": 113606000,
        "operatingIncomeRatio": 0.1698755906,
        "totalOtherIncomeExpensesNet": -11121000,
        "incomeBeforeTax": 102485000,
        "incomeBeforeTaxRatio": 0.1532463066,
        "incomeTaxExpense": 34810000,
        "netIncome": 67675000,
        "netIncomeRatio": 0.1011947485,
        "eps": 0.53,
        "epsdiluted": 0.53,
        "weightedAverageShsOut": 126897000,
        "weightedAverageShsOutDil": 128385000,
        "link": "https://www.sec.gov/Archives/edgar/data/98246/000138713110000959/0001387131-10-000959-index.html",
        "finalLink": "https://www.sec.gov/Archives/edgar/data/98246/000138713110000959/tiffany-10q_0830.htm"
    },
    {
        "date": "2010-04-30",
        "symbol": "TIF",
        "reportedCurrency": "USD",
        "cik": "0000098246",
        "fillingDate": "2010-06-01",
        "acceptedDate": "2010-06-01 15:08:29",
        "calendarYear": "2010",
        "period": "Q1",
        "revenue": 633586000,
        "costOfRevenue": 267608000,
        "grossProfit": 365978000,
        "grossProfitRatio": 0.5776295562,
        "researchAndDevelopmentExpenses": 0,
        "generalAndAdministrativeExpenses": 260561000,
        "sellingAndMarketingExpenses": 0,
        "sellingGeneralAndAdministrativeExpenses": 260561000,
        "otherExpenses": 0,
        "operatingExpenses": 260561000,
        "costAndExpenses": 528169000,
        "interestIncome": 0,
        "interestExpense": 12138000,
        "depreciationAndAmortization": 34091000,
        "ebitda": 139508000,
        "ebitdaratio": 0.2201879461,
        "operatingIncome": 105417000,
        "operatingIncomeRatio": 0.1663815173,
        "totalOtherIncomeExpensesNet": -12138000,
        "incomeBeforeTax": 93279000,
        "incomeBeforeTaxRatio": 0.147223897,
        "incomeTaxExpense": 28854000,
        "netIncome": 64425000,
        "netIncomeRatio": 0.101683118,
        "eps": 0.51,
        "epsdiluted": 0.5,
        "weightedAverageShsOut": 126699000,
        "weightedAverageShsOutDil": 128543000,
        "link": "https://www.sec.gov/Archives/edgar/data/98246/000095012310054659/0000950123-10-054659-index.html",
        "finalLink": "https://www.sec.gov/Archives/edgar/data/98246/000095012310054659/y84836e10vq.htm"
    },
    {
        "date": "2010-01-31",
        "symbol": "TIF",
        "reportedCurrency": "USD",
        "cik": "0000098246",
        "fillingDate": "2010-03-30",
        "acceptedDate": "2010-03-30 15:13:27",
        "calendarYear": "2009",
        "period": "Q4",
        "revenue": 981384000,
        "costOfRevenue": 405639000,
        "grossProfit": 575745000,
        "grossProfitRatio": 0.5866663814,
        "researchAndDevelopmentExpenses": 0,
        "generalAndAdministrativeExpenses": 351138000,
        "sellingAndMarketingExpenses": 0,
        "sellingGeneralAndAdministrativeExpenses": 351138000,
        "otherExpenses": 0,
        "operatingExpenses": 351138000,
        "costAndExpenses": 756777000,
        "interestIncome": 0,
        "interestExpense": 0,
        "depreciationAndAmortization": 35828000,
        "ebitda": 247975000,
        "ebitdaratio": 0.2526788698,
        "operatingIncome": 224607000,
        "operatingIncomeRatio": 0.2288675992,
        "totalOtherIncomeExpensesNet": -14620000,
        "incomeBeforeTax": 209987000,
        "incomeBeforeTaxRatio": 0.2139702706,
        "incomeTaxExpense": 71780000,
        "netIncome": 140367000,
        "netIncomeRatio": 0.1430296398,
        "eps": 1.11,
        "epsdiluted": 1.11,
        "weightedAverageShsOut": 126699000,
        "weightedAverageShsOutDil": 126699000,
        "link": "https://www.sec.gov/Archives/edgar/data/98246/000095012310029936/0000950123-10-029936-index.html",
        "finalLink": "https://www.sec.gov/Archives/edgar/data/98246/000095012310029936/y83398e10vk.htm"
    },
    {
        "date": "2009-10-31",
        "symbol": "TIF",
        "reportedCurrency": "USD",
        "cik": "0000098246",
        "fillingDate": "2009-12-02",
        "acceptedDate": "2009-12-02 15:40:16",
        "calendarYear": "2009",
        "period": "Q3",
        "revenue": 598212000,
        "costOfRevenue": 270409000,
        "grossProfit": 327803000,
        "grossProfitRatio": 0.5479712878,
        "researchAndDevelopmentExpenses": 0,
        "generalAndAdministrativeExpenses": 260986000,
        "sellingAndMarketingExpenses": 0,
        "sellingGeneralAndAdministrativeExpenses": 260986000,
        "otherExpenses": 0,
        "operatingExpenses": 260986000,
        "costAndExpenses": 531395000,
        "interestIncome": 0,
        "interestExpense": 0,
        "depreciationAndAmortization": 34057000,
        "ebitda": 89578000,
        "ebitdaratio": 0.1497429005,
        "operatingIncome": 66817000,
        "operatingIncomeRatio": 0.1116945163,
        "totalOtherIncomeExpensesNet": -11326000,
        "incomeBeforeTax": 55491000,
        "incomeBeforeTaxRatio": 0.0927614291,
        "incomeTaxExpense": 12182000,
        "netIncome": 43339000,
        "netIncomeRatio": 0.0724475604,
        "eps": 0.35,
        "epsdiluted": 0.35,
        "weightedAverageShsOut": 124202000,
        "weightedAverageShsOutDil": 125582000,
        "link": "https://www.sec.gov/Archives/edgar/data/98246/000009824609000191/0000098246-09-000191-index.html",
        "finalLink": "https://www.sec.gov/Archives/edgar/data/98246/000009824609000191/form10q_103109.txt"
    },
    {
        "date": "2009-07-31",
        "symbol": "TIF",
        "reportedCurrency": "USD",
        "cik": "0000098246",
        "fillingDate": "2009-09-01",
        "acceptedDate": "2009-09-01 16:19:32",
        "calendarYear": "2009",
        "period": "Q2",
        "revenue": 612493000,
        "costOfRevenue": 275041000,
        "grossProfit": 337452000,
        "grossProfitRatio": 0.5509483374,
        "researchAndDevelopmentExpenses": 0,
        "generalAndAdministrativeExpenses": 247898000,
        "sellingAndMarketingExpenses": 0,
        "sellingGeneralAndAdministrativeExpenses": 247898000,
        "otherExpenses": 0,
        "operatingExpenses": 247898000,
        "costAndExpenses": 522939000,
        "interestIncome": 0,
        "interestExpense": 12132000,
        "depreciationAndAmortization": 36605000,
        "ebitda": 126218000,
        "ebitdaratio": 0.2060725592,
        "operatingIncome": 89554000,
        "operatingIncomeRatio": 0.1462122832,
        "totalOtherIncomeExpensesNet": -12132000,
        "incomeBeforeTax": 77422000,
        "incomeBeforeTaxRatio": 0.1264047099,
        "incomeTaxExpense": 20705000,
        "netIncome": 56776000,
        "netIncomeRatio": 0.0926965696,
        "eps": 0.46,
        "epsdiluted": 0.46,
        "weightedAverageShsOut": 124081000,
        "weightedAverageShsOutDil": 124523000,
        "link": "https://www.sec.gov/Archives/edgar/data/98246/000009824609000162/0000098246-09-000162-index.html",
        "finalLink": "https://www.sec.gov/Archives/edgar/data/98246/000009824609000162/form10q_073109.txt"
    },
    {
        "date": "2009-04-30",
        "symbol": "TIF",
        "reportedCurrency": "USD",
        "cik": "0000098246",
        "fillingDate": "2009-06-02",
        "acceptedDate": "2009-06-02 16:16:44",
        "calendarYear": "2009",
        "period": "Q1",
        "revenue": 523059000,
        "costOfRevenue": 232032000,
        "grossProfit": 291027000,
        "grossProfitRatio": 0.5563942117,
        "researchAndDevelopmentExpenses": 0,
        "generalAndAdministrativeExpenses": 236587000,
        "sellingAndMarketingExpenses": 0,
        "sellingGeneralAndAdministrativeExpenses": 236587000,
        "otherExpenses": 0,
        "operatingExpenses": 236587000,
        "costAndExpenses": 468619000,
        "interestIncome": 0,
        "interestExpense": 0,
        "depreciationAndAmortization": 32929000,
        "ebitda": 74925000,
        "ebitdaratio": 0.1432438788,
        "operatingIncome": 54440000,
        "operatingIncomeRatio": 0.1040800369,
        "totalOtherIncomeExpensesNet": -12444000,
        "incomeBeforeTax": 41996000,
        "incomeBeforeTaxRatio": 0.0802892217,
        "incomeTaxExpense": 17655000,
        "netIncome": 24341000,
        "netIncomeRatio": 0.0465358592,
        "eps": 0.2,
        "epsdiluted": 0.2,
        "weightedAverageShsOut": 124001000,
        "weightedAverageShsOutDil": 124164000,
        "link": "https://www.sec.gov/Archives/edgar/data/98246/000009824609000128/0000098246-09-000128-index.html",
        "finalLink": "https://www.sec.gov/Archives/edgar/data/98246/000009824609000128/form10q_043009.txt"
    },
    {
        "date": "2009-01-31",
        "symbol": "TIF",
        "reportedCurrency": "USD",
        "cik": "0000098246",
        "fillingDate": "2009-03-30",
        "acceptedDate": "2009-03-30 16:22:56",
        "calendarYear": "2008",
        "period": "Q4",
        "revenue": 841215000,
        "costOfRevenue": 348271000,
        "grossProfit": 492944000,
        "grossProfitRatio": 0.5859905018,
        "researchAndDevelopmentExpenses": 0,
        "generalAndAdministrativeExpenses": 333441000,
        "sellingAndMarketingExpenses": 0,
        "sellingGeneralAndAdministrativeExpenses": 333441000,
        "otherExpenses": 0,
        "operatingExpenses": 333441000,
        "costAndExpenses": 681712000,
        "interestIncome": 0,
        "interestExpense": 0,
        "depreciationAndAmortization": 36020000,
        "ebitda": 88075000,
        "ebitdaratio": 0.1046997498,
        "operatingIncome": 159503000,
        "operatingIncomeRatio": 0.1896102661,
        "totalOtherIncomeExpensesNet": -107448000,
        "incomeBeforeTax": 52055000,
        "incomeBeforeTaxRatio": 0.061880732,
        "incomeTaxExpense": 20970000,
        "netIncome": 31085000,
        "netIncomeRatio": 0.0369525032,
        "eps": 0.25,
        "epsdiluted": 0.25,
        "weightedAverageShsOut": 124001000,
        "weightedAverageShsOutDil": 124001000,
        "link": "https://www.sec.gov/Archives/edgar/data/98246/000095012309005683/0000950123-09-005683-index.html",
        "finalLink": "https://www.sec.gov/Archives/edgar/data/98246/000095012309005683/y75075e10vk.htm"
    },
    {
        "date": "2008-10-31",
        "symbol": "TIF",
        "reportedCurrency": "USD",
        "cik": "0000098246",
        "fillingDate": "2008-12-02",
        "acceptedDate": "2008-12-02 13:42:25",
        "calendarYear": "2008",
        "period": "Q3",
        "revenue": 618230000,
        "costOfRevenue": 270210000,
        "grossProfit": 348020000,
        "grossProfitRatio": 0.562929654,
        "researchAndDevelopmentExpenses": 0,
        "generalAndAdministrativeExpenses": 269499000,
        "sellingAndMarketingExpenses": 0,
        "sellingGeneralAndAdministrativeExpenses": 269499000,
        "otherExpenses": 0,
        "operatingExpenses": 269499000,
        "costAndExpenses": 539709000,
        "interestIncome": 0,
        "interestExpense": 0,
        "depreciationAndAmortization": 37487000,
        "ebitda": 101555000,
        "ebitdaratio": 0.1642673439,
        "operatingIncome": 78521000,
        "operatingIncomeRatio": 0.1270093654,
        "totalOtherIncomeExpensesNet": -14453000,
        "incomeBeforeTax": 64068000,
        "incomeBeforeTaxRatio": 0.1036313346,
        "incomeTaxExpense": 20291000,
        "netIncome": 43777000,
        "netIncomeRatio": 0.0708102163,
        "eps": 0.35,
        "epsdiluted": 0.35,
        "weightedAverageShsOut": 123399000,
        "weightedAverageShsOutDil": 124899000,
        "link": "https://www.sec.gov/Archives/edgar/data/98246/000009824608000166/0000098246-08-000166-index.html",
        "finalLink": "https://www.sec.gov/Archives/edgar/data/98246/000009824608000166/form10_q103108.txt"
    },
    {
        "date": "2008-07-31",
        "symbol": "TIF",
        "reportedCurrency": "USD",
        "cik": "0000098246",
        "fillingDate": "2008-09-03",
        "acceptedDate": "2008-09-03 12:54:03",
        "calendarYear": "2008",
        "period": "Q2",
        "revenue": 732403000,
        "costOfRevenue": 309201000,
        "grossProfit": 423202000,
        "grossProfitRatio": 0.5778266883,
        "researchAndDevelopmentExpenses": 0,
        "generalAndAdministrativeExpenses": 291707000,
        "sellingAndMarketingExpenses": 0,
        "sellingGeneralAndAdministrativeExpenses": 291707000,
        "otherExpenses": 0,
        "operatingExpenses": 291707000,
        "costAndExpenses": 600908000,
        "interestIncome": 0,
        "interestExpense": 0,
        "depreciationAndAmortization": 31276000,
        "ebitda": 159427000,
        "ebitdaratio": 0.217676607,
        "operatingIncome": 131495000,
        "operatingIncomeRatio": 0.1795391335,
        "totalOtherIncomeExpensesNet": -3344000,
        "incomeBeforeTax": 128151000,
        "incomeBeforeTaxRatio": 0.1749733412,
        "incomeTaxExpense": 47381000,
        "netIncome": 80770000,
        "netIncomeRatio": 0.1102808153,
        "eps": 0.64,
        "epsdiluted": 0.63,
        "weightedAverageShsOut": 125714000,
        "weightedAverageShsOutDil": 128177000,
        "link": "https://www.sec.gov/Archives/edgar/data/98246/000009824608000146/0000098246-08-000146-index.html",
        "finalLink": "https://www.sec.gov/Archives/edgar/data/98246/000009824608000146/form10q_73108.txt"
    },
    {
        "date": "2008-04-30",
        "symbol": "TIF",
        "reportedCurrency": "USD",
        "cik": "0000098246",
        "fillingDate": "2008-06-03",
        "acceptedDate": "2008-06-03 12:28:24",
        "calendarYear": "2008",
        "period": "Q1",
        "revenue": 668149000,
        "costOfRevenue": 286895000,
        "grossProfit": 381254000,
        "grossProfitRatio": 0.5706122437,
        "researchAndDevelopmentExpenses": 0,
        "generalAndAdministrativeExpenses": 277945000,
        "sellingAndMarketingExpenses": 0,
        "sellingGeneralAndAdministrativeExpenses": 277945000,
        "otherExpenses": 0,
        "operatingExpenses": 277945000,
        "costAndExpenses": 564840000,
        "interestIncome": 0,
        "interestExpense": 0,
        "depreciationAndAmortization": 30908000,
        "ebitda": 132709000,
        "ebitdaratio": 0.1986218643,
        "operatingIncome": 103309000,
        "operatingIncomeRatio": 0.1546197031,
        "totalOtherIncomeExpensesNet": -1508000,
        "incomeBeforeTax": 101801000,
        "incomeBeforeTaxRatio": 0.1523627215,
        "incomeTaxExpense": 37411000,
        "netIncome": 64390000,
        "netIncomeRatio": 0.0963707197,
        "eps": 0.51,
        "epsdiluted": 0.5,
        "weightedAverageShsOut": 126458000,
        "weightedAverageShsOutDil": 128773000,
        "link": "https://www.sec.gov/Archives/edgar/data/98246/000009824608000115/0000098246-08-000115-index.html",
        "finalLink": "https://www.sec.gov/Archives/edgar/data/98246/000009824608000115/form10q_043008.txt"
    },
    {
        "date": "2008-01-31",
        "symbol": "TIF",
        "reportedCurrency": "USD",
        "cik": "0000098246",
        "fillingDate": "2008-03-28",
        "acceptedDate": "2008-03-28 16:21:43",
        "calendarYear": "2007",
        "period": "Q4",
        "revenue": 1053157000,
        "costOfRevenue": 453463000,
        "grossProfit": 599694000,
        "grossProfitRatio": 0.5694250715,
        "researchAndDevelopmentExpenses": 0,
        "generalAndAdministrativeExpenses": 411427000,
        "sellingAndMarketingExpenses": -105051000,
        "sellingGeneralAndAdministrativeExpenses": 306376000,
        "otherExpenses": 0,
        "operatingExpenses": 306376000,
        "costAndExpenses": 759839000,
        "interestIncome": 0,
        "interestExpense": 0,
        "depreciationAndAmortization": 29520000,
        "ebitda": 217795000,
        "ebitdaratio": 0.2068020248,
        "operatingIncome": 293318000,
        "operatingIncomeRatio": 0.2785130802,
        "totalOtherIncomeExpensesNet": -105043000,
        "incomeBeforeTax": 188275000,
        "incomeBeforeTaxRatio": 0.1787720159,
        "incomeTaxExpense": 70025000,
        "netIncome": 118250000,
        "netIncomeRatio": 0.1122814547,
        "eps": 0.94,
        "epsdiluted": 0.94,
        "weightedAverageShsOut": 126458000,
        "weightedAverageShsOutDil": 126458000,
        "link": "https://www.sec.gov/Archives/edgar/data/98246/000095012308003517/0000950123-08-003517-index.htm",
        "finalLink": "https://www.sec.gov/Archives/edgar/data/98246/000095012308003517/y50485e10vk.htm"
    },
    {
        "date": "2007-10-31",
        "symbol": "TIF",
        "reportedCurrency": "USD",
        "cik": "0000098246",
        "fillingDate": "2007-11-30",
        "acceptedDate": "2007-11-30 14:56:35",
        "calendarYear": "2007",
        "period": "Q3",
        "revenue": 627323000,
        "costOfRevenue": 290186000,
        "grossProfit": 337137000,
        "grossProfitRatio": 0.537421711,
        "researchAndDevelopmentExpenses": 0,
        "generalAndAdministrativeExpenses": 288403000,
        "sellingAndMarketingExpenses": 0,
        "sellingGeneralAndAdministrativeExpenses": 288403000,
        "otherExpenses": 0,
        "operatingExpenses": 288403000,
        "costAndExpenses": 578589000,
        "interestIncome": 0,
        "interestExpense": 0,
        "depreciationAndAmortization": 30901000,
        "ebitda": 180825000,
        "ebitdaratio": 0.2882486375,
        "operatingIncome": 48734000,
        "operatingIncomeRatio": 0.0776856579,
        "totalOtherIncomeExpensesNet": 102745000,
        "incomeBeforeTax": 151479000,
        "incomeBeforeTaxRatio": 0.2414689084,
        "incomeTaxExpense": 51034000,
        "netIncome": 98890000,
        "netIncomeRatio": 0.1576380907,
        "eps": 0.73,
        "epsdiluted": 0.71,
        "weightedAverageShsOut": 136124000,
        "weightedAverageShsOutDil": 139487000,
        "link": "https://www.sec.gov/Archives/edgar/data/98246/000095012307016168/0000950123-07-016168-index.html",
        "finalLink": "https://www.sec.gov/Archives/edgar/data/98246/000095012307016168/y43302e10vq.htm"
    },
    {
        "date": "2007-07-31",
        "symbol": "TIF",
        "reportedCurrency": "USD",
        "cik": "0000098246",
        "fillingDate": "2007-08-30",
        "acceptedDate": "2007-08-30 16:37:40",
        "calendarYear": "2007",
        "period": "Q2",
        "revenue": 662562000,
        "costOfRevenue": 296449000,
        "grossProfit": 366113000,
        "grossProfitRatio": 0.5525716839,
        "researchAndDevelopmentExpenses": 0,
        "generalAndAdministrativeExpenses": 259119000,
        "sellingAndMarketingExpenses": 0,
        "sellingGeneralAndAdministrativeExpenses": 259119000,
        "otherExpenses": 0,
        "operatingExpenses": 259119000,
        "costAndExpenses": 555568000,
        "interestIncome": 0,
        "interestExpense": 0,
        "depreciationAndAmortization": 30096000,
        "ebitda": 108096000,
        "ebitdaratio": 0.1631485053,
        "operatingIncome": 106994000,
        "operatingIncomeRatio": 0.1614852648,
        "totalOtherIncomeExpensesNet": -2748000,
        "incomeBeforeTax": 104246000,
        "incomeBeforeTaxRatio": 0.1573377284,
        "incomeTaxExpense": 41027000,
        "netIncome": 36973000,
        "netIncomeRatio": 0.0558030796,
        "eps": 0.27,
        "epsdiluted": 0.26,
        "weightedAverageShsOut": 136743000,
        "weightedAverageShsOutDil": 140325000,
        "link": "https://www.sec.gov/Archives/edgar/data/98246/000095012307012159/0000950123-07-012159-index.html",
        "finalLink": "https://www.sec.gov/Archives/edgar/data/98246/000095012307012159/y39239e10vq.htm"
    },
    {
        "date": "2007-04-30",
        "symbol": "TIF",
        "reportedCurrency": "USD",
        "cik": "0000098246",
        "fillingDate": "2007-06-04",
        "acceptedDate": "2007-06-04 15:47:10",
        "calendarYear": "2007",
        "period": "Q1",
        "revenue": 620875000,
        "costOfRevenue": 282386000,
        "grossProfit": 338489000,
        "grossProfitRatio": 0.5451805919,
        "researchAndDevelopmentExpenses": 0,
        "generalAndAdministrativeExpenses": 257035000,
        "sellingAndMarketingExpenses": 0,
        "sellingGeneralAndAdministrativeExpenses": 257035000,
        "otherExpenses": 0,
        "operatingExpenses": 257035000,
        "costAndExpenses": 539421000,
        "interestIncome": 0,
        "interestExpense": 0,
        "depreciationAndAmortization": 31634000,
        "ebitda": 109872000,
        "ebitdaratio": 0.1769631568,
        "operatingIncome": 81454000,
        "operatingIncomeRatio": 0.131192269,
        "totalOtherIncomeExpensesNet": -3216000,
        "incomeBeforeTax": 78238000,
        "incomeBeforeTaxRatio": 0.1260124824,
        "incomeTaxExpense": 28579000,
        "netIncome": 49659000,
        "netIncomeRatio": 0.0799822831,
        "eps": 0.36,
        "epsdiluted": 0.36,
        "weightedAverageShsOut": 136488000,
        "weightedAverageShsOutDil": 139724000,
        "link": "https://www.sec.gov/Archives/edgar/data/98246/000009824607000129/0000098246-07-000129-index.html",
        "finalLink": "https://www.sec.gov/Archives/edgar/data/98246/000009824607000129/form10q_043007.txt"
    },
    {
        "date": "2007-01-31",
        "symbol": "TIF",
        "reportedCurrency": "USD",
        "cik": "0000098246",
        "fillingDate": "2007-03-30",
        "acceptedDate": "2007-03-30 16:49:44",
        "calendarYear": "2006",
        "period": "Q4",
        "revenue": 986354000,
        "costOfRevenue": 422258000,
        "grossProfit": 564096000,
        "grossProfitRatio": 0.5719001494,
        "researchAndDevelopmentExpenses": 0,
        "generalAndAdministrativeExpenses": 339600000,
        "sellingAndMarketingExpenses": 0,
        "sellingGeneralAndAdministrativeExpenses": 339600000,
        "otherExpenses": 0,
        "operatingExpenses": 339600000,
        "costAndExpenses": 761858000,
        "interestIncome": 0,
        "interestExpense": 0,
        "depreciationAndAmortization": 29847000,
        "ebitda": 251400000,
        "ebitdaratio": 0.2548780661,
        "operatingIncome": 224496000,
        "operatingIncomeRatio": 0.2276018549,
        "totalOtherIncomeExpensesNet": -2943000,
        "incomeBeforeTax": 221553000,
        "incomeBeforeTaxRatio": 0.2246181391,
        "incomeTaxExpense": 81054000,
        "netIncome": 140499000,
        "netIncomeRatio": 0.1424427741,
        "eps": 1.03,
        "epsdiluted": 1.03,
        "weightedAverageShsOut": 136488000,
        "weightedAverageShsOutDil": 136488000,
        "link": "https://www.sec.gov/Archives/edgar/data/98246/000095012307004769/0000950123-07-004769-index.htm",
        "finalLink": "https://www.sec.gov/Archives/edgar/data/98246/000095012307004769/y32170e10vk.htm"
    },
    {
        "date": "2006-10-31",
        "symbol": "TIF",
        "reportedCurrency": "USD",
        "cik": "0000098246",
        "fillingDate": "2006-10-31",
        "acceptedDate": "2006-10-30 19:00:00",
        "calendarYear": "2006",
        "period": "Q3",
        "revenue": 547786000,
        "costOfRevenue": 254311000,
        "grossProfit": 293475000,
        "grossProfitRatio": 0.5357475364,
        "researchAndDevelopmentExpenses": 0,
        "generalAndAdministrativeExpenses": 249419000,
        "sellingAndMarketingExpenses": 0,
        "sellingGeneralAndAdministrativeExpenses": 249419000,
        "otherExpenses": 0,
        "operatingExpenses": 249419000,
        "costAndExpenses": 503730000,
        "interestIncome": 0,
        "interestExpense": 0,
        "depreciationAndAmortization": 29701000,
        "ebitda": 74982000,
        "ebitdaratio": 0.136881921,
        "operatingIncome": 44056000,
        "operatingIncomeRatio": 0.0804255676,
        "totalOtherIncomeExpensesNet": 1225000,
        "incomeBeforeTax": 45281000,
        "incomeBeforeTaxRatio": 0.0826618424,
        "incomeTaxExpense": 16139000,
        "netIncome": 29142000,
        "netIncomeRatio": 0.0531996071,
        "eps": 0.21,
        "epsdiluted": 0.21,
        "weightedAverageShsOut": 136753000,
        "weightedAverageShsOutDil": 138872000,
        "link": "",
        "finalLink": ""
    },
    {
        "date": "2006-07-31",
        "symbol": "TIF",
        "reportedCurrency": "USD",
        "cik": "0000098246",
        "fillingDate": "2006-07-31",
        "acceptedDate": "2006-07-30 20:00:00",
        "calendarYear": "2006",
        "period": "Q2",
        "revenue": 574940000,
        "costOfRevenue": 257962000,
        "grossProfit": 316978000,
        "grossProfitRatio": 0.5513236164,
        "researchAndDevelopmentExpenses": 0,
        "generalAndAdministrativeExpenses": 244342000,
        "sellingAndMarketingExpenses": 0,
        "sellingGeneralAndAdministrativeExpenses": 244342000,
        "otherExpenses": 0,
        "operatingExpenses": 244342000,
        "costAndExpenses": 502304000,
        "interestIncome": 0,
        "interestExpense": 0,
        "depreciationAndAmortization": 29912000,
        "ebitda": 97241000,
        "ebitdaratio": 0.1691324312,
        "operatingIncome": 72636000,
        "operatingIncomeRatio": 0.1263366612,
        "totalOtherIncomeExpensesNet": -5307000,
        "incomeBeforeTax": 67329000,
        "incomeBeforeTaxRatio": 0.1171061328,
        "incomeTaxExpense": 26185000,
        "netIncome": 41144000,
        "netIncomeRatio": 0.07156225,
        "eps": 0.3,
        "epsdiluted": 0.29,
        "weightedAverageShsOut": 139170000,
        "weightedAverageShsOutDil": 141177000,
        "link": "",
        "finalLink": ""
    },
    {
        "date": "2006-04-30",
        "symbol": "TIF",
        "reportedCurrency": "USD",
        "cik": "0000098246",
        "fillingDate": "2006-04-30",
        "acceptedDate": "2006-04-29 20:00:00",
        "calendarYear": "2006",
        "period": "Q1",
        "revenue": 539241000,
        "costOfRevenue": 238115000,
        "grossProfit": 301126000,
        "grossProfitRatio": 0.558425639,
        "researchAndDevelopmentExpenses": 0,
        "generalAndAdministrativeExpenses": 226879000,
        "sellingAndMarketingExpenses": 0,
        "sellingGeneralAndAdministrativeExpenses": 226879000,
        "otherExpenses": 0,
        "operatingExpenses": 226879000,
        "costAndExpenses": 464994000,
        "interestIncome": 0,
        "interestExpense": 0,
        "depreciationAndAmortization": 28347000,
        "ebitda": 98619000,
        "ebitdaratio": 0.1828848326,
        "operatingIncome": 74247000,
        "operatingIncomeRatio": 0.1376879725,
        "totalOtherIncomeExpensesNet": -3975000,
        "incomeBeforeTax": 70272000,
        "incomeBeforeTaxRatio": 0.1303165004,
        "incomeTaxExpense": 27130000,
        "netIncome": 43142000,
        "netIncomeRatio": 0.0800050441,
        "eps": 0.3,
        "epsdiluted": 0.3,
        "weightedAverageShsOut": 141941000,
        "weightedAverageShsOutDil": 144367000,
        "link": "",
        "finalLink": ""
    },
    {
        "date": "2006-01-31",
        "symbol": "TIF",
        "reportedCurrency": "USD",
        "cik": "0000098246",
        "fillingDate": "2006-03-31",
        "acceptedDate": "2006-03-31 13:37:51",
        "calendarYear": "2005",
        "period": "Q4",
        "revenue": 858446000,
        "costOfRevenue": 353541000,
        "grossProfit": 504905000,
        "grossProfitRatio": 0.5881616316,
        "researchAndDevelopmentExpenses": 0,
        "generalAndAdministrativeExpenses": 302374000,
        "sellingAndMarketingExpenses": 0,
        "sellingGeneralAndAdministrativeExpenses": 302374000,
        "otherExpenses": 0,
        "operatingExpenses": 302374000,
        "costAndExpenses": 655915000,
        "interestIncome": 0,
        "interestExpense": 0,
        "depreciationAndAmortization": 27729000,
        "ebitda": 227882000,
        "ebitdaratio": 0.2654587476,
        "operatingIncome": 202531000,
        "operatingIncomeRatio": 0.2359274783,
        "totalOtherIncomeExpensesNet": -2378000,
        "incomeBeforeTax": 200153000,
        "incomeBeforeTaxRatio": 0.2331573564,
        "incomeTaxExpense": 59896000,
        "netIncome": 140257000,
        "netIncomeRatio": 0.1633847674,
        "eps": 0.99,
        "epsdiluted": 0.99,
        "weightedAverageShsOut": 141941000,
        "weightedAverageShsOutDil": 141941000,
        "link": "https://www.sec.gov/Archives/edgar/data/98246/000095012306003996/0000950123-06-003996-index.html",
        "finalLink": "https://www.sec.gov/Archives/edgar/data/98246/000095012306003996/y18178e10vk.htm"
    },
    {
        "date": "2005-10-31",
        "symbol": "TIF",
        "reportedCurrency": "USD",
        "cik": "0000098246",
        "fillingDate": "2005-10-31",
        "acceptedDate": "2005-10-30 19:00:00",
        "calendarYear": "2005",
        "period": "Q3",
        "revenue": 500105000,
        "costOfRevenue": 229575000,
        "grossProfit": 270530000,
        "grossProfitRatio": 0.5409464013,
        "researchAndDevelopmentExpenses": 0,
        "generalAndAdministrativeExpenses": 230735000,
        "sellingAndMarketingExpenses": 0,
        "sellingGeneralAndAdministrativeExpenses": 230735000,
        "otherExpenses": 0,
        "operatingExpenses": 230735000,
        "costAndExpenses": 460310000,
        "interestIncome": 0,
        "interestExpense": 0,
        "depreciationAndAmortization": 26621000,
        "ebitda": 62127000,
        "ebitdaratio": 0.1242279121,
        "operatingIncome": 39795000,
        "operatingIncomeRatio": 0.0795732896,
        "totalOtherIncomeExpensesNet": -4289000,
        "incomeBeforeTax": 35506000,
        "incomeBeforeTaxRatio": 0.0709970906,
        "incomeTaxExpense": 11717000,
        "netIncome": 23789000,
        "netIncomeRatio": 0.0475680107,
        "eps": 0.17,
        "epsdiluted": 0.16,
        "weightedAverageShsOut": 142280000,
        "weightedAverageShsOutDil": 144993000,
        "link": "",
        "finalLink": ""
    },
    {
        "date": "2005-07-31",
        "symbol": "TIF",
        "reportedCurrency": "USD",
        "cik": "0000098246",
        "fillingDate": "2005-09-02",
        "acceptedDate": "2005-09-01 20:00:00",
        "calendarYear": "2005",
        "period": "Q2",
        "revenue": 526701000,
        "costOfRevenue": 234617000,
        "grossProfit": 292084000,
        "grossProfitRatio": 0.5545537221,
        "researchAndDevelopmentExpenses": 0,
        "generalAndAdministrativeExpenses": 218016000,
        "sellingAndMarketingExpenses": 0,
        "sellingGeneralAndAdministrativeExpenses": 218016000,
        "otherExpenses": 0,
        "operatingExpenses": 218016000,
        "costAndExpenses": 452633000,
        "interestIncome": 0,
        "interestExpense": 0,
        "depreciationAndAmortization": 27112000,
        "ebitda": 97322000,
        "ebitdaratio": 0.184776562,
        "operatingIncome": 74068000,
        "operatingIncomeRatio": 0.1406262756,
        "totalOtherIncomeExpensesNet": -3858000,
        "incomeBeforeTax": 70210000,
        "incomeBeforeTaxRatio": 0.1333014367,
        "incomeTaxExpense": 19659000,
        "netIncome": 50551000,
        "netIncomeRatio": 0.0959766547,
        "eps": 0.35,
        "epsdiluted": 0.35,
        "weightedAverageShsOut": 142989000,
        "weightedAverageShsOutDil": 144930000,
        "link": "https://www.sec.gov/Archives/edgar/data/98246/000009824605000112/0000098246-05-000112-index.htm",
        "finalLink": "https://www.sec.gov/Archives/edgar/data/98246/000009824605000112/form10q_073105.txt"
    },
    {
        "date": "2005-04-30",
        "symbol": "TIF",
        "reportedCurrency": "USD",
        "cik": "0000098246",
        "fillingDate": "2006-02-08",
        "acceptedDate": "2006-02-07 19:00:00",
        "calendarYear": "2005",
        "period": "Q1",
        "revenue": 509901000,
        "costOfRevenue": 235080000,
        "grossProfit": 274821000,
        "grossProfitRatio": 0.5389693293,
        "researchAndDevelopmentExpenses": 0,
        "generalAndAdministrativeExpenses": 208510000,
        "sellingAndMarketingExpenses": 0,
        "sellingGeneralAndAdministrativeExpenses": 208510000,
        "otherExpenses": 0,
        "operatingExpenses": 208510000,
        "costAndExpenses": 443590000,
        "interestIncome": 0,
        "interestExpense": 0,
        "depreciationAndAmortization": 27987000,
        "ebitda": 90092000,
        "ebitdaratio": 0.1766852781,
        "operatingIncome": 66311000,
        "operatingIncomeRatio": 0.130046813,
        "totalOtherIncomeExpensesNet": -4206000,
        "incomeBeforeTax": 62105000,
        "incomeBeforeTaxRatio": 0.121798153,
        "incomeTaxExpense": 22047000,
        "netIncome": 40058000,
        "netIncomeRatio": 0.078560348,
        "eps": 0.28,
        "epsdiluted": 0.27,
        "weightedAverageShsOut": 144248000,
        "weightedAverageShsOutDil": 146285000,
        "link": "https://www.sec.gov/Archives/edgar/data/98246/000009824606000090/0000098246-06-000090-index.htm",
        "finalLink": "https://www.sec.gov/Archives/edgar/data/98246/000009824606000090/form10q-a_043005.txt"
    },
    {
        "date": "2005-01-31",
        "symbol": "TIF",
        "reportedCurrency": "USD",
        "cik": "0000098246",
        "fillingDate": "2005-01-31",
        "acceptedDate": "2005-01-30 19:00:00",
        "calendarYear": "2004",
        "period": "Q4",
        "revenue": 810122000,
        "costOfRevenue": 350809000,
        "grossProfit": 459313000,
        "grossProfitRatio": 0.5669676913,
        "researchAndDevelopmentExpenses": 0,
        "generalAndAdministrativeExpenses": 335925000,
        "sellingAndMarketingExpenses": 0,
        "sellingGeneralAndAdministrativeExpenses": 335925000,
        "otherExpenses": 0,
        "operatingExpenses": 335925000,
        "costAndExpenses": 686734000,
        "interestIncome": 0,
        "interestExpense": 0,
        "depreciationAndAmortization": 28476000,
        "ebitda": 342881000,
        "ebitdaratio": 0.4232461284,
        "operatingIncome": 123388000,
        "operatingIncomeRatio": 0.152307924,
        "totalOtherIncomeExpensesNet": 191017000,
        "incomeBeforeTax": 314405000,
        "incomeBeforeTaxRatio": 0.388095867,
        "incomeTaxExpense": 107839000,
        "netIncome": 206566000,
        "netIncomeRatio": 0.2549813485,
        "eps": 1.43,
        "epsdiluted": 1.43,
        "weightedAverageShsOut": 144248000,
        "weightedAverageShsOutDil": 144248000,
        "link": "",
        "finalLink": ""
    },
    {
        "date": "2004-10-31",
        "symbol": "TIF",
        "reportedCurrency": "USD",
        "cik": "0000098246",
        "fillingDate": "2004-10-31",
        "acceptedDate": "2004-10-30 20:00:00",
        "calendarYear": "2004",
        "period": "Q3",
        "revenue": 461152000,
        "costOfRevenue": 214842000,
        "grossProfit": 246310000,
        "grossProfitRatio": 0.5341189022,
        "researchAndDevelopmentExpenses": 0,
        "generalAndAdministrativeExpenses": 207362000,
        "sellingAndMarketingExpenses": 0,
        "sellingGeneralAndAdministrativeExpenses": 207362000,
        "otherExpenses": 0,
        "operatingExpenses": 207362000,
        "costAndExpenses": 422204000,
        "interestIncome": 0,
        "interestExpense": 0,
        "depreciationAndAmortization": 26968000,
        "ebitda": 60640000,
        "ebitdaratio": 0.1314967733,
        "operatingIncome": 38948000,
        "operatingIncomeRatio": 0.0844580529,
        "totalOtherIncomeExpensesNet": -5276000,
        "incomeBeforeTax": 33672000,
        "incomeBeforeTaxRatio": 0.0730171397,
        "incomeTaxExpense": 12863000,
        "netIncome": 20809000,
        "netIncomeRatio": 0.0451239505,
        "eps": 0.14,
        "epsdiluted": 0.14,
        "weightedAverageShsOut": 145943000,
        "weightedAverageShsOutDil": 147750000,
        "link": "",
        "finalLink": ""
    },
    {
        "date": "2004-07-31",
        "symbol": "TIF",
        "reportedCurrency": "USD",
        "cik": "0000098246",
        "fillingDate": "2004-07-31",
        "acceptedDate": "2004-07-30 20:00:00",
        "calendarYear": "2004",
        "period": "Q2",
        "revenue": 476597000,
        "costOfRevenue": 211313000,
        "grossProfit": 265284000,
        "grossProfitRatio": 0.5566212125,
        "researchAndDevelopmentExpenses": 0,
        "generalAndAdministrativeExpenses": 201427000,
        "sellingAndMarketingExpenses": 0,
        "sellingGeneralAndAdministrativeExpenses": 201427000,
        "otherExpenses": 0,
        "operatingExpenses": 201427000,
        "costAndExpenses": 412740000,
        "interestIncome": 0,
        "interestExpense": 0,
        "depreciationAndAmortization": 27797000,
        "ebitda": 86856000,
        "ebitdaratio": 0.18224202,
        "operatingIncome": 63857000,
        "operatingIncomeRatio": 0.1339853167,
        "totalOtherIncomeExpensesNet": -4798000,
        "incomeBeforeTax": 59059000,
        "incomeBeforeTaxRatio": 0.1239181111,
        "incomeTaxExpense": 22443000,
        "netIncome": 36616000,
        "netIncomeRatio": 0.0768280119,
        "eps": 0.25,
        "epsdiluted": 0.25,
        "weightedAverageShsOut": 146370000,
        "weightedAverageShsOutDil": 148669000,
        "link": "",
        "finalLink": ""
    },
    {
        "date": "2004-04-30",
        "symbol": "TIF",
        "reportedCurrency": "USD",
        "cik": "0000098246",
        "fillingDate": "2004-04-30",
        "acceptedDate": "2004-04-29 20:00:00",
        "calendarYear": "2004",
        "period": "Q1",
        "revenue": 456960000,
        "costOfRevenue": 197294000,
        "grossProfit": 259666000,
        "grossProfitRatio": 0.5682466737,
        "researchAndDevelopmentExpenses": 0,
        "generalAndAdministrativeExpenses": 191330000,
        "sellingAndMarketingExpenses": 0,
        "sellingGeneralAndAdministrativeExpenses": 191330000,
        "otherExpenses": 0,
        "operatingExpenses": 191330000,
        "costAndExpenses": 388624000,
        "interestIncome": 0,
        "interestExpense": 0,
        "depreciationAndAmortization": 24944000,
        "ebitda": 89956000,
        "ebitdaratio": 0.196857493,
        "operatingIncome": 68336000,
        "operatingIncomeRatio": 0.1495448179,
        "totalOtherIncomeExpensesNet": -3324000,
        "incomeBeforeTax": 65012000,
        "incomeBeforeTaxRatio": 0.1422706583,
        "incomeTaxExpense": 24704000,
        "netIncome": 40308000,
        "netIncomeRatio": 0.0882090336,
        "eps": 0.27,
        "epsdiluted": 0.27,
        "weightedAverageShsOut": 146815000,
        "weightedAverageShsOutDil": 149481000,
        "link": "",
        "finalLink": ""
    },
    {
        "date": "2004-01-31",
        "symbol": "TIF",
        "reportedCurrency": "USD",
        "cik": "0000098246",
        "fillingDate": "2004-01-31",
        "acceptedDate": "2004-01-30 19:00:00",
        "calendarYear": "2003",
        "period": "Q4",
        "revenue": 731588000,
        "costOfRevenue": 296543000,
        "grossProfit": 435045000,
        "grossProfitRatio": 0.594658469,
        "researchAndDevelopmentExpenses": 0,
        "generalAndAdministrativeExpenses": 256163000,
        "sellingAndMarketingExpenses": 0,
        "sellingGeneralAndAdministrativeExpenses": 256163000,
        "otherExpenses": 0,
        "operatingExpenses": 256163000,
        "costAndExpenses": 552706000,
        "interestIncome": 0,
        "interestExpense": 0,
        "depreciationAndAmortization": 24761000,
        "ebitda": 201505000,
        "ebitdaratio": 0.2754350809,
        "operatingIncome": 178882000,
        "operatingIncomeRatio": 0.2445119384,
        "totalOtherIncomeExpensesNet": -2138000,
        "incomeBeforeTax": 176744000,
        "incomeBeforeTaxRatio": 0.2415895285,
        "incomeTaxExpense": 66268000,
        "netIncome": 110476000,
        "netIncomeRatio": 0.1510084911,
        "eps": 0.75,
        "epsdiluted": 0.75,
        "weightedAverageShsOut": 146815000,
        "weightedAverageShsOutDil": 146815000,
        "link": "",
        "finalLink": ""
    },
    {
        "date": "2003-10-31",
        "symbol": "TIF",
        "reportedCurrency": "USD",
        "cik": "0000098246",
        "fillingDate": "2003-10-31",
        "acceptedDate": "2003-10-30 19:00:00",
        "calendarYear": "2003",
        "period": "Q3",
        "revenue": 430123000,
        "costOfRevenue": 192402000,
        "grossProfit": 237721000,
        "grossProfitRatio": 0.5526814423,
        "researchAndDevelopmentExpenses": 0,
        "generalAndAdministrativeExpenses": 188506000,
        "sellingAndMarketingExpenses": 0,
        "sellingGeneralAndAdministrativeExpenses": 188506000,
        "otherExpenses": 0,
        "operatingExpenses": 188506000,
        "costAndExpenses": 380908000,
        "interestIncome": 0,
        "interestExpense": 0,
        "depreciationAndAmortization": 22789000,
        "ebitda": 67071000,
        "ebitdaratio": 0.1559344653,
        "operatingIncome": 49215000,
        "operatingIncomeRatio": 0.1144207587,
        "totalOtherIncomeExpensesNet": -4933000,
        "incomeBeforeTax": 44282000,
        "incomeBeforeTaxRatio": 0.1029519463,
        "incomeTaxExpense": 16251000,
        "netIncome": 28031000,
        "netIncomeRatio": 0.0651697305,
        "eps": 0.19,
        "epsdiluted": 0.19,
        "weightedAverageShsOut": 146047000,
        "weightedAverageShsOutDil": 149079000,
        "link": "",
        "finalLink": ""
    },
    {
        "date": "2003-07-31",
        "symbol": "TIF",
        "reportedCurrency": "USD",
        "cik": "0000098246",
        "fillingDate": "2003-09-08",
        "acceptedDate": "2003-09-08 09:26:30",
        "calendarYear": "2003",
        "period": "Q2",
        "revenue": 442495000,
        "costOfRevenue": 187523000,
        "grossProfit": 254972000,
        "grossProfitRatio": 0.5762144205,
        "researchAndDevelopmentExpenses": 0,
        "generalAndAdministrativeExpenses": 186519000,
        "sellingAndMarketingExpenses": 0,
        "sellingGeneralAndAdministrativeExpenses": 186519000,
        "otherExpenses": 0,
        "operatingExpenses": 186519000,
        "costAndExpenses": 374042000,
        "interestIncome": 0,
        "interestExpense": 0,
        "depreciationAndAmortization": 21503000,
        "ebitda": 86506000,
        "ebitdaratio": 0.1954959943,
        "operatingIncome": 68453000,
        "operatingIncomeRatio": 0.1546977932,
        "totalOtherIncomeExpensesNet": -3450000,
        "incomeBeforeTax": 65003000,
        "incomeBeforeTaxRatio": 0.1469010949,
        "incomeTaxExpense": 23856000,
        "netIncome": 41147000,
        "netIncomeRatio": 0.0929886213,
        "eps": 0.28,
        "epsdiluted": 0.28,
        "weightedAverageShsOut": 145294000,
        "weightedAverageShsOutDil": 148163000,
        "link": "https://www.sec.gov/Archives/edgar/data/98246/000009824603000114/0000098246-03-000114-index.html",
        "finalLink": "https://www.sec.gov/Archives/edgar/data/98246/000009824603000114/form10q_73103.txt"
    },
    {
        "date": "2003-04-30",
        "symbol": "TIF",
        "reportedCurrency": "USD",
        "cik": "0000098246",
        "fillingDate": "2003-04-30",
        "acceptedDate": "2003-04-29 20:00:00",
        "calendarYear": "2003",
        "period": "Q1",
        "revenue": 395839000,
        "costOfRevenue": 166195000,
        "grossProfit": 229644000,
        "grossProfitRatio": 0.5801449579,
        "researchAndDevelopmentExpenses": 0,
        "generalAndAdministrativeExpenses": 170675000,
        "sellingAndMarketingExpenses": 0,
        "sellingGeneralAndAdministrativeExpenses": 170675000,
        "otherExpenses": 0,
        "operatingExpenses": 170675000,
        "costAndExpenses": 336870000,
        "interestIncome": 0,
        "interestExpense": 0,
        "depreciationAndAmortization": 21367000,
        "ebitda": 78023000,
        "ebitdaratio": 0.1971079151,
        "operatingIncome": 58969000,
        "operatingIncomeRatio": 0.1489721831,
        "totalOtherIncomeExpensesNet": -2313000,
        "incomeBeforeTax": 56656000,
        "incomeBeforeTaxRatio": 0.1431288984,
        "incomeTaxExpense": 20793000,
        "netIncome": 35863000,
        "netIncomeRatio": 0.0905999661,
        "eps": 0.25,
        "epsdiluted": 0.24,
        "weightedAverageShsOut": 144894000,
        "weightedAverageShsOutDil": 147438000,
        "link": "",
        "finalLink": ""
    },
    {
        "date": "2003-01-31",
        "symbol": "TIF",
        "reportedCurrency": "USD",
        "cik": "0000098246",
        "fillingDate": "2003-01-31",
        "acceptedDate": "2003-01-30 19:00:00",
        "calendarYear": "2002",
        "period": "Q4",
        "revenue": 619013000,
        "costOfRevenue": 249600000,
        "grossProfit": 369413000,
        "grossProfitRatio": 0.5967774506,
        "researchAndDevelopmentExpenses": 0,
        "generalAndAdministrativeExpenses": 217773000,
        "sellingAndMarketingExpenses": 0,
        "sellingGeneralAndAdministrativeExpenses": 217773000,
        "otherExpenses": 0,
        "operatingExpenses": 217773000,
        "costAndExpenses": 467373000,
        "interestIncome": 0,
        "interestExpense": 0,
        "depreciationAndAmortization": 21723000,
        "ebitda": 167855000,
        "ebitdaratio": 0.271165549,
        "operatingIncome": 151640000,
        "operatingIncomeRatio": 0.2449706226,
        "totalOtherIncomeExpensesNet": -5508000,
        "incomeBeforeTax": 146132000,
        "incomeBeforeTaxRatio": 0.2360725865,
        "incomeTaxExpense": 56845000,
        "netIncome": 89287000,
        "netIncomeRatio": 0.1442409125,
        "eps": 0.62,
        "epsdiluted": 0.62,
        "weightedAverageShsOut": 144894000,
        "weightedAverageShsOutDil": 144894000,
        "link": "",
        "finalLink": ""
    },
    {
        "date": "2002-10-31",
        "symbol": "TIF",
        "reportedCurrency": "USD",
        "cik": "0000098246",
        "fillingDate": "2002-10-31",
        "acceptedDate": "2002-10-30 19:00:00",
        "calendarYear": "2002",
        "period": "Q3",
        "revenue": 366033000,
        "costOfRevenue": 150220000,
        "grossProfit": 215813000,
        "grossProfitRatio": 0.5895998448,
        "researchAndDevelopmentExpenses": 0,
        "generalAndAdministrativeExpenses": 165900000,
        "sellingAndMarketingExpenses": 0,
        "sellingGeneralAndAdministrativeExpenses": 165900000,
        "otherExpenses": 0,
        "operatingExpenses": 165900000,
        "costAndExpenses": 316120000,
        "interestIncome": 0,
        "interestExpense": 0,
        "depreciationAndAmortization": 19145000,
        "ebitda": 63612000,
        "ebitdaratio": 0.1737876093,
        "operatingIncome": 49913000,
        "operatingIncomeRatio": 0.136362022,
        "totalOtherIncomeExpensesNet": -5446000,
        "incomeBeforeTax": 44467000,
        "incomeBeforeTaxRatio": 0.1214835821,
        "incomeTaxExpense": 9283000,
        "netIncome": 35184000,
        "netIncomeRatio": 0.0961224808,
        "eps": 0.24,
        "epsdiluted": 0.24,
        "weightedAverageShsOut": 145137000,
        "weightedAverageShsOutDil": 148066000,
        "link": "",
        "finalLink": ""
    },
    {
        "date": "2002-07-31",
        "symbol": "TIF",
        "reportedCurrency": "USD",
        "cik": "0000098246",
        "fillingDate": "2002-09-11",
        "acceptedDate": "2002-09-10 20:00:00",
        "calendarYear": "2002",
        "period": "Q2",
        "revenue": 374427000,
        "costOfRevenue": 154620000,
        "grossProfit": 219807000,
        "grossProfitRatio": 0.5870490109,
        "researchAndDevelopmentExpenses": 0,
        "generalAndAdministrativeExpenses": 160729000,
        "sellingAndMarketingExpenses": 0,
        "sellingGeneralAndAdministrativeExpenses": 160729000,
        "otherExpenses": 0,
        "operatingExpenses": 160729000,
        "costAndExpenses": 315349000,
        "interestIncome": 0,
        "interestExpense": 0,
        "depreciationAndAmortization": 19126000,
        "ebitda": 73650000,
        "ebitdaratio": 0.1967005585,
        "operatingIncome": 59078000,
        "operatingIncomeRatio": 0.1577824249,
        "totalOtherIncomeExpensesNet": -4554000,
        "incomeBeforeTax": 54524000,
        "incomeBeforeTaxRatio": 0.1456198404,
        "incomeTaxExpense": 21810000,
        "netIncome": 32714000,
        "netIncomeRatio": 0.087370836,
        "eps": 0.22,
        "epsdiluted": 0.22,
        "weightedAverageShsOut": 145780000,
        "weightedAverageShsOutDil": 149727000,
        "link": "https://www.sec.gov/Archives/edgar/data/98246/000009824602000055/0000098246-02-000055-index.htm",
        "finalLink": "https://www.sec.gov/Archives/edgar/data/98246/000009824602000055/form10q_073102.txt"
    },
    {
        "date": "2002-04-30",
        "symbol": "TIF",
        "reportedCurrency": "USD",
        "cik": "0000098246",
        "fillingDate": "2002-04-30",
        "acceptedDate": "2002-04-29 20:00:00",
        "calendarYear": "2002",
        "period": "Q1",
        "revenue": 347129000,
        "costOfRevenue": 140714000,
        "grossProfit": 206415000,
        "grossProfitRatio": 0.5946348476,
        "researchAndDevelopmentExpenses": 0,
        "generalAndAdministrativeExpenses": 147849000,
        "sellingAndMarketingExpenses": 0,
        "sellingGeneralAndAdministrativeExpenses": 147849000,
        "otherExpenses": 0,
        "operatingExpenses": 147849000,
        "costAndExpenses": 288563000,
        "interestIncome": 0,
        "interestExpense": 0,
        "depreciationAndAmortization": 18014000,
        "ebitda": 72528000,
        "ebitdaratio": 0.2089367353,
        "operatingIncome": 58566000,
        "operatingIncomeRatio": 0.1687153767,
        "totalOtherIncomeExpensesNet": -4052000,
        "incomeBeforeTax": 54514000,
        "incomeBeforeTaxRatio": 0.1570424828,
        "incomeTaxExpense": 21805000,
        "netIncome": 32709000,
        "netIncomeRatio": 0.0942272181,
        "eps": 0.22,
        "epsdiluted": 0.22,
        "weightedAverageShsOut": 145434000,
        "weightedAverageShsOutDil": 150181000,
        "link": "",
        "finalLink": ""
    },
    {
        "date": "2002-01-31",
        "symbol": "TIF",
        "reportedCurrency": "USD",
        "cik": "0000098246",
        "fillingDate": "2002-01-31",
        "acceptedDate": "2002-01-30 19:00:00",
        "calendarYear": "2001",
        "period": "Q4",
        "revenue": 565759000,
        "costOfRevenue": 221132000,
        "grossProfit": 344627000,
        "grossProfitRatio": 0.6091409947,
        "researchAndDevelopmentExpenses": 0,
        "generalAndAdministrativeExpenses": 195662000,
        "sellingAndMarketingExpenses": 0,
        "sellingGeneralAndAdministrativeExpenses": 195662000,
        "otherExpenses": 0,
        "operatingExpenses": 195662000,
        "costAndExpenses": 416794000,
        "interestIncome": 0,
        "interestExpense": 0,
        "depreciationAndAmortization": 17987000,
        "ebitda": 155894000,
        "ebitdaratio": 0.2755484226,
        "operatingIncome": 148965000,
        "operatingIncomeRatio": 0.2633011583,
        "totalOtherIncomeExpensesNet": -11058000,
        "incomeBeforeTax": 137907000,
        "incomeBeforeTaxRatio": 0.2437557334,
        "incomeTaxExpense": 55162000,
        "netIncome": 82745000,
        "netIncomeRatio": 0.1462548541,
        "eps": 0.57,
        "epsdiluted": 0.57,
        "weightedAverageShsOut": 145434000,
        "weightedAverageShsOutDil": 145434000,
        "link": "",
        "finalLink": ""
    },
    {
        "date": "2001-10-31",
        "symbol": "TIF",
        "reportedCurrency": "USD",
        "cik": "0000098246",
        "fillingDate": "2001-10-31",
        "acceptedDate": "2001-10-30 19:00:00",
        "calendarYear": "2001",
        "period": "Q3",
        "revenue": 333074000,
        "costOfRevenue": 140235000,
        "grossProfit": 192839000,
        "grossProfitRatio": 0.5789674367,
        "researchAndDevelopmentExpenses": 0,
        "generalAndAdministrativeExpenses": 146798000,
        "sellingAndMarketingExpenses": 0,
        "sellingGeneralAndAdministrativeExpenses": 146798000,
        "otherExpenses": 0,
        "operatingExpenses": 146798000,
        "costAndExpenses": 287033000,
        "interestIncome": 0,
        "interestExpense": 0,
        "depreciationAndAmortization": 16127000,
        "ebitda": 56175000,
        "ebitdaratio": 0.1686562145,
        "operatingIncome": 46041000,
        "operatingIncomeRatio": 0.1382305434,
        "totalOtherIncomeExpensesNet": -5993000,
        "incomeBeforeTax": 40048000,
        "incomeBeforeTaxRatio": 0.1202375448,
        "incomeTaxExpense": 16020000,
        "netIncome": 24028000,
        "netIncomeRatio": 0.072140125,
        "eps": 0.17,
        "epsdiluted": 0.16,
        "weightedAverageShsOut": 145273000,
        "weightedAverageShsOutDil": 150114000,
        "link": "",
        "finalLink": ""
    },
    {
        "date": "2001-07-31",
        "symbol": "TIF",
        "reportedCurrency": "USD",
        "cik": "0000098246",
        "fillingDate": "2001-07-31",
        "acceptedDate": "2001-07-30 20:00:00",
        "calendarYear": "2001",
        "period": "Q2",
        "revenue": 371301000,
        "costOfRevenue": 155430000,
        "grossProfit": 215871000,
        "grossProfitRatio": 0.5813908392,
        "researchAndDevelopmentExpenses": 0,
        "generalAndAdministrativeExpenses": 150201000,
        "sellingAndMarketingExpenses": 0,
        "sellingGeneralAndAdministrativeExpenses": 150201000,
        "otherExpenses": 0,
        "operatingExpenses": 150201000,
        "costAndExpenses": 305631000,
        "interestIncome": 0,
        "interestExpense": 0,
        "depreciationAndAmortization": 15156000,
        "ebitda": 75245000,
        "ebitdaratio": 0.2026522956,
        "operatingIncome": 65670000,
        "operatingIncomeRatio": 0.1768645923,
        "totalOtherIncomeExpensesNet": -5581000,
        "incomeBeforeTax": 60089000,
        "incomeBeforeTaxRatio": 0.1618336606,
        "incomeTaxExpense": 24037000,
        "netIncome": 36052000,
        "netIncomeRatio": 0.0970964258,
        "eps": 0.25,
        "epsdiluted": 0.24,
        "weightedAverageShsOut": 146042000,
        "weightedAverageShsOutDil": 151752000,
        "link": "",
        "finalLink": ""
    },
    {
        "date": "2001-04-30",
        "symbol": "TIF",
        "reportedCurrency": "USD",
        "cik": "0000098246",
        "fillingDate": "2001-04-30",
        "acceptedDate": "2001-04-29 20:00:00",
        "calendarYear": "2001",
        "period": "Q1",
        "revenue": 336401000,
        "costOfRevenue": 130904000,
        "grossProfit": 205497000,
        "grossProfitRatio": 0.610869171,
        "researchAndDevelopmentExpenses": 0,
        "generalAndAdministrativeExpenses": 140919000,
        "sellingAndMarketingExpenses": 0,
        "sellingGeneralAndAdministrativeExpenses": 140919000,
        "otherExpenses": 0,
        "operatingExpenses": 140919000,
        "costAndExpenses": 271823000,
        "interestIncome": 0,
        "interestExpense": 0,
        "depreciationAndAmortization": 15357000,
        "ebitda": 66625000,
        "ebitdaratio": 0.1980523245,
        "operatingIncome": 64578000,
        "operatingIncomeRatio": 0.1919673247,
        "totalOtherIncomeExpensesNet": -13310000,
        "incomeBeforeTax": 51268000,
        "incomeBeforeTaxRatio": 0.1524014495,
        "incomeTaxExpense": 20506000,
        "netIncome": 30762000,
        "netIncomeRatio": 0.0914444368,
        "eps": 0.21,
        "epsdiluted": 0.2,
        "weightedAverageShsOut": 145915000,
        "weightedAverageShsOutDil": 151304000,
        "link": "",
        "finalLink": ""
    },
    {
        "date": "2001-01-31",
        "symbol": "TIF",
        "reportedCurrency": "USD",
        "cik": "0000098246",
        "fillingDate": "2001-01-31",
        "acceptedDate": "2001-01-30 19:00:00",
        "calendarYear": "2000",
        "period": "Q4",
        "revenue": 583091000,
        "costOfRevenue": 252891000,
        "grossProfit": 330200000,
        "grossProfitRatio": 0.5662923969,
        "researchAndDevelopmentExpenses": 0,
        "generalAndAdministrativeExpenses": 172953000,
        "sellingAndMarketingExpenses": 13375000,
        "sellingGeneralAndAdministrativeExpenses": 186328000,
        "otherExpenses": 0,
        "operatingExpenses": 186328000,
        "costAndExpenses": 439219000,
        "interestIncome": 0,
        "interestExpense": 0,
        "depreciationAndAmortization": 13375000,
        "ebitda": 154497000,
        "ebitdaratio": 0.2649620728,
        "operatingIncome": 143872000,
        "operatingIncomeRatio": 0.2467402172,
        "totalOtherIncomeExpensesNet": -2750000,
        "incomeBeforeTax": 141122000,
        "incomeBeforeTaxRatio": 0.2420239722,
        "incomeTaxExpense": 56448000,
        "netIncome": 84674000,
        "netIncomeRatio": 0.1452157553,
        "eps": 0.58,
        "epsdiluted": 0.58,
        "weightedAverageShsOut": 145915000,
        "weightedAverageShsOutDil": 145915000,
        "link": "",
        "finalLink": ""
    },
    {
        "date": "2000-10-31",
        "symbol": "TIF",
        "reportedCurrency": "USD",
        "cik": "0000098246",
        "fillingDate": "2000-12-08",
        "acceptedDate": "2000-12-08 00:00:00",
        "calendarYear": "2000",
        "period": "Q3",
        "revenue": 369736000,
        "costOfRevenue": 142384000,
        "grossProfit": 227352000,
        "grossProfitRatio": 0.6149036069,
        "researchAndDevelopmentExpenses": 0,
        "generalAndAdministrativeExpenses": 152314000,
        "sellingAndMarketingExpenses": 11986000,
        "sellingGeneralAndAdministrativeExpenses": 164300000,
        "otherExpenses": 0,
        "operatingExpenses": 164300000,
        "costAndExpenses": 306684000,
        "interestIncome": 0,
        "interestExpense": 0,
        "depreciationAndAmortization": 11986000,
        "ebitda": 72522000,
        "ebitdaratio": 0.1961453578,
        "operatingIncome": 63052000,
        "operatingIncomeRatio": 0.170532488,
        "totalOtherIncomeExpensesNet": -2516000,
        "incomeBeforeTax": 60536000,
        "incomeBeforeTaxRatio": 0.1637276327,
        "incomeTaxExpense": 24216000,
        "netIncome": 36320000,
        "netIncomeRatio": 0.0982322522,
        "eps": 0.25,
        "epsdiluted": 0.24,
        "weightedAverageShsOut": 145809000,
        "weightedAverageShsOutDil": 152136000,
        "link": "https://www.sec.gov/Archives/edgar/data/98246/000009824600000052/0000098246-00-000052-index.html",
        "finalLink": "https://www.sec.gov/Archives/edgar/data/98246/000009824600000052/0000098246-00-000052-0001.txt"
    },
    {
        "date": "2000-07-31",
        "symbol": "TIF",
        "reportedCurrency": "USD",
        "cik": "0000098246",
        "fillingDate": "2000-08-31",
        "acceptedDate": "2000-08-31 00:00:00",
        "calendarYear": "2000",
        "period": "Q2",
        "revenue": 371977000,
        "costOfRevenue": 140463000,
        "grossProfit": 231514000,
        "grossProfitRatio": 0.6223879433,
        "researchAndDevelopmentExpenses": 0,
        "generalAndAdministrativeExpenses": 153628000,
        "sellingAndMarketingExpenses": 10809000,
        "sellingGeneralAndAdministrativeExpenses": 164437000,
        "otherExpenses": 0,
        "operatingExpenses": 164437000,
        "costAndExpenses": 304900000,
        "interestIncome": 0,
        "interestExpense": 0,
        "depreciationAndAmortization": 10809000,
        "ebitda": 76082000,
        "ebitdaratio": 0.2045341513,
        "operatingIncome": 67077000,
        "operatingIncomeRatio": 0.1803256653,
        "totalOtherIncomeExpensesNet": -1804000,
        "incomeBeforeTax": 65273000,
        "incomeBeforeTaxRatio": 0.1754759031,
        "incomeTaxExpense": 26108000,
        "netIncome": 39165000,
        "netIncomeRatio": 0.1052887679,
        "eps": 0.27,
        "epsdiluted": 0.26,
        "weightedAverageShsOut": 145165000,
        "weightedAverageShsOutDil": 151546000,
        "link": "https://www.sec.gov/Archives/edgar/data/98246/000009824600000035/0000098246-00-000035-index.html",
        "finalLink": "https://www.sec.gov/Archives/edgar/data/98246/000009824600000035/0000098246-00-000035-0001.txt"
    },
    {
        "date": "2000-04-30",
        "symbol": "TIF",
        "reportedCurrency": "USD",
        "cik": "0000098246",
        "fillingDate": "2000-06-07",
        "acceptedDate": "2000-06-07 00:00:00",
        "calendarYear": "2000",
        "period": "Q1",
        "revenue": 343252000,
        "costOfRevenue": 137169000,
        "grossProfit": 206083000,
        "grossProfitRatio": 0.6003839745,
        "researchAndDevelopmentExpenses": 0,
        "generalAndAdministrativeExpenses": 142123000,
        "sellingAndMarketingExpenses": 10565000,
        "sellingGeneralAndAdministrativeExpenses": 152688000,
        "otherExpenses": 0,
        "operatingExpenses": 152688000,
        "costAndExpenses": 289857000,
        "interestIncome": 0,
        "interestExpense": 0,
        "depreciationAndAmortization": 10565000,
        "ebitda": 61275000,
        "ebitdaratio": 0.1785131623,
        "operatingIncome": 53395000,
        "operatingIncomeRatio": 0.1555562677,
        "totalOtherIncomeExpensesNet": -2685000,
        "incomeBeforeTax": 50710000,
        "incomeBeforeTaxRatio": 0.1477340263,
        "incomeTaxExpense": 20285000,
        "netIncome": 30425000,
        "netIncomeRatio": 0.0886375025,
        "eps": 0.21,
        "epsdiluted": 0.2,
        "weightedAverageShsOut": 145098000,
        "weightedAverageShsOutDil": 151836000,
        "link": "https://www.sec.gov/Archives/edgar/data/98246/000009824600000014/0000098246-00-000014-index.html",
        "finalLink": "https://www.sec.gov/Archives/edgar/data/98246/000009824600000014/0000098246-00-000014-0001.txt"
    },
    {
        "date": "2000-01-31",
        "symbol": "TIF",
        "reportedCurrency": "USD",
        "cik": "0000098246",
        "fillingDate": "2000-04-07",
        "acceptedDate": "2000-04-07 00:00:00",
        "calendarYear": "1999",
        "period": "Q4",
        "revenue": 559757000,
        "costOfRevenue": 196169000,
        "grossProfit": 363588000,
        "grossProfitRatio": 0.6495461423,
        "researchAndDevelopmentExpenses": 0,
        "generalAndAdministrativeExpenses": 203062000,
        "sellingAndMarketingExpenses": 14643000,
        "sellingGeneralAndAdministrativeExpenses": 217705000,
        "otherExpenses": 0,
        "operatingExpenses": 217705000,
        "costAndExpenses": 413874000,
        "interestIncome": 0,
        "interestExpense": 0,
        "depreciationAndAmortization": 14643000,
        "ebitda": 158001000,
        "ebitdaratio": 0.2822671266,
        "operatingIncome": 145883000,
        "operatingIncomeRatio": 0.2606184469,
        "totalOtherIncomeExpensesNet": -2525000,
        "incomeBeforeTax": 143358000,
        "incomeBeforeTaxRatio": 0.256107561,
        "incomeTaxExpense": 58779000,
        "netIncome": 84579000,
        "netIncomeRatio": 0.151099495,
        "eps": 0.58,
        "epsdiluted": 0.58,
        "weightedAverageShsOut": 145098000,
        "weightedAverageShsOutDil": 145098000,
        "link": "https://www.sec.gov/Archives/edgar/data/98246/000095012300003397/0000950123-00-003397-index.html",
        "finalLink": "https://www.sec.gov/Archives/edgar/data/98246/0000950123-00-003397.txt"
    },
    {
        "date": "1999-10-31",
        "symbol": "TIF",
        "reportedCurrency": "USD",
        "cik": "0000098246",
        "fillingDate": "1999-10-31",
        "acceptedDate": "1999-10-30 20:00:00",
        "calendarYear": "1999",
        "period": "Q3",
        "revenue": 322700000,
        "costOfRevenue": 131500000,
        "grossProfit": 191200000,
        "grossProfitRatio": 0.5925007747,
        "researchAndDevelopmentExpenses": 0,
        "generalAndAdministrativeExpenses": 142000000,
        "sellingAndMarketingExpenses": 9700000,
        "sellingGeneralAndAdministrativeExpenses": 151700000,
        "otherExpenses": 0,
        "operatingExpenses": 151700000,
        "costAndExpenses": 283200000,
        "interestIncome": 0,
        "interestExpense": 0,
        "depreciationAndAmortization": 9700000,
        "ebitda": 47000000,
        "ebitdaratio": 0.1456461109,
        "operatingIncome": 39500000,
        "operatingIncomeRatio": 0.1224047103,
        "totalOtherIncomeExpensesNet": -2200000,
        "incomeBeforeTax": 37300000,
        "incomeBeforeTaxRatio": 0.1155872327,
        "incomeTaxExpense": 15300000,
        "netIncome": 22000000,
        "netIncomeRatio": 0.0681747753,
        "eps": 0.15,
        "epsdiluted": 0.15,
        "weightedAverageShsOut": 146666667,
        "weightedAverageShsOutDil": 146666667,
        "link": "",
        "finalLink": ""
    },
    {
        "date": "1999-07-31",
        "symbol": "TIF",
        "reportedCurrency": "USD",
        "cik": "0000098246",
        "fillingDate": "1999-07-31",
        "acceptedDate": "1999-07-30 20:00:00",
        "calendarYear": "1999",
        "period": "Q2",
        "revenue": 307100000,
        "costOfRevenue": 123000000,
        "grossProfit": 184100000,
        "grossProfitRatio": 0.5994789971,
        "researchAndDevelopmentExpenses": 0,
        "generalAndAdministrativeExpenses": 133100000,
        "sellingAndMarketingExpenses": 9000000,
        "sellingGeneralAndAdministrativeExpenses": 142100000,
        "otherExpenses": 0,
        "operatingExpenses": 142100000,
        "costAndExpenses": 265100000,
        "interestIncome": 0,
        "interestExpense": 0,
        "depreciationAndAmortization": 9000000,
        "ebitda": 48600000,
        "ebitdaratio": 0.1582546402,
        "operatingIncome": 42000000,
        "operatingIncomeRatio": 0.1367632693,
        "totalOtherIncomeExpensesNet": -2400000,
        "incomeBeforeTax": 39600000,
        "incomeBeforeTaxRatio": 0.1289482253,
        "incomeTaxExpense": 16600000,
        "netIncome": 23000000,
        "netIncomeRatio": 0.0748941713,
        "eps": 0.16,
        "epsdiluted": 0.16,
        "weightedAverageShsOut": 143750000,
        "weightedAverageShsOutDil": 143750000,
        "link": "",
        "finalLink": ""
    },
    {
        "date": "1999-04-30",
        "symbol": "TIF",
        "reportedCurrency": "USD",
        "cik": "0000098246",
        "fillingDate": "1999-04-30",
        "acceptedDate": "1999-04-29 20:00:00",
        "calendarYear": "1999",
        "period": "Q1",
        "revenue": 272300000,
        "costOfRevenue": 115800000,
        "grossProfit": 156500000,
        "grossProfitRatio": 0.5747337495,
        "researchAndDevelopmentExpenses": 0,
        "generalAndAdministrativeExpenses": 118900000,
        "sellingAndMarketingExpenses": 8200000,
        "sellingGeneralAndAdministrativeExpenses": 127100000,
        "otherExpenses": 0,
        "operatingExpenses": 127100000,
        "costAndExpenses": 242900000,
        "interestIncome": 0,
        "interestExpense": 0,
        "depreciationAndAmortization": 8200000,
        "ebitda": 36100000,
        "ebitdaratio": 0.1325743665,
        "operatingIncome": 29400000,
        "operatingIncomeRatio": 0.1079691517,
        "totalOtherIncomeExpensesNet": -1500000,
        "incomeBeforeTax": 27900000,
        "incomeBeforeTaxRatio": 0.1024605215,
        "incomeTaxExpense": 11700000,
        "netIncome": 16200000,
        "netIncomeRatio": 0.059493206,
        "eps": 0.12,
        "epsdiluted": 0.11,
        "weightedAverageShsOut": 135000000,
        "weightedAverageShsOutDil": 147272727,
        "link": "",
        "finalLink": ""
    },
    {
        "date": "1999-01-31",
        "symbol": "TIF",
        "reportedCurrency": "USD",
        "cik": "0000098246",
        "fillingDate": "1999-01-31",
        "acceptedDate": "1999-01-30 19:00:00",
        "calendarYear": "1998",
        "period": "Q4",
        "revenue": 442800000,
        "costOfRevenue": 175600000,
        "grossProfit": 267200000,
        "grossProfitRatio": 0.603432701,
        "researchAndDevelopmentExpenses": 0,
        "generalAndAdministrativeExpenses": 165800000,
        "sellingAndMarketingExpenses": 8100000,
        "sellingGeneralAndAdministrativeExpenses": 173900000,
        "otherExpenses": 0,
        "operatingExpenses": 173900000,
        "costAndExpenses": 349500000,
        "interestIncome": 0,
        "interestExpense": 0,
        "depreciationAndAmortization": 8100000,
        "ebitda": 100000000,
        "ebitdaratio": 0.2258355917,
        "operatingIncome": 93300000,
        "operatingIncomeRatio": 0.210704607,
        "totalOtherIncomeExpensesNet": -1400000,
        "incomeBeforeTax": 91900000,
        "incomeBeforeTaxRatio": 0.2075429088,
        "incomeTaxExpense": 38600000,
        "netIncome": 53300000,
        "netIncomeRatio": 0.1203703704,
        "eps": 0.39,
        "epsdiluted": 0.39,
        "weightedAverageShsOut": 135000000,
        "weightedAverageShsOutDil": 135000000,
        "link": "",
        "finalLink": ""
    },
    {
        "date": "1998-10-31",
        "symbol": "TIF",
        "reportedCurrency": "USD",
        "cik": "0000098246",
        "fillingDate": "1998-12-09",
        "acceptedDate": "1998-12-08 19:00:00",
        "calendarYear": "1998",
        "period": "Q3",
        "revenue": 252600000,
        "costOfRevenue": 106400000,
        "grossProfit": 146200000,
        "grossProfitRatio": 0.5787806809,
        "researchAndDevelopmentExpenses": 0,
        "generalAndAdministrativeExpenses": 116200000,
        "sellingAndMarketingExpenses": 7600000,
        "sellingGeneralAndAdministrativeExpenses": 123800000,
        "otherExpenses": 0,
        "operatingExpenses": 123800000,
        "costAndExpenses": 230200000,
        "interestIncome": 0,
        "interestExpense": 0,
        "depreciationAndAmortization": 7600000,
        "ebitda": 28500000,
        "ebitdaratio": 0.1128266033,
        "operatingIncome": 22400000,
        "operatingIncomeRatio": 0.0886777514,
        "totalOtherIncomeExpensesNet": -1500000,
        "incomeBeforeTax": 20900000,
        "incomeBeforeTaxRatio": 0.0827395091,
        "incomeTaxExpense": 8800000,
        "netIncome": 12100000,
        "netIncomeRatio": 0.0479018211,
        "eps": 0.09,
        "epsdiluted": 0.09,
        "weightedAverageShsOut": 134444444,
        "weightedAverageShsOutDil": 134444444,
        "link": "https://www.sec.gov/Archives/edgar/data/98246/0000098246-98-000031-index.html",
        "finalLink": "https://www.sec.gov/Archives/edgar/data/98246/"
    },
    {
        "date": "1998-07-30",
        "symbol": "TIF",
        "reportedCurrency": "USD",
        "cik": "0000098246",
        "fillingDate": "1998-07-30",
        "acceptedDate": "1998-07-29 20:00:00",
        "calendarYear": "1998",
        "period": "Q2",
        "revenue": 247700000,
        "costOfRevenue": 112000000,
        "grossProfit": 135700000,
        "grossProfitRatio": 0.5478401292,
        "researchAndDevelopmentExpenses": 0,
        "generalAndAdministrativeExpenses": 110700000,
        "sellingAndMarketingExpenses": 0,
        "sellingGeneralAndAdministrativeExpenses": 110700000,
        "otherExpenses": 0,
        "operatingExpenses": 110700000,
        "costAndExpenses": 222700000,
        "interestIncome": 0,
        "interestExpense": -1500000,
        "depreciationAndAmortization": 7200000,
        "ebitda": 29200000,
        "ebitdaratio": 0.1178845377,
        "operatingIncome": 25000000,
        "operatingIncomeRatio": 0.1009285426,
        "totalOtherIncomeExpensesNet": -1500000,
        "incomeBeforeTax": 23500000,
        "incomeBeforeTaxRatio": 0.09487283,
        "incomeTaxExpense": 10000000,
        "netIncome": 13500000,
        "netIncomeRatio": 0.054501413,
        "eps": 0.093,
        "epsdiluted": 0.093,
        "weightedAverageShsOut": 145100000,
        "weightedAverageShsOutDil": 145100000,
        "link": "",
        "finalLink": ""
    },
    {
        "date": "1998-04-30",
        "symbol": "TIF",
        "reportedCurrency": "USD",
        "cik": "0000098246",
        "fillingDate": "1998-04-30",
        "acceptedDate": "1998-04-29 20:00:00",
        "calendarYear": "1998",
        "period": "Q1",
        "revenue": 226200000,
        "costOfRevenue": 98400000,
        "grossProfit": 127800000,
        "grossProfitRatio": 0.5649867374,
        "researchAndDevelopmentExpenses": 0,
        "generalAndAdministrativeExpenses": 100500000,
        "sellingAndMarketingExpenses": 6800000,
        "sellingGeneralAndAdministrativeExpenses": 107300000,
        "otherExpenses": 0,
        "operatingExpenses": 107300000,
        "costAndExpenses": 205700000,
        "interestIncome": 0,
        "interestExpense": 0,
        "depreciationAndAmortization": 6800000,
        "ebitda": 26100000,
        "ebitdaratio": 0.1153846154,
        "operatingIncome": 20500000,
        "operatingIncomeRatio": 0.090627763,
        "totalOtherIncomeExpensesNet": -1200000,
        "incomeBeforeTax": 19300000,
        "incomeBeforeTaxRatio": 0.0853227233,
        "incomeTaxExpense": 8200000,
        "netIncome": 11100000,
        "netIncomeRatio": 0.049071618,
        "eps": 0.08,
        "epsdiluted": 0.08,
        "weightedAverageShsOut": 138750000,
        "weightedAverageShsOutDil": 138750000,
        "link": "",
        "finalLink": ""
    },
    {
        "date": "1998-01-31",
        "symbol": "TIF",
        "reportedCurrency": "USD",
        "cik": "0000098246",
        "fillingDate": "1998-04-09",
        "acceptedDate": "1998-04-08 20:00:00",
        "calendarYear": "1997",
        "period": "Q4",
        "revenue": 367700000,
        "costOfRevenue": 148000000,
        "grossProfit": 219700000,
        "grossProfitRatio": 0.5974979603,
        "researchAndDevelopmentExpenses": 0,
        "generalAndAdministrativeExpenses": 138400000,
        "sellingAndMarketingExpenses": 5300000,
        "sellingGeneralAndAdministrativeExpenses": 143700000,
        "otherExpenses": 0,
        "operatingExpenses": 143700000,
        "costAndExpenses": 291700000,
        "interestIncome": 0,
        "interestExpense": 0,
        "depreciationAndAmortization": 5300000,
        "ebitda": 79100000,
        "ebitdaratio": 0.2151210226,
        "operatingIncome": 76000000,
        "operatingIncomeRatio": 0.2066902366,
        "totalOtherIncomeExpensesNet": -2200000,
        "incomeBeforeTax": 73800000,
        "incomeBeforeTaxRatio": 0.2007070982,
        "incomeTaxExpense": 31700000,
        "netIncome": 42100000,
        "netIncomeRatio": 0.1144955126,
        "eps": 0.3,
        "epsdiluted": 0.3,
        "weightedAverageShsOut": 138750000,
        "weightedAverageShsOutDil": 138750000,
        "link": "https://www.sec.gov/Archives/edgar/data/98246/0000950123-98-003649-index.html",
        "finalLink": "https://www.sec.gov/Archives/edgar/data/98246/"
    },
    {
        "date": "1997-10-31",
        "symbol": "TIF",
        "reportedCurrency": "USD",
        "cik": "0000098246",
        "fillingDate": "1997-10-31",
        "acceptedDate": "1997-10-30 19:00:00",
        "calendarYear": "1997",
        "period": "Q3",
        "revenue": 233100000,
        "costOfRevenue": 100200000,
        "grossProfit": 132900000,
        "grossProfitRatio": 0.5701415701,
        "researchAndDevelopmentExpenses": 0,
        "generalAndAdministrativeExpenses": 105500000,
        "sellingAndMarketingExpenses": 6000000,
        "sellingGeneralAndAdministrativeExpenses": 111500000,
        "otherExpenses": 0,
        "operatingExpenses": 111500000,
        "costAndExpenses": 211700000,
        "interestIncome": 0,
        "interestExpense": 0,
        "depreciationAndAmortization": 6000000,
        "ebitda": 26100000,
        "ebitdaratio": 0.111969112,
        "operatingIncome": 21400000,
        "operatingIncomeRatio": 0.0918060918,
        "totalOtherIncomeExpensesNet": -1300000,
        "incomeBeforeTax": 20100000,
        "incomeBeforeTaxRatio": 0.0862290862,
        "incomeTaxExpense": 8600000,
        "netIncome": 11500000,
        "netIncomeRatio": 0.0493350493,
        "eps": 0.09,
        "epsdiluted": 0.08,
        "weightedAverageShsOut": 127777778,
        "weightedAverageShsOutDil": 143750000,
        "link": "",
        "finalLink": ""
    },
    {
        "date": "1997-07-31",
        "symbol": "TIF",
        "reportedCurrency": "USD",
        "cik": "0000098246",
        "fillingDate": "1997-07-31",
        "acceptedDate": "1997-07-30 20:00:00",
        "calendarYear": "1997",
        "period": "Q2",
        "revenue": 217100000,
        "costOfRevenue": 95100000,
        "grossProfit": 122000000,
        "grossProfitRatio": 0.561953017,
        "researchAndDevelopmentExpenses": 0,
        "generalAndAdministrativeExpenses": 97400000,
        "sellingAndMarketingExpenses": 5400000,
        "sellingGeneralAndAdministrativeExpenses": 102800000,
        "otherExpenses": 0,
        "operatingExpenses": 102800000,
        "costAndExpenses": 197900000,
        "interestIncome": 0,
        "interestExpense": 0,
        "depreciationAndAmortization": 5400000,
        "ebitda": 23600000,
        "ebitdaratio": 0.1087056656,
        "operatingIncome": 19200000,
        "operatingIncomeRatio": 0.0884385076,
        "totalOtherIncomeExpensesNet": -1000000,
        "incomeBeforeTax": 18200000,
        "incomeBeforeTaxRatio": 0.0838323353,
        "incomeTaxExpense": 7800000,
        "netIncome": 10400000,
        "netIncomeRatio": 0.0479041916,
        "eps": 0.08,
        "epsdiluted": 0.08,
        "weightedAverageShsOut": 130000000,
        "weightedAverageShsOutDil": 130000000,
        "link": "",
        "finalLink": ""
    },
    {
        "date": "1997-04-30",
        "symbol": "TIF",
        "reportedCurrency": "USD",
        "cik": "0000098246",
        "fillingDate": "1997-04-30",
        "acceptedDate": "1997-04-29 20:00:00",
        "calendarYear": "1997",
        "period": "Q1",
        "revenue": 199700000,
        "costOfRevenue": 88000000,
        "grossProfit": 111700000,
        "grossProfitRatio": 0.5593390085,
        "researchAndDevelopmentExpenses": 0,
        "generalAndAdministrativeExpenses": 89600000,
        "sellingAndMarketingExpenses": 5400000,
        "sellingGeneralAndAdministrativeExpenses": 95000000,
        "otherExpenses": 0,
        "operatingExpenses": 95000000,
        "costAndExpenses": 183000000,
        "interestIncome": 0,
        "interestExpense": 0,
        "depreciationAndAmortization": 5400000,
        "ebitda": 21000000,
        "ebitdaratio": 0.1051577366,
        "operatingIncome": 16700000,
        "operatingIncomeRatio": 0.0836254382,
        "totalOtherIncomeExpensesNet": -1100000,
        "incomeBeforeTax": 15600000,
        "incomeBeforeTaxRatio": 0.0781171758,
        "incomeTaxExpense": 6700000,
        "netIncome": 8900000,
        "netIncomeRatio": 0.0445668503,
        "eps": 0.07,
        "epsdiluted": 0.07,
        "weightedAverageShsOut": 127142857,
        "weightedAverageShsOutDil": 127142857,
        "link": "",
        "finalLink": ""
    },
    {
        "date": "1997-01-31",
        "symbol": "TIF",
        "reportedCurrency": "USD",
        "cik": "0000098246",
        "fillingDate": "1997-04-08",
        "acceptedDate": "1997-04-07 20:00:00",
        "calendarYear": "1996",
        "period": "Q4",
        "revenue": 327600000,
        "costOfRevenue": 137100000,
        "grossProfit": 190500000,
        "grossProfitRatio": 0.5815018315,
        "researchAndDevelopmentExpenses": 0,
        "generalAndAdministrativeExpenses": 123400000,
        "sellingAndMarketingExpenses": 5300000,
        "sellingGeneralAndAdministrativeExpenses": 128700000,
        "otherExpenses": 0,
        "operatingExpenses": 128700000,
        "costAndExpenses": 265800000,
        "interestIncome": 0,
        "interestExpense": 0,
        "depreciationAndAmortization": 5300000,
        "ebitda": 68200000,
        "ebitdaratio": 0.2081807082,
        "operatingIncome": 61800000,
        "operatingIncomeRatio": 0.1886446886,
        "totalOtherIncomeExpensesNet": 1100000,
        "incomeBeforeTax": 62900000,
        "incomeBeforeTaxRatio": 0.192002442,
        "incomeTaxExpense": 27200000,
        "netIncome": 35700000,
        "netIncomeRatio": 0.108974359,
        "eps": 0.28,
        "epsdiluted": 0.28,
        "weightedAverageShsOut": 127142857,
        "weightedAverageShsOutDil": 127142857,
        "link": "https://www.sec.gov/Archives/edgar/data/98246/0000950123-97-003043-index.html",
        "finalLink": "https://www.sec.gov/Archives/edgar/data/98246/"
    },
    {
        "date": "1996-10-31",
        "symbol": "TIF",
        "reportedCurrency": "USD",
        "cik": "0000098246",
        "fillingDate": "1996-12-12",
        "acceptedDate": "1996-12-12 00:00:00",
        "calendarYear": "1996",
        "period": "Q3",
        "revenue": 211000000,
        "costOfRevenue": 91600000,
        "grossProfit": 119400000,
        "grossProfitRatio": 0.5658767773,
        "researchAndDevelopmentExpenses": 0,
        "generalAndAdministrativeExpenses": 95700000,
        "sellingAndMarketingExpenses": 5100000,
        "sellingGeneralAndAdministrativeExpenses": 100800000,
        "otherExpenses": 0,
        "operatingExpenses": 100800000,
        "costAndExpenses": 192400000,
        "interestIncome": 0,
        "interestExpense": 0,
        "depreciationAndAmortization": 5200000,
        "ebitda": 21600000,
        "ebitdaratio": 0.1023696682,
        "operatingIncome": 18600000,
        "operatingIncomeRatio": 0.0881516588,
        "totalOtherIncomeExpensesNet": -2200000,
        "incomeBeforeTax": 16400000,
        "incomeBeforeTaxRatio": 0.0777251185,
        "incomeTaxExpense": 7100000,
        "netIncome": 9300000,
        "netIncomeRatio": 0.0440758294,
        "eps": 0.07,
        "epsdiluted": 0.07,
        "weightedAverageShsOut": 132857143,
        "weightedAverageShsOutDil": 132857143,
        "link": "https://www.sec.gov/Archives/edgar/data/98246/000009824696000019/0000098246-96-000019-index.html",
        "finalLink": "https://www.sec.gov/Archives/edgar/data/98246/0000098246-96-000019.txt"
    },
    {
        "date": "1996-07-31",
        "symbol": "TIF",
        "reportedCurrency": "USD",
        "cik": "0000098246",
        "fillingDate": "1996-07-31",
        "acceptedDate": "1996-07-30 20:00:00",
        "calendarYear": "1996",
        "period": "Q2",
        "revenue": 202800000,
        "costOfRevenue": 90300000,
        "grossProfit": 112500000,
        "grossProfitRatio": 0.5547337278,
        "researchAndDevelopmentExpenses": 0,
        "generalAndAdministrativeExpenses": 90000000,
        "sellingAndMarketingExpenses": 5600000,
        "sellingGeneralAndAdministrativeExpenses": 95600000,
        "otherExpenses": 0,
        "operatingExpenses": 95600000,
        "costAndExpenses": 185900000,
        "interestIncome": 0,
        "interestExpense": 0,
        "depreciationAndAmortization": 5500000,
        "ebitda": 20000000,
        "ebitdaratio": 0.0986193294,
        "operatingIncome": 16900000,
        "operatingIncomeRatio": 0.0833333333,
        "totalOtherIncomeExpensesNet": -2400000,
        "incomeBeforeTax": 14500000,
        "incomeBeforeTaxRatio": 0.0714990138,
        "incomeTaxExpense": 6300000,
        "netIncome": 8200000,
        "netIncomeRatio": 0.040433925,
        "eps": 0.07,
        "epsdiluted": 0.06,
        "weightedAverageShsOut": 117142857,
        "weightedAverageShsOutDil": 136666667,
        "link": "",
        "finalLink": ""
    },
    {
        "date": "1996-04-30",
        "symbol": "TIF",
        "reportedCurrency": "USD",
        "cik": "0000098246",
        "fillingDate": "1996-04-30",
        "acceptedDate": "1996-04-29 20:00:00",
        "calendarYear": "1996",
        "period": "Q1",
        "revenue": 180700000,
        "costOfRevenue": 82600000,
        "grossProfit": 98100000,
        "grossProfitRatio": 0.5428887659,
        "researchAndDevelopmentExpenses": 0,
        "generalAndAdministrativeExpenses": 81100000,
        "sellingAndMarketingExpenses": 4800000,
        "sellingGeneralAndAdministrativeExpenses": 85900000,
        "otherExpenses": 0,
        "operatingExpenses": 85900000,
        "costAndExpenses": 168500000,
        "interestIncome": 0,
        "interestExpense": 0,
        "depreciationAndAmortization": 4800000,
        "ebitda": 13800000,
        "ebitdaratio": 0.0763696735,
        "operatingIncome": 12200000,
        "operatingIncomeRatio": 0.0675152186,
        "totalOtherIncomeExpensesNet": -3200000,
        "incomeBeforeTax": 9000000,
        "incomeBeforeTaxRatio": 0.0498063088,
        "incomeTaxExpense": 3900000,
        "netIncome": 5100000,
        "netIncomeRatio": 0.028223575,
        "eps": 0.04,
        "epsdiluted": 0.04,
        "weightedAverageShsOut": 127500000,
        "weightedAverageShsOutDil": 127500000,
        "link": "",
        "finalLink": ""
    },
    {
        "date": "1996-01-31",
        "symbol": "TIF",
        "reportedCurrency": "USD",
        "cik": "0000098246",
        "fillingDate": "1996-01-31",
        "acceptedDate": "1996-01-30 19:00:00",
        "calendarYear": "1995",
        "period": "Q4",
        "revenue": 280700000,
        "costOfRevenue": 123500000,
        "grossProfit": 157200000,
        "grossProfitRatio": 0.5600285002,
        "researchAndDevelopmentExpenses": 0,
        "generalAndAdministrativeExpenses": 104800000,
        "sellingAndMarketingExpenses": 4300000,
        "sellingGeneralAndAdministrativeExpenses": 109100000,
        "otherExpenses": 0,
        "operatingExpenses": 109100000,
        "costAndExpenses": 232600000,
        "interestIncome": 0,
        "interestExpense": 0,
        "depreciationAndAmortization": 4300000,
        "ebitda": 49100000,
        "ebitdaratio": 0.1749198432,
        "operatingIncome": 48100000,
        "operatingIncomeRatio": 0.171357321,
        "totalOtherIncomeExpensesNet": -3300000,
        "incomeBeforeTax": 44800000,
        "incomeBeforeTaxRatio": 0.1596009975,
        "incomeTaxExpense": 19300000,
        "netIncome": 25500000,
        "netIncomeRatio": 0.0908443178,
        "eps": 0.2,
        "epsdiluted": 0.2,
        "weightedAverageShsOut": 127500000,
        "weightedAverageShsOutDil": 127500000,
        "link": "",
        "finalLink": ""
    },
    {
        "date": "1995-10-31",
        "symbol": "TIF",
        "reportedCurrency": "USD",
        "cik": "0000098246",
        "fillingDate": "1995-12-13",
        "acceptedDate": "1995-12-13 00:00:00",
        "calendarYear": "1995",
        "period": "Q3",
        "revenue": 187800000,
        "costOfRevenue": 81600000,
        "grossProfit": 106200000,
        "grossProfitRatio": 0.5654952077,
        "researchAndDevelopmentExpenses": 0,
        "generalAndAdministrativeExpenses": 88900000,
        "sellingAndMarketingExpenses": 5500000,
        "sellingGeneralAndAdministrativeExpenses": 94400000,
        "otherExpenses": 0,
        "operatingExpenses": 94400000,
        "costAndExpenses": 176000000,
        "interestIncome": 0,
        "interestExpense": 0,
        "depreciationAndAmortization": 5500000,
        "ebitda": 16600000,
        "ebitdaratio": 0.0883919063,
        "operatingIncome": 11800000,
        "operatingIncomeRatio": 0.0628328009,
        "totalOtherIncomeExpensesNet": -700000,
        "incomeBeforeTax": 11100000,
        "incomeBeforeTaxRatio": 0.0591054313,
        "incomeTaxExpense": 4800000,
        "netIncome": 6300000,
        "netIncomeRatio": 0.0335463259,
        "eps": 0.05,
        "epsdiluted": 0.05,
        "weightedAverageShsOut": 126000000,
        "weightedAverageShsOutDil": 126000000,
        "link": "https://www.sec.gov/Archives/edgar/data/98246/000009824695000018/0000098246-95-000018-index.html",
        "finalLink": "https://www.sec.gov/Archives/edgar/data/98246/0000098246-95-000018.txt"
    },
    {
        "date": "1995-07-31",
        "symbol": "TIF",
        "reportedCurrency": "USD",
        "cik": "0000098246",
        "fillingDate": "1995-09-14",
        "acceptedDate": "1995-09-14 00:00:00",
        "calendarYear": "1995",
        "period": "Q2",
        "revenue": 184700000,
        "costOfRevenue": 83700000,
        "grossProfit": 101000000,
        "grossProfitRatio": 0.5468327017,
        "researchAndDevelopmentExpenses": 0,
        "generalAndAdministrativeExpenses": 83500000,
        "sellingAndMarketingExpenses": 4500000,
        "sellingGeneralAndAdministrativeExpenses": 88000000,
        "otherExpenses": 0,
        "operatingExpenses": 88000000,
        "costAndExpenses": 171700000,
        "interestIncome": 0,
        "interestExpense": 0,
        "depreciationAndAmortization": 4600000,
        "ebitda": 13900000,
        "ebitdaratio": 0.0752571738,
        "operatingIncome": 13000000,
        "operatingIncomeRatio": 0.0703844071,
        "totalOtherIncomeExpensesNet": -3700000,
        "incomeBeforeTax": 9300000,
        "incomeBeforeTaxRatio": 0.050351922,
        "incomeTaxExpense": 4000000,
        "netIncome": 5300000,
        "netIncomeRatio": 0.0286951814,
        "eps": 0.05,
        "epsdiluted": 0.05,
        "weightedAverageShsOut": 106000000,
        "weightedAverageShsOutDil": 106000000,
        "link": "https://www.sec.gov/Archives/edgar/data/98246/000009824695000012/0000098246-95-000012-index.html",
        "finalLink": "https://www.sec.gov/Archives/edgar/data/98246/0000098246-95-000012.txt"
    },
    {
        "date": "1995-04-30",
        "symbol": "TIF",
        "reportedCurrency": "USD",
        "cik": "0000098246",
        "fillingDate": "1995-06-09",
        "acceptedDate": "1995-06-09 00:00:00",
        "calendarYear": "1995",
        "period": "Q1",
        "revenue": 150100000,
        "costOfRevenue": 68400000,
        "grossProfit": 81700000,
        "grossProfitRatio": 0.5443037975,
        "researchAndDevelopmentExpenses": 0,
        "generalAndAdministrativeExpenses": 70300000,
        "sellingAndMarketingExpenses": 4400000,
        "sellingGeneralAndAdministrativeExpenses": 74700000,
        "otherExpenses": 0,
        "operatingExpenses": 74700000,
        "costAndExpenses": 143100000,
        "interestIncome": 0,
        "interestExpense": 0,
        "depreciationAndAmortization": 4400000,
        "ebitda": 8200000,
        "ebitdaratio": 0.0546302465,
        "operatingIncome": 7000000,
        "operatingIncomeRatio": 0.0466355763,
        "totalOtherIncomeExpensesNet": -3200000,
        "incomeBeforeTax": 3800000,
        "incomeBeforeTaxRatio": 0.0253164557,
        "incomeTaxExpense": 1600000,
        "netIncome": 2200000,
        "netIncomeRatio": 0.0146568954,
        "eps": 0.02,
        "epsdiluted": 0.02,
        "weightedAverageShsOut": 110000000,
        "weightedAverageShsOutDil": 110000000,
        "link": "https://www.sec.gov/Archives/edgar/data/98246/000009824695000004/0000098246-95-000004-index.html",
        "finalLink": "https://www.sec.gov/Archives/edgar/data/98246/0000098246-95-000004.txt"
    },
    {
        "date": "1995-01-31",
        "symbol": "TIF",
        "reportedCurrency": "USD",
        "cik": "0000098246",
        "fillingDate": "1995-04-07",
        "acceptedDate": "1995-04-07 00:00:00",
        "calendarYear": "1994",
        "period": "Q4",
        "revenue": 239200000,
        "costOfRevenue": 107200000,
        "grossProfit": 132000000,
        "grossProfitRatio": 0.5518394649,
        "researchAndDevelopmentExpenses": 0,
        "generalAndAdministrativeExpenses": 89900000,
        "sellingAndMarketingExpenses": 4400000,
        "sellingGeneralAndAdministrativeExpenses": 94300000,
        "otherExpenses": 0,
        "operatingExpenses": 94300000,
        "costAndExpenses": 201500000,
        "interestIncome": 0,
        "interestExpense": 0,
        "depreciationAndAmortization": 4400000,
        "ebitda": 38300000,
        "ebitdaratio": 0.1601170569,
        "operatingIncome": 37700000,
        "operatingIncomeRatio": 0.1576086957,
        "totalOtherIncomeExpensesNet": -3800000,
        "incomeBeforeTax": 33900000,
        "incomeBeforeTaxRatio": 0.141722408,
        "incomeTaxExpense": 14600000,
        "netIncome": 19300000,
        "netIncomeRatio": 0.0806856187,
        "eps": 0.18,
        "epsdiluted": 0.18,
        "weightedAverageShsOut": 110000000,
        "weightedAverageShsOutDil": 110000000,
        "link": "https://www.sec.gov/Archives/edgar/data/98246/000095012395000949/0000950123-95-000949-index.html",
        "finalLink": "https://www.sec.gov/Archives/edgar/data/98246/0000950123-95-000949.txt"
    },
    {
        "date": "1994-10-31",
        "symbol": "TIF",
        "reportedCurrency": "USD",
        "cik": "0000098246",
        "fillingDate": "1994-12-09",
        "acceptedDate": "1994-12-09 00:00:00",
        "calendarYear": "1994",
        "period": "Q3",
        "revenue": 160100000,
        "costOfRevenue": 71700000,
        "grossProfit": 88400000,
        "grossProfitRatio": 0.5521549032,
        "researchAndDevelopmentExpenses": 0,
        "generalAndAdministrativeExpenses": 72600000,
        "sellingAndMarketingExpenses": 4000000,
        "sellingGeneralAndAdministrativeExpenses": 76600000,
        "otherExpenses": 0,
        "operatingExpenses": 76600000,
        "costAndExpenses": 148300000,
        "interestIncome": 0,
        "interestExpense": 0,
        "depreciationAndAmortization": 4600000,
        "ebitda": 12900000,
        "ebitdaratio": 0.0805746408,
        "operatingIncome": 11800000,
        "operatingIncomeRatio": 0.073703935,
        "totalOtherIncomeExpensesNet": -3500000,
        "incomeBeforeTax": 8300000,
        "incomeBeforeTaxRatio": 0.0518425984,
        "incomeTaxExpense": 3600000,
        "netIncome": 4700000,
        "netIncomeRatio": 0.0293566521,
        "eps": 0.04,
        "epsdiluted": 0.04,
        "weightedAverageShsOut": 117500000,
        "weightedAverageShsOutDil": 117500000,
        "link": "https://www.sec.gov/Archives/edgar/data/98246/000095012394002016/0000950123-94-002016-index.html",
        "finalLink": "https://www.sec.gov/Archives/edgar/data/98246/0000950123-94-002016.txt"
    },
    {
        "date": "1994-07-31",
        "symbol": "TIF",
        "reportedCurrency": "USD",
        "cik": "0000098246",
        "fillingDate": "1994-09-13",
        "acceptedDate": "1994-09-13 00:00:00",
        "calendarYear": "1994",
        "period": "Q2",
        "revenue": 152300000,
        "costOfRevenue": 69600000,
        "grossProfit": 82700000,
        "grossProfitRatio": 0.5430072226,
        "researchAndDevelopmentExpenses": 0,
        "generalAndAdministrativeExpenses": 69900000,
        "sellingAndMarketingExpenses": 3700000,
        "sellingGeneralAndAdministrativeExpenses": 73600000,
        "otherExpenses": 0,
        "operatingExpenses": 73600000,
        "costAndExpenses": 143200000,
        "interestIncome": 0,
        "interestExpense": 0,
        "depreciationAndAmortization": 3300000,
        "ebitda": 9400000,
        "ebitdaratio": 0.0617202889,
        "operatingIncome": 9100000,
        "operatingIncomeRatio": 0.0597504924,
        "totalOtherIncomeExpensesNet": -3000000,
        "incomeBeforeTax": 6100000,
        "incomeBeforeTaxRatio": 0.0400525279,
        "incomeTaxExpense": 2600000,
        "netIncome": 3500000,
        "netIncomeRatio": 0.0229809586,
        "eps": 0.03,
        "epsdiluted": 0.03,
        "weightedAverageShsOut": 116666667,
        "weightedAverageShsOutDil": 116666667,
        "link": "https://www.sec.gov/Archives/edgar/data/98246/000095012394001503/0000950123-94-001503-index.html",
        "finalLink": "https://www.sec.gov/Archives/edgar/data/98246/0000950123-94-001503.txt"
    },
    {
        "date": "1994-04-30",
        "symbol": "TIF",
        "reportedCurrency": "USD",
        "cik": "0000098246",
        "fillingDate": "1994-06-02",
        "acceptedDate": "1994-06-02 00:00:00",
        "calendarYear": "1994",
        "period": "Q1",
        "revenue": 131200000,
        "costOfRevenue": 59800000,
        "grossProfit": 71400000,
        "grossProfitRatio": 0.5442073171,
        "researchAndDevelopmentExpenses": 0,
        "generalAndAdministrativeExpenses": 61100000,
        "sellingAndMarketingExpenses": 4200000,
        "sellingGeneralAndAdministrativeExpenses": 65300000,
        "otherExpenses": 0,
        "operatingExpenses": 65300000,
        "costAndExpenses": 125100000,
        "interestIncome": 0,
        "interestExpense": 0,
        "depreciationAndAmortization": 4200000,
        "ebitda": 7500000,
        "ebitdaratio": 0.0571646341,
        "operatingIncome": 6100000,
        "operatingIncomeRatio": 0.0464939024,
        "totalOtherIncomeExpensesNet": -2800000,
        "incomeBeforeTax": 3300000,
        "incomeBeforeTaxRatio": 0.025152439,
        "incomeTaxExpense": 1400000,
        "netIncome": 1900000,
        "netIncomeRatio": 0.0144817073,
        "eps": 0.02,
        "epsdiluted": 0.02,
        "weightedAverageShsOut": 95000000,
        "weightedAverageShsOutDil": 95000000,
        "link": "https://www.sec.gov/Archives/edgar/data/98246/000095012394001002/0000950123-94-001002-index.html",
        "finalLink": "https://www.sec.gov/Archives/edgar/data/98246/0000950123-94-001002.txt"
    }
]