[
    {
        "date": "2018-12-31",
        "symbol": "TIS",
        "reportedCurrency": "USD",
        "cik": "0001324189",
        "fillingDate": "2019-04-05",
        "acceptedDate": "2019-04-05 16:06:59",
        "calendarYear": "2018",
        "period": "Q4",
        "revenue": 43853000,
        "costOfRevenue": 49937000,
        "grossProfit": -6084000,
        "grossProfitRatio": -0.1387362324,
        "researchAndDevelopmentExpenses": 0,
        "generalAndAdministrativeExpenses": 5352000,
        "sellingAndMarketingExpenses": 233000,
        "sellingGeneralAndAdministrativeExpenses": 5585000,
        "otherExpenses": 0,
        "operatingExpenses": 5585000,
        "costAndExpenses": 55522000,
        "interestIncome": 0,
        "interestExpense": 6426000,
        "depreciationAndAmortization": 5274000,
        "ebitda": -4055000,
        "ebitdaratio": -0.0924680182,
        "operatingIncome": 1544000,
        "operatingIncomeRatio": 0.0352085376,
        "totalOtherIncomeExpensesNet": -17299000,
        "incomeBeforeTax": -15755000,
        "incomeBeforeTaxRatio": -0.3592684651,
        "incomeTaxExpense": -3284000,
        "netIncome": -12471000,
        "netIncomeRatio": -0.2843819123,
        "eps": -1.17,
        "epsdiluted": -1.17,
        "weightedAverageShsOut": 10670348,
        "weightedAverageShsOutDil": 10670348,
        "link": "https://www.sec.gov/Archives/edgar/data/1324189/000114420419018403/0001144204-19-018403-index.htm",
        "finalLink": "https://www.sec.gov/Archives/edgar/data/1324189/000114420419018403/tv515986_10k.htm"
    },
    {
        "date": "2018-09-30",
        "symbol": "TIS",
        "reportedCurrency": "USD",
        "cik": "0001324189",
        "fillingDate": "2018-11-14",
        "acceptedDate": "2018-11-14 16:53:06",
        "calendarYear": "2018",
        "period": "Q3",
        "revenue": 48723000,
        "costOfRevenue": 48500000,
        "grossProfit": 223000,
        "grossProfitRatio": 0.0045768939,
        "researchAndDevelopmentExpenses": 0,
        "generalAndAdministrativeExpenses": 5465000,
        "sellingAndMarketingExpenses": 233000,
        "sellingGeneralAndAdministrativeExpenses": 5698000,
        "otherExpenses": 0,
        "operatingExpenses": 5698000,
        "costAndExpenses": 54198000,
        "interestIncome": 0,
        "interestExpense": 5820000,
        "depreciationAndAmortization": 4709000,
        "ebitda": -572000,
        "ebitdaratio": -0.0117398354,
        "operatingIncome": -11101000,
        "operatingIncomeRatio": -0.2278390083,
        "totalOtherIncomeExpensesNet": 0,
        "incomeBeforeTax": -11101000,
        "incomeBeforeTaxRatio": -0.2278390083,
        "incomeTaxExpense": 4881000,
        "netIncome": -15982000,
        "netIncomeRatio": -0.3280175687,
        "eps": -1.5,
        "epsdiluted": -1.5,
        "weightedAverageShsOut": 10670348,
        "weightedAverageShsOutDil": 10670348,
        "link": "https://www.sec.gov/Archives/edgar/data/1324189/000114420418060009/0001144204-18-060009-index.html",
        "finalLink": "https://www.sec.gov/Archives/edgar/data/1324189/000114420418060009/tv506269_10q.htm"
    },
    {
        "date": "2018-06-30",
        "symbol": "TIS",
        "reportedCurrency": "USD",
        "cik": "0001324189",
        "fillingDate": "2018-08-09",
        "acceptedDate": "2018-08-09 16:29:50",
        "calendarYear": "2018",
        "period": "Q2",
        "revenue": 45858000,
        "costOfRevenue": 45263000,
        "grossProfit": 595000,
        "grossProfitRatio": 0.0129748354,
        "researchAndDevelopmentExpenses": 0,
        "generalAndAdministrativeExpenses": 5700000,
        "sellingAndMarketingExpenses": 233000,
        "sellingGeneralAndAdministrativeExpenses": 5933000,
        "otherExpenses": 0,
        "operatingExpenses": 5933000,
        "costAndExpenses": 51196000,
        "interestIncome": 0,
        "interestExpense": 4530000,
        "depreciationAndAmortization": 5220000,
        "ebitda": 59000,
        "ebitdaratio": 0.0012865803,
        "operatingIncome": -9691000,
        "operatingIncomeRatio": -0.211326268,
        "totalOtherIncomeExpensesNet": 0,
        "incomeBeforeTax": -9691000,
        "incomeBeforeTaxRatio": -0.211326268,
        "incomeTaxExpense": -2766000,
        "netIncome": -6925000,
        "netIncomeRatio": -0.1510096384,
        "eps": -0.65,
        "epsdiluted": -0.65,
        "weightedAverageShsOut": 10670348,
        "weightedAverageShsOutDil": 10670348,
        "link": "https://www.sec.gov/Archives/edgar/data/1324189/000114420418043314/0001144204-18-043314-index.html",
        "finalLink": "https://www.sec.gov/Archives/edgar/data/1324189/000114420418043314/tv499783_10q.htm"
    },
    {
        "date": "2018-03-31",
        "symbol": "TIS",
        "reportedCurrency": "USD",
        "cik": "0001324189",
        "fillingDate": "2018-05-09",
        "acceptedDate": "2018-05-09 16:03:14",
        "calendarYear": "2018",
        "period": "Q1",
        "revenue": 48248000,
        "costOfRevenue": 45375000,
        "grossProfit": 2873000,
        "grossProfitRatio": 0.0595465097,
        "researchAndDevelopmentExpenses": 0,
        "generalAndAdministrativeExpenses": 3633000,
        "sellingAndMarketingExpenses": 233000,
        "sellingGeneralAndAdministrativeExpenses": 3866000,
        "otherExpenses": 0,
        "operatingExpenses": 3866000,
        "costAndExpenses": 49241000,
        "interestIncome": 0,
        "interestExpense": 3389000,
        "depreciationAndAmortization": 4483000,
        "ebitda": 3645000,
        "ebitdaratio": 0.0755471729,
        "operatingIncome": -4227000,
        "operatingIncomeRatio": -0.0876098491,
        "totalOtherIncomeExpensesNet": 0,
        "incomeBeforeTax": -4227000,
        "incomeBeforeTaxRatio": -0.0876098491,
        "incomeTaxExpense": -1933000,
        "netIncome": -2294000,
        "netIncomeRatio": -0.0475460123,
        "eps": -0.21,
        "epsdiluted": -0.21,
        "weightedAverageShsOut": 10670348,
        "weightedAverageShsOutDil": 10670348,
        "link": "https://www.sec.gov/Archives/edgar/data/1324189/000114420418026613/0001144204-18-026613-index.html",
        "finalLink": "https://www.sec.gov/Archives/edgar/data/1324189/000114420418026613/tv492691_10q.htm"
    },
    {
        "date": "2017-12-31",
        "symbol": "TIS",
        "reportedCurrency": "USD",
        "cik": "0001324189",
        "fillingDate": "2018-03-16",
        "acceptedDate": "2018-03-16 16:15:50",
        "calendarYear": "2017",
        "period": "Q4",
        "revenue": 43515000,
        "costOfRevenue": 41012000,
        "grossProfit": 2503000,
        "grossProfitRatio": 0.0575203953,
        "researchAndDevelopmentExpenses": 0,
        "generalAndAdministrativeExpenses": 2777000,
        "sellingAndMarketingExpenses": 233000,
        "sellingGeneralAndAdministrativeExpenses": 3010000,
        "otherExpenses": 0,
        "operatingExpenses": 3010000,
        "costAndExpenses": 44022000,
        "interestIncome": 0,
        "interestExpense": 3076000,
        "depreciationAndAmortization": 4569000,
        "ebitda": 1020000,
        "ebitdaratio": 0.023440193,
        "operatingIncome": -507000,
        "operatingIncomeRatio": -0.0116511548,
        "totalOtherIncomeExpensesNet": -3330000,
        "incomeBeforeTax": -3837000,
        "incomeBeforeTaxRatio": -0.0881764909,
        "incomeTaxExpense": -15501000,
        "netIncome": 8876000,
        "netIncomeRatio": 0.2039756406,
        "eps": 0.85,
        "epsdiluted": 0.85,
        "weightedAverageShsOut": 10399074,
        "weightedAverageShsOutDil": 10414871,
        "link": "https://www.sec.gov/Archives/edgar/data/1324189/000114420418015287/0001144204-18-015287-index.html",
        "finalLink": "https://www.sec.gov/Archives/edgar/data/1324189/000114420418015287/tv487705_10k.htm"
    },
    {
        "date": "2017-09-30",
        "symbol": "TIS",
        "reportedCurrency": "USD",
        "cik": "0001324189",
        "fillingDate": "2017-11-09",
        "acceptedDate": "2017-11-09 13:32:44",
        "calendarYear": "2017",
        "period": "Q3",
        "revenue": 45172000,
        "costOfRevenue": 42432000,
        "grossProfit": 2740000,
        "grossProfitRatio": 0.0606570442,
        "researchAndDevelopmentExpenses": 0,
        "generalAndAdministrativeExpenses": 3026000,
        "sellingAndMarketingExpenses": 233000,
        "sellingGeneralAndAdministrativeExpenses": 3259000,
        "otherExpenses": 0,
        "operatingExpenses": 3259000,
        "costAndExpenses": 45691000,
        "interestIncome": 0,
        "interestExpense": 827000,
        "depreciationAndAmortization": 3523000,
        "ebitda": 3046000,
        "ebitdaratio": 0.067431152,
        "operatingIncome": -519000,
        "operatingIncomeRatio": -0.0114894182,
        "totalOtherIncomeExpensesNet": -785000,
        "incomeBeforeTax": -1304000,
        "incomeBeforeTaxRatio": -0.02886744,
        "incomeTaxExpense": -2009000,
        "netIncome": 705000,
        "netIncomeRatio": 0.0156070132,
        "eps": 0.068,
        "epsdiluted": 0.068,
        "weightedAverageShsOut": 10366373,
        "weightedAverageShsOutDil": 10366373,
        "link": "https://www.sec.gov/Archives/edgar/data/1324189/000114420417057607/0001144204-17-057607-index.html",
        "finalLink": "https://www.sec.gov/Archives/edgar/data/1324189/000114420417057607/tv478378_10q.htm"
    },
    {
        "date": "2017-06-30",
        "symbol": "TIS",
        "reportedCurrency": "USD",
        "cik": "0001324189",
        "fillingDate": "2017-08-09",
        "acceptedDate": "2017-08-09 15:06:15",
        "calendarYear": "2017",
        "period": "Q2",
        "revenue": 38443000,
        "costOfRevenue": 36929000,
        "grossProfit": 1514000,
        "grossProfitRatio": 0.0393829826,
        "researchAndDevelopmentExpenses": 0,
        "generalAndAdministrativeExpenses": 3289000,
        "sellingAndMarketingExpenses": 233000,
        "sellingGeneralAndAdministrativeExpenses": 3522000,
        "otherExpenses": 0,
        "operatingExpenses": 3522000,
        "costAndExpenses": 40451000,
        "interestIncome": 0,
        "interestExpense": 560000,
        "depreciationAndAmortization": 3577000,
        "ebitda": 1278000,
        "ebitdaratio": 0.0332440236,
        "operatingIncome": -2008000,
        "operatingIncomeRatio": -0.0522331764,
        "totalOtherIncomeExpensesNet": -445000,
        "incomeBeforeTax": -2453000,
        "incomeBeforeTaxRatio": -0.0638087558,
        "incomeTaxExpense": 0,
        "netIncome": -2453000,
        "netIncomeRatio": -0.0638087558,
        "eps": -0.24,
        "epsdiluted": -0.24,
        "weightedAverageShsOut": 10334494,
        "weightedAverageShsOutDil": 10334494,
        "link": "https://www.sec.gov/Archives/edgar/data/1324189/000114420417041601/0001144204-17-041601-index.html",
        "finalLink": "https://www.sec.gov/Archives/edgar/data/1324189/000114420417041601/v471923_10q.htm"
    },
    {
        "date": "2017-03-31",
        "symbol": "TIS",
        "reportedCurrency": "USD",
        "cik": "0001324189",
        "fillingDate": "2017-05-08",
        "acceptedDate": "2017-05-08 11:05:20",
        "calendarYear": "2017",
        "period": "Q1",
        "revenue": 35354000,
        "costOfRevenue": 33385000,
        "grossProfit": 1969000,
        "grossProfitRatio": 0.0556938395,
        "researchAndDevelopmentExpenses": 0,
        "generalAndAdministrativeExpenses": 2619000,
        "sellingAndMarketingExpenses": 233000,
        "sellingGeneralAndAdministrativeExpenses": 2852000,
        "otherExpenses": 0,
        "operatingExpenses": 2852000,
        "costAndExpenses": 36237000,
        "interestIncome": 0,
        "interestExpense": 517000,
        "depreciationAndAmortization": 3550000,
        "ebitda": 2461000,
        "ebitdaratio": 0.069610228,
        "operatingIncome": -883000,
        "operatingIncomeRatio": -0.0249759575,
        "totalOtherIncomeExpensesNet": -350000,
        "incomeBeforeTax": -1233000,
        "incomeBeforeTaxRatio": -0.0348758273,
        "incomeTaxExpense": 0,
        "netIncome": -1233000,
        "netIncomeRatio": -0.0348758273,
        "eps": -0.12,
        "epsdiluted": -0.12,
        "weightedAverageShsOut": 10301308,
        "weightedAverageShsOutDil": 10350427,
        "link": "https://www.sec.gov/Archives/edgar/data/1324189/000114420417025044/0001144204-17-025044-index.html",
        "finalLink": "https://www.sec.gov/Archives/edgar/data/1324189/000114420417025044/v465712_10q.htm"
    },
    {
        "date": "2016-12-31",
        "symbol": "TIS",
        "reportedCurrency": "USD",
        "cik": "0001324189",
        "fillingDate": "2017-03-15",
        "acceptedDate": "2017-03-15 13:20:49",
        "calendarYear": "2016",
        "period": "Q4",
        "revenue": 37709000,
        "costOfRevenue": 32029000,
        "grossProfit": 5680000,
        "grossProfitRatio": 0.1506271712,
        "researchAndDevelopmentExpenses": 0,
        "generalAndAdministrativeExpenses": 2461000,
        "sellingAndMarketingExpenses": 233000,
        "sellingGeneralAndAdministrativeExpenses": 2694000,
        "otherExpenses": 0,
        "operatingExpenses": 2694000,
        "costAndExpenses": 34723000,
        "interestIncome": 0,
        "interestExpense": 491000,
        "depreciationAndAmortization": 3364000,
        "ebitda": 6037000,
        "ebitdaratio": 0.1600944072,
        "operatingIncome": 2986000,
        "operatingIncomeRatio": 0.0791853404,
        "totalOtherIncomeExpensesNet": -804000,
        "incomeBeforeTax": 2182000,
        "incomeBeforeTaxRatio": 0.0578641704,
        "incomeTaxExpense": -439000,
        "netIncome": 2621000,
        "netIncomeRatio": 0.0695059535,
        "eps": 0.25,
        "epsdiluted": 0.25,
        "weightedAverageShsOut": 10286373,
        "weightedAverageShsOutDil": 10349274,
        "link": "https://www.sec.gov/Archives/edgar/data/1324189/000114420417014683/0001144204-17-014683-index.html",
        "finalLink": "https://www.sec.gov/Archives/edgar/data/1324189/000114420417014683/v461281_10k.htm"
    },
    {
        "date": "2016-09-30",
        "symbol": "TIS",
        "reportedCurrency": "USD",
        "cik": "0001324189",
        "fillingDate": "2016-11-03",
        "acceptedDate": "2016-11-03 06:10:10",
        "calendarYear": "2016",
        "period": "Q3",
        "revenue": 39628000,
        "costOfRevenue": 33413000,
        "grossProfit": 6215000,
        "grossProfitRatio": 0.156833552,
        "researchAndDevelopmentExpenses": 0,
        "generalAndAdministrativeExpenses": 2557000,
        "sellingAndMarketingExpenses": 233000,
        "sellingGeneralAndAdministrativeExpenses": 2790000,
        "otherExpenses": 0,
        "operatingExpenses": 2790000,
        "costAndExpenses": 36203000,
        "interestIncome": 0,
        "interestExpense": 639000,
        "depreciationAndAmortization": 3220000,
        "ebitda": 6807000,
        "ebitdaratio": 0.1717724841,
        "operatingIncome": 3425000,
        "operatingIncomeRatio": 0.0864287877,
        "totalOtherIncomeExpensesNet": -477000,
        "incomeBeforeTax": 2948000,
        "incomeBeforeTaxRatio": 0.0743918442,
        "incomeTaxExpense": 735000,
        "netIncome": 2213000,
        "netIncomeRatio": 0.0558443525,
        "eps": 0.22,
        "epsdiluted": 0.21,
        "weightedAverageShsOut": 10282841,
        "weightedAverageShsOutDil": 10351415,
        "link": "https://www.sec.gov/Archives/edgar/data/1324189/000143774916040902/0001437749-16-040902-index.html",
        "finalLink": "https://www.sec.gov/Archives/edgar/data/1324189/000143774916040902/tis20160818_10q.htm"
    },
    {
        "date": "2016-06-30",
        "symbol": "TIS",
        "reportedCurrency": "USD",
        "cik": "0001324189",
        "fillingDate": "2016-08-04",
        "acceptedDate": "2016-08-04 17:08:54",
        "calendarYear": "2016",
        "period": "Q2",
        "revenue": 39414000,
        "costOfRevenue": 32541000,
        "grossProfit": 6873000,
        "grossProfitRatio": 0.174379662,
        "researchAndDevelopmentExpenses": 0,
        "generalAndAdministrativeExpenses": 2504000,
        "sellingAndMarketingExpenses": 376000,
        "sellingGeneralAndAdministrativeExpenses": 2880000,
        "otherExpenses": 0,
        "operatingExpenses": 2880000,
        "costAndExpenses": 35421000,
        "interestIncome": 0,
        "interestExpense": 285000,
        "depreciationAndAmortization": 3554000,
        "ebitda": 7711000,
        "ebitdaratio": 0.1956411427,
        "operatingIncome": 3993000,
        "operatingIncomeRatio": 0.1013091795,
        "totalOtherIncomeExpensesNet": -121000,
        "incomeBeforeTax": 3872000,
        "incomeBeforeTaxRatio": 0.0982392043,
        "incomeTaxExpense": 1304000,
        "netIncome": 2568000,
        "netIncomeRatio": 0.0651545136,
        "eps": 0.25,
        "epsdiluted": 0.25,
        "weightedAverageShsOut": 10275255,
        "weightedAverageShsOutDil": 10342853,
        "link": "https://www.sec.gov/Archives/edgar/data/1324189/000143774916036492/0001437749-16-036492-index.htm",
        "finalLink": "https://www.sec.gov/Archives/edgar/data/1324189/000143774916036492/tis20160630_10q.htm"
    },
    {
        "date": "2016-03-31",
        "symbol": "TIS",
        "reportedCurrency": "USD",
        "cik": "0001324189",
        "fillingDate": "2016-04-29",
        "acceptedDate": "2016-04-29 15:31:30",
        "calendarYear": "2016",
        "period": "Q1",
        "revenue": 47743000,
        "costOfRevenue": 36362000,
        "grossProfit": 11381000,
        "grossProfitRatio": 0.2383804956,
        "researchAndDevelopmentExpenses": 0,
        "generalAndAdministrativeExpenses": 2722000,
        "sellingAndMarketingExpenses": 377000,
        "sellingGeneralAndAdministrativeExpenses": 3099000,
        "otherExpenses": 0,
        "operatingExpenses": 3099000,
        "costAndExpenses": 39461000,
        "interestIncome": 0,
        "interestExpense": 263000,
        "depreciationAndAmortization": 3091000,
        "ebitda": 11574000,
        "ebitdaratio": 0.242422973,
        "operatingIncome": 8282000,
        "operatingIncomeRatio": 0.1734704564,
        "totalOtherIncomeExpensesNet": -62000,
        "incomeBeforeTax": 8220000,
        "incomeBeforeTaxRatio": 0.1721718367,
        "incomeTaxExpense": 2811000,
        "netIncome": 5409000,
        "netIncomeRatio": 0.1132940955,
        "eps": 0.53,
        "epsdiluted": 0.52,
        "weightedAverageShsOut": 10272155,
        "weightedAverageShsOutDil": 10343086,
        "link": "https://www.sec.gov/Archives/edgar/data/1324189/000143774916030374/0001437749-16-030374-index.html",
        "finalLink": "https://www.sec.gov/Archives/edgar/data/1324189/000143774916030374/tis20160331_10q.htm"
    },
    {
        "date": "2015-12-31",
        "symbol": "TIS",
        "reportedCurrency": "USD",
        "cik": "0001324189",
        "fillingDate": "2016-03-07",
        "acceptedDate": "2016-03-07 16:52:54",
        "calendarYear": "2015",
        "period": "Q4",
        "revenue": 41904000,
        "costOfRevenue": 33757000,
        "grossProfit": 8147000,
        "grossProfitRatio": 0.1944205804,
        "researchAndDevelopmentExpenses": 0,
        "generalAndAdministrativeExpenses": 2366000,
        "sellingAndMarketingExpenses": 377000,
        "sellingGeneralAndAdministrativeExpenses": 2743000,
        "otherExpenses": 0,
        "operatingExpenses": 2743000,
        "costAndExpenses": 36500000,
        "interestIncome": 0,
        "interestExpense": 232000,
        "depreciationAndAmortization": 3165000,
        "ebitda": 8745000,
        "ebitdaratio": 0.2086912944,
        "operatingIncome": 5404000,
        "operatingIncomeRatio": 0.1289614357,
        "totalOtherIncomeExpensesNet": -56000,
        "incomeBeforeTax": 5348000,
        "incomeBeforeTaxRatio": 0.1276250477,
        "incomeTaxExpense": 1647000,
        "netIncome": 3701000,
        "netIncomeRatio": 0.088320924,
        "eps": 0.38,
        "epsdiluted": 0.38,
        "weightedAverageShsOut": 9778167,
        "weightedAverageShsOutDil": 9844221,
        "link": "https://www.sec.gov/Archives/edgar/data/1324189/000143774916026983/0001437749-16-026983-index.html",
        "finalLink": "https://www.sec.gov/Archives/edgar/data/1324189/000143774916026983/tis20151231_10k.htm"
    },
    {
        "date": "2015-09-30",
        "symbol": "TIS",
        "reportedCurrency": "USD",
        "cik": "0001324189",
        "fillingDate": "2015-11-09",
        "acceptedDate": "2015-11-09 12:50:20",
        "calendarYear": "2015",
        "period": "Q3",
        "revenue": 46832000,
        "costOfRevenue": 36987000,
        "grossProfit": 9845000,
        "grossProfitRatio": 0.210219508,
        "researchAndDevelopmentExpenses": 0,
        "generalAndAdministrativeExpenses": 2437000,
        "sellingAndMarketingExpenses": 376000,
        "sellingGeneralAndAdministrativeExpenses": 2813000,
        "otherExpenses": 0,
        "operatingExpenses": 2813000,
        "costAndExpenses": 39800000,
        "interestIncome": 0,
        "interestExpense": 11000,
        "depreciationAndAmortization": 2979000,
        "ebitda": 10180000,
        "ebitdaratio": 0.2173727366,
        "operatingIncome": 7032000,
        "operatingIncomeRatio": 0.150153741,
        "totalOtherIncomeExpensesNet": 158000,
        "incomeBeforeTax": 7190000,
        "incomeBeforeTaxRatio": 0.1535275026,
        "incomeTaxExpense": 2448000,
        "netIncome": 4742000,
        "netIncomeRatio": 0.1012555518,
        "eps": 0.49,
        "epsdiluted": 0.49,
        "weightedAverageShsOut": 9613412,
        "weightedAverageShsOutDil": 9672961,
        "link": "https://www.sec.gov/Archives/edgar/data/1324189/000143774915020194/0001437749-15-020194-index.html",
        "finalLink": "https://www.sec.gov/Archives/edgar/data/1324189/000143774915020194/tis20150930_10q.htm"
    },
    {
        "date": "2015-06-30",
        "symbol": "TIS",
        "reportedCurrency": "USD",
        "cik": "0001324189",
        "fillingDate": "2015-08-05",
        "acceptedDate": "2015-08-05 16:42:13",
        "calendarYear": "2015",
        "period": "Q2",
        "revenue": 42295000,
        "costOfRevenue": 34576000,
        "grossProfit": 7719000,
        "grossProfitRatio": 0.1825038421,
        "researchAndDevelopmentExpenses": 0,
        "generalAndAdministrativeExpenses": 2240000,
        "sellingAndMarketingExpenses": 377000,
        "sellingGeneralAndAdministrativeExpenses": 2617000,
        "otherExpenses": 0,
        "operatingExpenses": 2617000,
        "costAndExpenses": 37193000,
        "interestIncome": 0,
        "interestExpense": 64000,
        "depreciationAndAmortization": 2800000,
        "ebitda": 8054000,
        "ebitdaratio": 0.1904244,
        "operatingIncome": 5102000,
        "operatingIncomeRatio": 0.1206289159,
        "totalOtherIncomeExpensesNet": 88000,
        "incomeBeforeTax": 5190000,
        "incomeBeforeTaxRatio": 0.1227095401,
        "incomeTaxExpense": 1312000,
        "netIncome": 3878000,
        "netIncomeRatio": 0.091689325,
        "eps": 0.42,
        "epsdiluted": 0.42,
        "weightedAverageShsOut": 9281257,
        "weightedAverageShsOutDil": 9343887,
        "link": "https://www.sec.gov/Archives/edgar/data/1324189/000143774915014885/0001437749-15-014885-index.html",
        "finalLink": "https://www.sec.gov/Archives/edgar/data/1324189/000143774915014885/tis20150630_10q.htm"
    },
    {
        "date": "2015-03-31",
        "symbol": "TIS",
        "reportedCurrency": "USD",
        "cik": "0001324189",
        "fillingDate": "2015-05-08",
        "acceptedDate": "2015-05-08 14:05:31",
        "calendarYear": "2015",
        "period": "Q1",
        "revenue": 37415000,
        "costOfRevenue": 32629000,
        "grossProfit": 4786000,
        "grossProfitRatio": 0.127916611,
        "researchAndDevelopmentExpenses": 0,
        "generalAndAdministrativeExpenses": 2497000,
        "sellingAndMarketingExpenses": 377000,
        "sellingGeneralAndAdministrativeExpenses": 2874000,
        "otherExpenses": 0,
        "operatingExpenses": 2874000,
        "costAndExpenses": 35503000,
        "interestIncome": 0,
        "interestExpense": 214000,
        "depreciationAndAmortization": 2476000,
        "ebitda": 4574000,
        "ebitdaratio": 0.1222504343,
        "operatingIncome": 1912000,
        "operatingIncomeRatio": 0.051102499,
        "totalOtherIncomeExpensesNet": -28000,
        "incomeBeforeTax": 1884000,
        "incomeBeforeTaxRatio": 0.050354136,
        "incomeTaxExpense": 648000,
        "netIncome": 1236000,
        "netIncomeRatio": 0.0330348791,
        "eps": 0.14,
        "epsdiluted": 0.14,
        "weightedAverageShsOut": 8755116,
        "weightedAverageShsOutDil": 8823976,
        "link": "https://www.sec.gov/Archives/edgar/data/1324189/000143774915009466/0001437749-15-009466-index.html",
        "finalLink": "https://www.sec.gov/Archives/edgar/data/1324189/000143774915009466/tis20150331_10q.htm"
    },
    {
        "date": "2014-12-31",
        "symbol": "TIS",
        "reportedCurrency": "USD",
        "cik": "0001324189",
        "fillingDate": "2015-03-09",
        "acceptedDate": "2015-03-09 13:57:02",
        "calendarYear": "2014",
        "period": "Q4",
        "revenue": 41340000,
        "costOfRevenue": 34893000,
        "grossProfit": 6447000,
        "grossProfitRatio": 0.1559506531,
        "researchAndDevelopmentExpenses": 0,
        "generalAndAdministrativeExpenses": 2548000,
        "sellingAndMarketingExpenses": 323000,
        "sellingGeneralAndAdministrativeExpenses": 2871000,
        "otherExpenses": 0,
        "operatingExpenses": 2871000,
        "costAndExpenses": 37764000,
        "interestIncome": 0,
        "interestExpense": 56000,
        "depreciationAndAmortization": 2463000,
        "ebitda": 5999000,
        "ebitdaratio": 0.1451136913,
        "operatingIncome": 3576000,
        "operatingIncomeRatio": 0.0865021771,
        "totalOtherIncomeExpensesNet": -96000,
        "incomeBeforeTax": 3480000,
        "incomeBeforeTaxRatio": 0.084179971,
        "incomeTaxExpense": 1034000,
        "netIncome": 2446000,
        "netIncomeRatio": 0.0591678761,
        "eps": 0.29,
        "epsdiluted": 0.29,
        "weightedAverageShsOut": 8462875,
        "weightedAverageShsOutDil": 8538752,
        "link": "https://www.sec.gov/Archives/edgar/data/1324189/000143774915004472/0001437749-15-004472-index.htm",
        "finalLink": "https://www.sec.gov/Archives/edgar/data/1324189/000143774915004472/tis20141231_10k.htm"
    },
    {
        "date": "2014-09-30",
        "symbol": "TIS",
        "reportedCurrency": "USD",
        "cik": "0001324189",
        "fillingDate": "2014-11-04",
        "acceptedDate": "2014-11-04 13:05:48",
        "calendarYear": "2014",
        "period": "Q3",
        "revenue": 44429000,
        "costOfRevenue": 35645000,
        "grossProfit": 8784000,
        "grossProfitRatio": 0.1977087038,
        "researchAndDevelopmentExpenses": 0,
        "generalAndAdministrativeExpenses": 2541000,
        "sellingAndMarketingExpenses": 322000,
        "sellingGeneralAndAdministrativeExpenses": 2863000,
        "otherExpenses": 0,
        "operatingExpenses": 2863000,
        "costAndExpenses": 38508000,
        "interestIncome": 0,
        "interestExpense": 90000,
        "depreciationAndAmortization": 2695000,
        "ebitda": 8469000,
        "ebitdaratio": 0.19061874,
        "operatingIncome": 5921000,
        "operatingIncomeRatio": 0.1332688109,
        "totalOtherIncomeExpensesNet": -237000,
        "incomeBeforeTax": 5684000,
        "incomeBeforeTaxRatio": 0.1279344572,
        "incomeTaxExpense": 1854000,
        "netIncome": 3830000,
        "netIncomeRatio": 0.0862049562,
        "eps": 0.46,
        "epsdiluted": 0.45,
        "weightedAverageShsOut": 8363913,
        "weightedAverageShsOutDil": 8442057,
        "link": "https://www.sec.gov/Archives/edgar/data/1324189/000143774914019450/0001437749-14-019450-index.html",
        "finalLink": "https://www.sec.gov/Archives/edgar/data/1324189/000143774914019450/tis20140930_10q.htm"
    },
    {
        "date": "2014-06-30",
        "symbol": "TIS",
        "reportedCurrency": "USD",
        "cik": "0001324189",
        "fillingDate": "2014-08-05",
        "acceptedDate": "2014-08-05 13:44:18",
        "calendarYear": "2014",
        "period": "Q2",
        "revenue": 29196000,
        "costOfRevenue": 23706000,
        "grossProfit": 5490000,
        "grossProfitRatio": 0.1880394575,
        "researchAndDevelopmentExpenses": 0,
        "generalAndAdministrativeExpenses": 4407000,
        "sellingAndMarketingExpenses": 108000,
        "sellingGeneralAndAdministrativeExpenses": 4515000,
        "otherExpenses": 0,
        "operatingExpenses": 4515000,
        "costAndExpenses": 28221000,
        "interestIncome": 0,
        "interestExpense": 112000,
        "depreciationAndAmortization": 2380000,
        "ebitda": 3362000,
        "ebitdaratio": 0.1151527607,
        "operatingIncome": 975000,
        "operatingIncomeRatio": 0.0333949856,
        "totalOtherIncomeExpensesNet": -105000,
        "incomeBeforeTax": 870000,
        "incomeBeforeTaxRatio": 0.0297986025,
        "incomeTaxExpense": 324000,
        "netIncome": 546000,
        "netIncomeRatio": 0.0187011919,
        "eps": 0.0669,
        "epsdiluted": 0.0661,
        "weightedAverageShsOut": 8167076,
        "weightedAverageShsOutDil": 8258092,
        "link": "https://www.sec.gov/Archives/edgar/data/1324189/000110465914056826/0001104659-14-056826-index.html",
        "finalLink": "https://www.sec.gov/Archives/edgar/data/1324189/000110465914056826/a14-13868_110q.htm"
    },
    {
        "date": "2014-03-31",
        "symbol": "TIS",
        "reportedCurrency": "USD",
        "cik": "0001324189",
        "fillingDate": "2014-05-01",
        "acceptedDate": "2014-05-01 10:23:41",
        "calendarYear": "2014",
        "period": "Q1",
        "revenue": 27759000,
        "costOfRevenue": 21741000,
        "grossProfit": 6018000,
        "grossProfitRatio": 0.2167945531,
        "researchAndDevelopmentExpenses": 0,
        "generalAndAdministrativeExpenses": 2179000,
        "sellingAndMarketingExpenses": 0,
        "sellingGeneralAndAdministrativeExpenses": 2179000,
        "otherExpenses": 0,
        "operatingExpenses": 2179000,
        "costAndExpenses": 23920000,
        "interestIncome": 0,
        "interestExpense": 13000,
        "depreciationAndAmortization": 2211000,
        "ebitda": 6049000,
        "ebitdaratio": 0.217911308,
        "operatingIncome": 3839000,
        "operatingIncomeRatio": 0.1382974891,
        "totalOtherIncomeExpensesNet": -14000,
        "incomeBeforeTax": 3825000,
        "incomeBeforeTaxRatio": 0.1377931482,
        "incomeTaxExpense": 1182000,
        "netIncome": 2643000,
        "netIncomeRatio": 0.0952123636,
        "eps": 0.33,
        "epsdiluted": 0.32,
        "weightedAverageShsOut": 8063322,
        "weightedAverageShsOutDil": 8153007,
        "link": "https://www.sec.gov/Archives/edgar/data/1324189/000110465914033159/0001104659-14-033159-index.html",
        "finalLink": "https://www.sec.gov/Archives/edgar/data/1324189/000110465914033159/a14-8217_110q.htm"
    },
    {
        "date": "2013-12-31",
        "symbol": "TIS",
        "reportedCurrency": "USD",
        "cik": "0001324189",
        "fillingDate": "2014-03-06",
        "acceptedDate": "2014-03-06 13:07:10",
        "calendarYear": "2013",
        "period": "Q4",
        "revenue": 30773000,
        "costOfRevenue": 23556000,
        "grossProfit": 7217000,
        "grossProfitRatio": 0.2345237708,
        "researchAndDevelopmentExpenses": 0,
        "generalAndAdministrativeExpenses": 2559000,
        "sellingAndMarketingExpenses": 0,
        "sellingGeneralAndAdministrativeExpenses": 2559000,
        "otherExpenses": 0,
        "operatingExpenses": 2559000,
        "costAndExpenses": 26115000,
        "interestIncome": 0,
        "interestExpense": 91000,
        "depreciationAndAmortization": 1925000,
        "ebitda": 6735000,
        "ebitdaratio": 0.2188606896,
        "operatingIncome": 4658000,
        "operatingIncomeRatio": 0.1513664576,
        "totalOtherIncomeExpensesNet": 61000,
        "incomeBeforeTax": 4719000,
        "incomeBeforeTaxRatio": 0.1533487148,
        "incomeTaxExpense": 1359000,
        "netIncome": 3360000,
        "netIncomeRatio": 0.1091866246,
        "eps": 0.43,
        "epsdiluted": 0.42,
        "weightedAverageShsOut": 7870350,
        "weightedAverageShsOutDil": 7936948,
        "link": "https://www.sec.gov/Archives/edgar/data/1324189/000104746914001883/0001047469-14-001883-index.htm",
        "finalLink": "https://www.sec.gov/Archives/edgar/data/1324189/000104746914001883/a2218606z10-k.htm"
    },
    {
        "date": "2013-09-30",
        "symbol": "TIS",
        "reportedCurrency": "USD",
        "cik": "0001324189",
        "fillingDate": "2013-10-31",
        "acceptedDate": "2013-10-31 11:19:30",
        "calendarYear": "2013",
        "period": "Q3",
        "revenue": 29760000,
        "costOfRevenue": 22620000,
        "grossProfit": 7140000,
        "grossProfitRatio": 0.2399193548,
        "researchAndDevelopmentExpenses": 0,
        "generalAndAdministrativeExpenses": 2122000,
        "sellingAndMarketingExpenses": 0,
        "sellingGeneralAndAdministrativeExpenses": 2122000,
        "otherExpenses": 0,
        "operatingExpenses": 2122000,
        "costAndExpenses": 24742000,
        "interestIncome": 0,
        "interestExpense": 92000,
        "depreciationAndAmortization": 1918000,
        "ebitda": 6945000,
        "ebitdaratio": 0.2333669355,
        "operatingIncome": 5018000,
        "operatingIncomeRatio": 0.1686155914,
        "totalOtherIncomeExpensesNet": -83000,
        "incomeBeforeTax": 4935000,
        "incomeBeforeTaxRatio": 0.1658266129,
        "incomeTaxExpense": 1212000,
        "netIncome": 3723000,
        "netIncomeRatio": 0.1251008065,
        "eps": 0.48,
        "epsdiluted": 0.47,
        "weightedAverageShsOut": 7813762,
        "weightedAverageShsOutDil": 7908772,
        "link": "https://www.sec.gov/Archives/edgar/data/1324189/000110465913079539/0001104659-13-079539-index.html",
        "finalLink": "https://www.sec.gov/Archives/edgar/data/1324189/000110465913079539/a13-19584_110q.htm"
    },
    {
        "date": "2013-06-30",
        "symbol": "TIS",
        "reportedCurrency": "USD",
        "cik": "0001324189",
        "fillingDate": "2013-07-31",
        "acceptedDate": "2013-07-31 13:35:37",
        "calendarYear": "2013",
        "period": "Q2",
        "revenue": 29232000,
        "costOfRevenue": 22236000,
        "grossProfit": 6996000,
        "grossProfitRatio": 0.2393267652,
        "researchAndDevelopmentExpenses": 0,
        "generalAndAdministrativeExpenses": 2517000,
        "sellingAndMarketingExpenses": 0,
        "sellingGeneralAndAdministrativeExpenses": 2517000,
        "otherExpenses": 0,
        "operatingExpenses": 2517000,
        "costAndExpenses": 24753000,
        "interestIncome": 0,
        "interestExpense": 95000,
        "depreciationAndAmortization": 1883000,
        "ebitda": 6369000,
        "ebitdaratio": 0.2178776683,
        "operatingIncome": 4479000,
        "operatingIncomeRatio": 0.1532224959,
        "totalOtherIncomeExpensesNet": -88000,
        "incomeBeforeTax": 4391000,
        "incomeBeforeTaxRatio": 0.1502120963,
        "incomeTaxExpense": 1248000,
        "netIncome": 3143000,
        "netIncomeRatio": 0.1075191571,
        "eps": 0.41,
        "epsdiluted": 0.4,
        "weightedAverageShsOut": 7737269,
        "weightedAverageShsOutDil": 7914189,
        "link": "https://www.sec.gov/Archives/edgar/data/1324189/000110465913058279/0001104659-13-058279-index.html",
        "finalLink": "https://www.sec.gov/Archives/edgar/data/1324189/000110465913058279/a13-13688_110q.htm"
    },
    {
        "date": "2013-03-31",
        "symbol": "TIS",
        "reportedCurrency": "USD",
        "cik": "0001324189",
        "fillingDate": "2013-05-01",
        "acceptedDate": "2013-05-01 14:56:19",
        "calendarYear": "2013",
        "period": "Q1",
        "revenue": 26609000,
        "costOfRevenue": 20082000,
        "grossProfit": 6527000,
        "grossProfitRatio": 0.245292946,
        "researchAndDevelopmentExpenses": 0,
        "generalAndAdministrativeExpenses": 2273000,
        "sellingAndMarketingExpenses": 0,
        "sellingGeneralAndAdministrativeExpenses": 2273000,
        "otherExpenses": 0,
        "operatingExpenses": 2273000,
        "costAndExpenses": 22355000,
        "interestIncome": 0,
        "interestExpense": 93000,
        "depreciationAndAmortization": 1895000,
        "ebitda": 6154000,
        "ebitdaratio": 0.2312751325,
        "operatingIncome": 4254000,
        "operatingIncomeRatio": 0.1598707204,
        "totalOtherIncomeExpensesNet": -88000,
        "incomeBeforeTax": 4166000,
        "incomeBeforeTaxRatio": 0.1565635687,
        "incomeTaxExpense": 1073000,
        "netIncome": 3093000,
        "netIncomeRatio": 0.1162388665,
        "eps": 0.4,
        "epsdiluted": 0.39,
        "weightedAverageShsOut": 7674350,
        "weightedAverageShsOutDil": 7894785,
        "link": "https://www.sec.gov/Archives/edgar/data/1324189/000110465913035926/0001104659-13-035926-index.html",
        "finalLink": "https://www.sec.gov/Archives/edgar/data/1324189/000110465913035926/a13-8336_110q.htm"
    },
    {
        "date": "2012-12-31",
        "symbol": "TIS",
        "reportedCurrency": "USD",
        "cik": "0001324189",
        "fillingDate": "2013-03-11",
        "acceptedDate": "2013-03-11 13:30:55",
        "calendarYear": "2012",
        "period": "Q4",
        "revenue": 24035000,
        "costOfRevenue": 18596000,
        "grossProfit": 5439000,
        "grossProfitRatio": 0.2262949865,
        "researchAndDevelopmentExpenses": 0,
        "generalAndAdministrativeExpenses": 2028000,
        "sellingAndMarketingExpenses": 0,
        "sellingGeneralAndAdministrativeExpenses": 2028000,
        "otherExpenses": 0,
        "operatingExpenses": 2028000,
        "costAndExpenses": 20624000,
        "interestIncome": 0,
        "interestExpense": 99000,
        "depreciationAndAmortization": 1937000,
        "ebitda": 5358000,
        "ebitdaratio": 0.2229249012,
        "operatingIncome": 3411000,
        "operatingIncomeRatio": 0.1419180362,
        "totalOtherIncomeExpensesNet": -89000,
        "incomeBeforeTax": 3322000,
        "incomeBeforeTaxRatio": 0.138215103,
        "incomeTaxExpense": 1149000,
        "netIncome": 2173000,
        "netIncomeRatio": 0.090409819,
        "eps": 0.29,
        "epsdiluted": 0.28,
        "weightedAverageShsOut": 7564799,
        "weightedAverageShsOutDil": 7831722,
        "link": "https://www.sec.gov/Archives/edgar/data/1324189/000104746913002488/0001047469-13-002488-index.html",
        "finalLink": "https://www.sec.gov/Archives/edgar/data/1324189/000104746913002488/a2213388z10-k.htm"
    },
    {
        "date": "2012-09-30",
        "symbol": "TIS",
        "reportedCurrency": "USD",
        "cik": "0001324189",
        "fillingDate": "2012-11-01",
        "acceptedDate": "2012-11-01 09:51:27",
        "calendarYear": "2012",
        "period": "Q3",
        "revenue": 25778000,
        "costOfRevenue": 20388000,
        "grossProfit": 5390000,
        "grossProfitRatio": 0.2090930251,
        "researchAndDevelopmentExpenses": 0,
        "generalAndAdministrativeExpenses": 2029000,
        "sellingAndMarketingExpenses": 0,
        "sellingGeneralAndAdministrativeExpenses": 2029000,
        "otherExpenses": 0,
        "operatingExpenses": 2029000,
        "costAndExpenses": 22417000,
        "interestIncome": 0,
        "interestExpense": 99000,
        "depreciationAndAmortization": 1960000,
        "ebitda": 5325000,
        "ebitdaratio": 0.2065714951,
        "operatingIncome": 3361000,
        "operatingIncomeRatio": 0.1303824967,
        "totalOtherIncomeExpensesNet": -95000,
        "incomeBeforeTax": 3266000,
        "incomeBeforeTaxRatio": 0.1266971836,
        "incomeTaxExpense": 941000,
        "netIncome": 2325000,
        "netIncomeRatio": 0.090193188,
        "eps": 0.31,
        "epsdiluted": 0.3,
        "weightedAverageShsOut": 7549348,
        "weightedAverageShsOutDil": 7845429,
        "link": "https://www.sec.gov/Archives/edgar/data/1324189/000110465912072979/0001104659-12-072979-index.html",
        "finalLink": "https://www.sec.gov/Archives/edgar/data/1324189/000110465912072979/a12-19114_110q.htm"
    },
    {
        "date": "2012-06-30",
        "symbol": "TIS",
        "reportedCurrency": "USD",
        "cik": "0001324189",
        "fillingDate": "2012-08-02",
        "acceptedDate": "2012-08-02 10:15:21",
        "calendarYear": "2012",
        "period": "Q2",
        "revenue": 25279000,
        "costOfRevenue": 19675000,
        "grossProfit": 5604000,
        "grossProfitRatio": 0.2216859844,
        "researchAndDevelopmentExpenses": 0,
        "generalAndAdministrativeExpenses": 2112000,
        "sellingAndMarketingExpenses": 0,
        "sellingGeneralAndAdministrativeExpenses": 2112000,
        "otherExpenses": 0,
        "operatingExpenses": 2112000,
        "costAndExpenses": 21787000,
        "interestIncome": 0,
        "interestExpense": 102000,
        "depreciationAndAmortization": 1834000,
        "ebitda": 5003000,
        "ebitdaratio": 0.1979113098,
        "operatingIncome": 3492000,
        "operatingIncomeRatio": 0.1381383757,
        "totalOtherIncomeExpensesNet": -425000,
        "incomeBeforeTax": 3067000,
        "incomeBeforeTaxRatio": 0.1213260018,
        "incomeTaxExpense": 830000,
        "netIncome": 2237000,
        "netIncomeRatio": 0.0884924245,
        "eps": 0.3,
        "epsdiluted": 0.29,
        "weightedAverageShsOut": 7539798,
        "weightedAverageShsOutDil": 7842598,
        "link": "https://www.sec.gov/Archives/edgar/data/1324189/000110465912053556/0001104659-12-053556-index.html",
        "finalLink": "https://www.sec.gov/Archives/edgar/data/1324189/000110465912053556/a12-13698_110q.htm"
    },
    {
        "date": "2012-03-31",
        "symbol": "TIS",
        "reportedCurrency": "USD",
        "cik": "0001324189",
        "fillingDate": "2012-05-03",
        "acceptedDate": "2012-05-03 10:04:27",
        "calendarYear": "2012",
        "period": "Q1",
        "revenue": 25727000,
        "costOfRevenue": 19594000,
        "grossProfit": 6133000,
        "grossProfitRatio": 0.2383876861,
        "researchAndDevelopmentExpenses": 0,
        "generalAndAdministrativeExpenses": 2287000,
        "sellingAndMarketingExpenses": 0,
        "sellingGeneralAndAdministrativeExpenses": 2287000,
        "otherExpenses": 0,
        "operatingExpenses": 2287000,
        "costAndExpenses": 21881000,
        "interestIncome": 0,
        "interestExpense": 107000,
        "depreciationAndAmortization": 1817000,
        "ebitda": 5670000,
        "ebitdaratio": 0.2203910289,
        "operatingIncome": 3846000,
        "operatingIncomeRatio": 0.1494927508,
        "totalOtherIncomeExpensesNet": -100000,
        "incomeBeforeTax": 3746000,
        "incomeBeforeTaxRatio": 0.1456057838,
        "incomeTaxExpense": 1224000,
        "netIncome": 2522000,
        "netIncomeRatio": 0.0980293077,
        "eps": 0.33,
        "epsdiluted": 0.32,
        "weightedAverageShsOut": 7532327,
        "weightedAverageShsOutDil": 7855194,
        "link": "https://www.sec.gov/Archives/edgar/data/1324189/000110465912032384/0001104659-12-032384-index.htm",
        "finalLink": "https://www.sec.gov/Archives/edgar/data/1324189/000110465912032384/a12-7396_110q.htm"
    },
    {
        "date": "2011-12-31",
        "symbol": "TIS",
        "reportedCurrency": "USD",
        "cik": "0001324189",
        "fillingDate": "2012-03-07",
        "acceptedDate": "2012-03-07 16:04:00",
        "calendarYear": "2011",
        "period": "Q4",
        "revenue": 25675000,
        "costOfRevenue": 20079000,
        "grossProfit": 5596000,
        "grossProfitRatio": 0.2179552093,
        "researchAndDevelopmentExpenses": 0,
        "generalAndAdministrativeExpenses": 1906000,
        "sellingAndMarketingExpenses": 0,
        "sellingGeneralAndAdministrativeExpenses": 1906000,
        "otherExpenses": 0,
        "operatingExpenses": 1906000,
        "costAndExpenses": 21985000,
        "interestIncome": 0,
        "interestExpense": 104000,
        "depreciationAndAmortization": 1799000,
        "ebitda": 5498000,
        "ebitdaratio": 0.2141382668,
        "operatingIncome": 3690000,
        "operatingIncomeRatio": 0.1437195716,
        "totalOtherIncomeExpensesNet": -95000,
        "incomeBeforeTax": 3595000,
        "incomeBeforeTaxRatio": 0.1400194742,
        "incomeTaxExpense": 861000,
        "netIncome": 2734000,
        "netIncomeRatio": 0.1064849075,
        "eps": 0.36,
        "epsdiluted": 0.35,
        "weightedAverageShsOut": 7497205,
        "weightedAverageShsOutDil": 7721795,
        "link": "https://www.sec.gov/Archives/edgar/data/1324189/000104746912002222/0001047469-12-002222-index.html",
        "finalLink": "https://www.sec.gov/Archives/edgar/data/1324189/000104746912002222/a2207699z10-k.htm"
    },
    {
        "date": "2011-09-30",
        "symbol": "TIS",
        "reportedCurrency": "USD",
        "cik": "0001324189",
        "fillingDate": "2011-11-03",
        "acceptedDate": "2011-11-03 11:54:21",
        "calendarYear": "2011",
        "period": "Q3",
        "revenue": 26110000,
        "costOfRevenue": 22174000,
        "grossProfit": 3936000,
        "grossProfitRatio": 0.1507468403,
        "researchAndDevelopmentExpenses": 0,
        "generalAndAdministrativeExpenses": 1508000,
        "sellingAndMarketingExpenses": 0,
        "sellingGeneralAndAdministrativeExpenses": 1508000,
        "otherExpenses": 0,
        "operatingExpenses": 1508000,
        "costAndExpenses": 23682000,
        "interestIncome": 0,
        "interestExpense": 103000,
        "depreciationAndAmortization": 1760000,
        "ebitda": 4205000,
        "ebitdaratio": 0.1610494064,
        "operatingIncome": 2428000,
        "operatingIncomeRatio": 0.0929911911,
        "totalOtherIncomeExpensesNet": -86000,
        "incomeBeforeTax": 2342000,
        "incomeBeforeTaxRatio": 0.0896974339,
        "incomeTaxExpense": 695000,
        "netIncome": 1647000,
        "netIncomeRatio": 0.06307928,
        "eps": 0.22,
        "epsdiluted": 0.21,
        "weightedAverageShsOut": 7490430,
        "weightedAverageShsOutDil": 7715479,
        "link": "https://www.sec.gov/Archives/edgar/data/1324189/000110465911060447/0001104659-11-060447-index.html",
        "finalLink": "https://www.sec.gov/Archives/edgar/data/1324189/000110465911060447/a11-25437_110q.htm"
    },
    {
        "date": "2011-06-30",
        "symbol": "TIS",
        "reportedCurrency": "USD",
        "cik": "0001324189",
        "fillingDate": "2011-08-04",
        "acceptedDate": "2011-08-04 11:57:50",
        "calendarYear": "2011",
        "period": "Q2",
        "revenue": 23383000,
        "costOfRevenue": 19666000,
        "grossProfit": 3717000,
        "grossProfitRatio": 0.1589616388,
        "researchAndDevelopmentExpenses": 0,
        "generalAndAdministrativeExpenses": 1816000,
        "sellingAndMarketingExpenses": 0,
        "sellingGeneralAndAdministrativeExpenses": 1816000,
        "otherExpenses": 0,
        "operatingExpenses": 1816000,
        "costAndExpenses": 21482000,
        "interestIncome": 0,
        "interestExpense": 191000,
        "depreciationAndAmortization": 1823000,
        "ebitda": 3731000,
        "ebitdaratio": 0.1595603644,
        "operatingIncome": 1901000,
        "operatingIncomeRatio": 0.0812983792,
        "totalOtherIncomeExpensesNet": -184000,
        "incomeBeforeTax": 1717000,
        "incomeBeforeTaxRatio": 0.0734294145,
        "incomeTaxExpense": 520000,
        "netIncome": 1197000,
        "netIncomeRatio": 0.0511910362,
        "eps": 0.16,
        "epsdiluted": 0.16,
        "weightedAverageShsOut": 7489335,
        "weightedAverageShsOutDil": 7709449,
        "link": "https://www.sec.gov/Archives/edgar/data/1324189/000110465911043550/0001104659-11-043550-index.html",
        "finalLink": "https://www.sec.gov/Archives/edgar/data/1324189/000110465911043550/a11-13674_110q.htm"
    },
    {
        "date": "2011-03-31",
        "symbol": "TIS",
        "reportedCurrency": "USD",
        "cik": "0001324189",
        "fillingDate": "2011-05-05",
        "acceptedDate": "2011-05-05 11:18:51",
        "calendarYear": "2011",
        "period": "Q1",
        "revenue": 22675000,
        "costOfRevenue": 19967000,
        "grossProfit": 2708000,
        "grossProfitRatio": 0.1194266814,
        "researchAndDevelopmentExpenses": 0,
        "generalAndAdministrativeExpenses": 1580000,
        "sellingAndMarketingExpenses": 0,
        "sellingGeneralAndAdministrativeExpenses": 1580000,
        "otherExpenses": 0,
        "operatingExpenses": 1580000,
        "costAndExpenses": 21547000,
        "interestIncome": 0,
        "interestExpense": 249000,
        "depreciationAndAmortization": 1750000,
        "ebitda": 2887000,
        "ebitdaratio": 0.1273208379,
        "operatingIncome": 1128000,
        "operatingIncomeRatio": 0.0497464168,
        "totalOtherIncomeExpensesNet": -240000,
        "incomeBeforeTax": 888000,
        "incomeBeforeTaxRatio": 0.0391620728,
        "incomeTaxExpense": 268000,
        "netIncome": 620000,
        "netIncomeRatio": 0.0273428886,
        "eps": 0.0828,
        "epsdiluted": 0.0804,
        "weightedAverageShsOut": 7488183,
        "weightedAverageShsOutDil": 7712613,
        "link": "https://www.sec.gov/Archives/edgar/data/1324189/000110465911026145/0001104659-11-026145-index.html",
        "finalLink": "https://www.sec.gov/Archives/edgar/data/1324189/000110465911026145/a11-8505_110q.htm"
    },
    {
        "date": "2010-12-31",
        "symbol": "TIS",
        "reportedCurrency": "USD",
        "cik": "0001324189",
        "fillingDate": "2011-03-11",
        "acceptedDate": "2011-03-11 16:32:11",
        "calendarYear": "2010",
        "period": "Q4",
        "revenue": 22256000,
        "costOfRevenue": 19469000,
        "grossProfit": 2787000,
        "grossProfitRatio": 0.1252246585,
        "researchAndDevelopmentExpenses": 0,
        "generalAndAdministrativeExpenses": 1393000,
        "sellingAndMarketingExpenses": 0,
        "sellingGeneralAndAdministrativeExpenses": 1393000,
        "otherExpenses": 0,
        "operatingExpenses": 1393000,
        "costAndExpenses": 20862000,
        "interestIncome": 0,
        "interestExpense": -259000,
        "depreciationAndAmortization": 1714000,
        "ebitda": 4746000,
        "ebitdaratio": 0.2132458663,
        "operatingIncome": 1394000,
        "operatingIncomeRatio": 0.0626347951,
        "totalOtherIncomeExpensesNet": -245000,
        "incomeBeforeTax": 1149000,
        "incomeBeforeTaxRatio": 0.0516265277,
        "incomeTaxExpense": 2351000,
        "netIncome": 940000,
        "netIncomeRatio": 0.0422358016,
        "eps": 0.13,
        "epsdiluted": 0.12,
        "weightedAverageShsOut": 7456455,
        "weightedAverageShsOutDil": 7757773,
        "link": "https://www.sec.gov/Archives/edgar/data/1324189/000104746911002049/0001047469-11-002049-index.htm",
        "finalLink": "https://www.sec.gov/Archives/edgar/data/1324189/000104746911002049/a2202641z10-k.htm"
    },
    {
        "date": "2010-09-30",
        "symbol": "TIS",
        "reportedCurrency": "USD",
        "cik": "0001324189",
        "fillingDate": "2010-11-03",
        "acceptedDate": "2010-11-03 11:29:02",
        "calendarYear": "2010",
        "period": "Q3",
        "revenue": 24523000,
        "costOfRevenue": 20494000,
        "grossProfit": 4029000,
        "grossProfitRatio": 0.1642947437,
        "researchAndDevelopmentExpenses": 0,
        "generalAndAdministrativeExpenses": 1649000,
        "sellingAndMarketingExpenses": 0,
        "sellingGeneralAndAdministrativeExpenses": 1649000,
        "otherExpenses": 0,
        "operatingExpenses": 1649000,
        "costAndExpenses": 22143000,
        "interestIncome": 0,
        "interestExpense": -249000,
        "depreciationAndAmortization": 1767000,
        "ebitda": 2960000,
        "ebitdaratio": 0.1207030135,
        "operatingIncome": 2380000,
        "operatingIncomeRatio": 0.0970517473,
        "totalOtherIncomeExpensesNet": -225000,
        "incomeBeforeTax": 2155000,
        "incomeBeforeTaxRatio": 0.0878766872,
        "incomeTaxExpense": -474000,
        "netIncome": 1442000,
        "netIncomeRatio": 0.058801941,
        "eps": 0.19,
        "epsdiluted": 0.19,
        "weightedAverageShsOut": 7456455,
        "weightedAverageShsOutDil": 7757773,
        "link": "https://www.sec.gov/Archives/edgar/data/1324189/000110465910055476/0001104659-10-055476-index.html",
        "finalLink": "https://www.sec.gov/Archives/edgar/data/1324189/000110465910055476/a10-17842_110q.htm"
    },
    {
        "date": "2010-06-30",
        "symbol": "TIS",
        "reportedCurrency": "USD",
        "cik": "0001324189",
        "fillingDate": "2010-08-04",
        "acceptedDate": "2010-08-04 16:32:06",
        "calendarYear": "2010",
        "period": "Q2",
        "revenue": 24685000,
        "costOfRevenue": 19610000,
        "grossProfit": 5075000,
        "grossProfitRatio": 0.2055904395,
        "researchAndDevelopmentExpenses": 0,
        "generalAndAdministrativeExpenses": 1841000,
        "sellingAndMarketingExpenses": 0,
        "sellingGeneralAndAdministrativeExpenses": 1841000,
        "otherExpenses": 0,
        "operatingExpenses": 1841000,
        "costAndExpenses": 21451000,
        "interestIncome": 0,
        "interestExpense": -211000,
        "depreciationAndAmortization": 1106000,
        "ebitda": 3067000,
        "ebitdaratio": 0.1242454932,
        "operatingIncome": 3234000,
        "operatingIncomeRatio": 0.1310107353,
        "totalOtherIncomeExpensesNet": -198000,
        "incomeBeforeTax": 3036000,
        "incomeBeforeTaxRatio": 0.1229896698,
        "incomeTaxExpense": -409000,
        "netIncome": 2172000,
        "netIncomeRatio": 0.0879886571,
        "eps": 0.29,
        "epsdiluted": 0.28,
        "weightedAverageShsOut": 7441069,
        "weightedAverageShsOutDil": 7753905,
        "link": "https://www.sec.gov/Archives/edgar/data/1324189/000110465910041901/0001104659-10-041901-index.html",
        "finalLink": "https://www.sec.gov/Archives/edgar/data/1324189/000110465910041901/a10-13753_110q.htm"
    },
    {
        "date": "2010-03-31",
        "symbol": "TIS",
        "reportedCurrency": "USD",
        "cik": "0001324189",
        "fillingDate": "2010-05-06",
        "acceptedDate": "2010-05-06 13:28:51",
        "calendarYear": "2010",
        "period": "Q1",
        "revenue": 21040000,
        "costOfRevenue": 17179000,
        "grossProfit": 3861000,
        "grossProfitRatio": 0.1835076046,
        "researchAndDevelopmentExpenses": 0,
        "generalAndAdministrativeExpenses": 1735000,
        "sellingAndMarketingExpenses": 0,
        "sellingGeneralAndAdministrativeExpenses": 1735000,
        "otherExpenses": 0,
        "operatingExpenses": 1735000,
        "costAndExpenses": 18914000,
        "interestIncome": 0,
        "interestExpense": -215000,
        "depreciationAndAmortization": 1138000,
        "ebitda": 2283000,
        "ebitdaratio": 0.1085076046,
        "operatingIncome": 2126000,
        "operatingIncomeRatio": 0.1010456274,
        "totalOtherIncomeExpensesNet": -201000,
        "incomeBeforeTax": 1925000,
        "incomeBeforeTaxRatio": 0.0914923954,
        "incomeTaxExpense": -416000,
        "netIncome": 1360000,
        "netIncomeRatio": 0.0646387833,
        "eps": 0.18,
        "epsdiluted": 0.18,
        "weightedAverageShsOut": 7394906,
        "weightedAverageShsOutDil": 7729468,
        "link": "https://www.sec.gov/Archives/edgar/data/1324189/000110465910026210/0001104659-10-026210-index.html",
        "finalLink": "https://www.sec.gov/Archives/edgar/data/1324189/000110465910026210/a10-9249_110q.htm"
    },
    {
        "date": "2009-12-31",
        "symbol": "TIS",
        "reportedCurrency": "USD",
        "cik": "0001324189",
        "fillingDate": "2010-03-12",
        "acceptedDate": "2010-03-12 14:01:13",
        "calendarYear": "2009",
        "period": "Q4",
        "revenue": 23635000,
        "costOfRevenue": 17297000,
        "grossProfit": 6338000,
        "grossProfitRatio": 0.2681616247,
        "researchAndDevelopmentExpenses": 0,
        "generalAndAdministrativeExpenses": 1654000,
        "sellingAndMarketingExpenses": 0,
        "sellingGeneralAndAdministrativeExpenses": 1654000,
        "otherExpenses": 0,
        "operatingExpenses": 1654000,
        "costAndExpenses": 18951000,
        "interestIncome": 0,
        "interestExpense": -224000,
        "depreciationAndAmortization": 1047000,
        "ebitda": 10452000,
        "ebitdaratio": 0.442225513,
        "operatingIncome": 4684000,
        "operatingIncomeRatio": 0.1981806643,
        "totalOtherIncomeExpensesNet": -209000,
        "incomeBeforeTax": 4475000,
        "incomeBeforeTaxRatio": 0.1893378464,
        "incomeTaxExpense": 6464000,
        "netIncome": 3165000,
        "netIncomeRatio": 0.1339115718,
        "eps": 0.48,
        "epsdiluted": 0.46,
        "weightedAverageShsOut": 6562051,
        "weightedAverageShsOutDil": 6955133,
        "link": "https://www.sec.gov/Archives/edgar/data/1324189/000104746910002127/0001047469-10-002127-index.html",
        "finalLink": "https://www.sec.gov/Archives/edgar/data/1324189/000104746910002127/a2197205z10-k.htm"
    },
    {
        "date": "2009-09-30",
        "symbol": "TIS",
        "reportedCurrency": "USD",
        "cik": "0001324189",
        "fillingDate": "2009-11-04",
        "acceptedDate": "2009-11-04 15:03:55",
        "calendarYear": "2009",
        "period": "Q3",
        "revenue": 24557000,
        "costOfRevenue": 17128000,
        "grossProfit": 7429000,
        "grossProfitRatio": 0.3025206662,
        "researchAndDevelopmentExpenses": 0,
        "generalAndAdministrativeExpenses": 1772000,
        "sellingAndMarketingExpenses": 0,
        "sellingGeneralAndAdministrativeExpenses": 1772000,
        "otherExpenses": 0,
        "operatingExpenses": 1772000,
        "costAndExpenses": 18900000,
        "interestIncome": 0,
        "interestExpense": -174000,
        "depreciationAndAmortization": 1008000,
        "ebitda": 4649000,
        "ebitdaratio": 0.1893146557,
        "operatingIncome": 5657000,
        "operatingIncomeRatio": 0.2303620149,
        "totalOtherIncomeExpensesNet": -169000,
        "incomeBeforeTax": 5488000,
        "incomeBeforeTaxRatio": 0.2234800668,
        "incomeTaxExpense": -343000,
        "netIncome": 3815000,
        "netIncomeRatio": 0.1553528525,
        "eps": 0.58,
        "epsdiluted": 0.55,
        "weightedAverageShsOut": 6562051,
        "weightedAverageShsOutDil": 6955133,
        "link": "https://www.sec.gov/Archives/edgar/data/1324189/000110465909062480/0001104659-09-062480-index.html",
        "finalLink": "https://www.sec.gov/Archives/edgar/data/1324189/000110465909062480/a09-31622_110q.htm"
    },
    {
        "date": "2009-06-30",
        "symbol": "TIS",
        "reportedCurrency": "USD",
        "cik": "0001324189",
        "fillingDate": "2009-08-13",
        "acceptedDate": "2009-08-13 06:04:35",
        "calendarYear": "2009",
        "period": "Q2",
        "revenue": 24131000,
        "costOfRevenue": 16303000,
        "grossProfit": 7828000,
        "grossProfitRatio": 0.3243960051,
        "researchAndDevelopmentExpenses": 0,
        "generalAndAdministrativeExpenses": 2087000,
        "sellingAndMarketingExpenses": 0,
        "sellingGeneralAndAdministrativeExpenses": 2087000,
        "otherExpenses": 0,
        "operatingExpenses": 2087000,
        "costAndExpenses": 18390000,
        "interestIncome": 0,
        "interestExpense": -135000,
        "depreciationAndAmortization": 840000,
        "ebitda": 4480000,
        "ebitdaratio": 0.185653309,
        "operatingIncome": 5741000,
        "operatingIncomeRatio": 0.2379097427,
        "totalOtherIncomeExpensesNet": -134000,
        "incomeBeforeTax": 5607000,
        "incomeBeforeTaxRatio": 0.2323567196,
        "incomeTaxExpense": -269000,
        "netIncome": 3775000,
        "netIncomeRatio": 0.1564377771,
        "eps": 0.59,
        "epsdiluted": 0.56,
        "weightedAverageShsOut": 6421441,
        "weightedAverageShsOutDil": 6778918,
        "link": "https://www.sec.gov/Archives/edgar/data/1324189/000110465909049369/0001104659-09-049369-index.html",
        "finalLink": "https://www.sec.gov/Archives/edgar/data/1324189/000110465909049369/a09-19117_110q.htm"
    },
    {
        "date": "2009-03-31",
        "symbol": "TIS",
        "reportedCurrency": "USD",
        "cik": "0001324189",
        "fillingDate": "2009-05-04",
        "acceptedDate": "2009-05-04 14:08:51",
        "calendarYear": "2009",
        "period": "Q1",
        "revenue": 23640000,
        "costOfRevenue": 17208000,
        "grossProfit": 6432000,
        "grossProfitRatio": 0.2720812183,
        "researchAndDevelopmentExpenses": 0,
        "generalAndAdministrativeExpenses": 1830000,
        "sellingAndMarketingExpenses": 0,
        "sellingGeneralAndAdministrativeExpenses": 1830000,
        "otherExpenses": 0,
        "operatingExpenses": 1830000,
        "costAndExpenses": 19038000,
        "interestIncome": 0,
        "interestExpense": -159000,
        "depreciationAndAmortization": 813000,
        "ebitda": 3451000,
        "ebitdaratio": 0.1459813875,
        "operatingIncome": 4602000,
        "operatingIncomeRatio": 0.1946700508,
        "totalOtherIncomeExpensesNet": -156000,
        "incomeBeforeTax": 4446000,
        "incomeBeforeTaxRatio": 0.188071066,
        "incomeTaxExpense": -315000,
        "netIncome": 2797000,
        "netIncomeRatio": 0.1183164129,
        "eps": 0.44,
        "epsdiluted": 0.42,
        "weightedAverageShsOut": 6409182,
        "weightedAverageShsOutDil": 6683704,
        "link": "https://www.sec.gov/Archives/edgar/data/1324189/000110465909028996/0001104659-09-028996-index.html",
        "finalLink": "https://www.sec.gov/Archives/edgar/data/1324189/000110465909028996/a09-12407_110q.htm"
    },
    {
        "date": "2008-12-31",
        "symbol": "TIS",
        "reportedCurrency": "USD",
        "cik": "0001324189",
        "fillingDate": "2009-03-12",
        "acceptedDate": "2009-03-12 12:33:19",
        "calendarYear": "2008",
        "period": "Q4",
        "revenue": 24300000,
        "costOfRevenue": 18899000,
        "grossProfit": 5401000,
        "grossProfitRatio": 0.2222633745,
        "researchAndDevelopmentExpenses": 0,
        "generalAndAdministrativeExpenses": 1832000,
        "sellingAndMarketingExpenses": 0,
        "sellingGeneralAndAdministrativeExpenses": 1832000,
        "otherExpenses": 0,
        "operatingExpenses": 1832000,
        "costAndExpenses": 20731000,
        "interestIncome": 0,
        "interestExpense": -320000,
        "depreciationAndAmortization": 822000,
        "ebitda": 4977000,
        "ebitdaratio": 0.2048148148,
        "operatingIncome": 3569000,
        "operatingIncomeRatio": 0.146872428,
        "totalOtherIncomeExpensesNet": -319000,
        "incomeBeforeTax": 3250000,
        "incomeBeforeTaxRatio": 0.133744856,
        "incomeTaxExpense": 2205000,
        "netIncome": 2270000,
        "netIncomeRatio": 0.0934156379,
        "eps": 0.36,
        "epsdiluted": 0.35,
        "weightedAverageShsOut": 6328343,
        "weightedAverageShsOutDil": 6526511,
        "link": "https://www.sec.gov/Archives/edgar/data/1324189/000104746909002534/0001047469-09-002534-index.html",
        "finalLink": "https://www.sec.gov/Archives/edgar/data/1324189/000104746909002534/a2191432z10-k.htm"
    },
    {
        "date": "2008-09-30",
        "symbol": "TIS",
        "reportedCurrency": "USD",
        "cik": "0001324189",
        "fillingDate": "2008-11-10",
        "acceptedDate": "2008-11-10 11:32:09",
        "calendarYear": "2008",
        "period": "Q3",
        "revenue": 23312000,
        "costOfRevenue": 19518000,
        "grossProfit": 3794000,
        "grossProfitRatio": 0.1627487989,
        "researchAndDevelopmentExpenses": 0,
        "generalAndAdministrativeExpenses": 1551000,
        "sellingAndMarketingExpenses": 0,
        "sellingGeneralAndAdministrativeExpenses": 1551000,
        "otherExpenses": 0,
        "operatingExpenses": 1551000,
        "costAndExpenses": 21069000,
        "interestIncome": 0,
        "interestExpense": -310000,
        "depreciationAndAmortization": 790000,
        "ebitda": 1903000,
        "ebitdaratio": 0.0816317776,
        "operatingIncome": 2243000,
        "operatingIncomeRatio": 0.0962165408,
        "totalOtherIncomeExpensesNet": -307000,
        "incomeBeforeTax": 1936000,
        "incomeBeforeTaxRatio": 0.0830473576,
        "incomeTaxExpense": -617000,
        "netIncome": 1423000,
        "netIncomeRatio": 0.0610415237,
        "eps": 0.22,
        "epsdiluted": 0.22,
        "weightedAverageShsOut": 6328343,
        "weightedAverageShsOutDil": 6526511,
        "link": "https://www.sec.gov/Archives/edgar/data/1324189/000095013708013569/0000950137-08-013569-index.html",
        "finalLink": "https://www.sec.gov/Archives/edgar/data/1324189/000095013708013569/c47546e10vq.htm"
    },
    {
        "date": "2008-06-30",
        "symbol": "TIS",
        "reportedCurrency": "USD",
        "cik": "0001324189",
        "fillingDate": "2008-08-04",
        "acceptedDate": "2008-08-04 15:20:55",
        "calendarYear": "2008",
        "period": "Q2",
        "revenue": 22315000,
        "costOfRevenue": 19193000,
        "grossProfit": 3122000,
        "grossProfitRatio": 0.1399058929,
        "researchAndDevelopmentExpenses": 0,
        "generalAndAdministrativeExpenses": 1491000,
        "sellingAndMarketingExpenses": 0,
        "sellingGeneralAndAdministrativeExpenses": 1491000,
        "otherExpenses": 0,
        "operatingExpenses": 1491000,
        "costAndExpenses": 20684000,
        "interestIncome": 0,
        "interestExpense": -320000,
        "depreciationAndAmortization": 781000,
        "ebitda": 1348000,
        "ebitdaratio": 0.0604077974,
        "operatingIncome": 1631000,
        "operatingIncomeRatio": 0.0730898499,
        "totalOtherIncomeExpensesNet": -315000,
        "incomeBeforeTax": 1316000,
        "incomeBeforeTaxRatio": 0.0589737844,
        "incomeTaxExpense": -635000,
        "netIncome": 887000,
        "netIncomeRatio": 0.0397490477,
        "eps": 0.14,
        "epsdiluted": 0.14,
        "weightedAverageShsOut": 6328017,
        "weightedAverageShsOutDil": 6541066,
        "link": "https://www.sec.gov/Archives/edgar/data/1324189/000095013708010088/0000950137-08-010088-index.html",
        "finalLink": "https://www.sec.gov/Archives/edgar/data/1324189/000095013708010088/c33988e10vq.htm"
    },
    {
        "date": "2008-03-31",
        "symbol": "TIS",
        "reportedCurrency": "USD",
        "cik": "0001324189",
        "fillingDate": "2008-05-02",
        "acceptedDate": "2008-05-02 14:12:04",
        "calendarYear": "2008",
        "period": "Q1",
        "revenue": 20275000,
        "costOfRevenue": 17586000,
        "grossProfit": 2689000,
        "grossProfitRatio": 0.1326263872,
        "researchAndDevelopmentExpenses": 0,
        "generalAndAdministrativeExpenses": 1385000,
        "sellingAndMarketingExpenses": 0,
        "sellingGeneralAndAdministrativeExpenses": 1385000,
        "otherExpenses": 0,
        "operatingExpenses": 1385000,
        "costAndExpenses": 18971000,
        "interestIncome": 0,
        "interestExpense": -411000,
        "depreciationAndAmortization": 763000,
        "ebitda": 963000,
        "ebitdaratio": 0.0474969174,
        "operatingIncome": 1304000,
        "operatingIncomeRatio": 0.0643156597,
        "totalOtherIncomeExpensesNet": -410000,
        "incomeBeforeTax": 894000,
        "incomeBeforeTaxRatio": 0.0440937115,
        "incomeTaxExpense": -821000,
        "netIncome": 611000,
        "netIncomeRatio": 0.030135635,
        "eps": 0.0966,
        "epsdiluted": 0.0932,
        "weightedAverageShsOut": 6327049,
        "weightedAverageShsOutDil": 6554357,
        "link": "https://www.sec.gov/Archives/edgar/data/1324189/000095013708006586/0000950137-08-006586-index.html",
        "finalLink": "https://www.sec.gov/Archives/edgar/data/1324189/000095013708006586/c26356e10vq.htm"
    },
    {
        "date": "2007-12-31",
        "symbol": "TIS",
        "reportedCurrency": "USD",
        "cik": "0001324189",
        "fillingDate": "2008-03-18",
        "acceptedDate": "2008-03-18 15:27:02",
        "calendarYear": "2007",
        "period": "Q4",
        "revenue": 20278000,
        "costOfRevenue": 17581000,
        "grossProfit": 2697000,
        "grossProfitRatio": 0.1330012822,
        "researchAndDevelopmentExpenses": 0,
        "generalAndAdministrativeExpenses": 1181000,
        "sellingAndMarketingExpenses": 0,
        "sellingGeneralAndAdministrativeExpenses": 1181000,
        "otherExpenses": 0,
        "operatingExpenses": 1181000,
        "costAndExpenses": 18762000,
        "interestIncome": 0,
        "interestExpense": -612000,
        "depreciationAndAmortization": 818000,
        "ebitda": 1363000,
        "ebitdaratio": 0.0672157017,
        "operatingIncome": 1516000,
        "operatingIncomeRatio": 0.0747608245,
        "totalOtherIncomeExpensesNet": -605000,
        "incomeBeforeTax": 911000,
        "incomeBeforeTaxRatio": 0.0449255351,
        "incomeTaxExpense": 307000,
        "netIncome": 850000,
        "netIncomeRatio": 0.0419173489,
        "eps": 0.14,
        "epsdiluted": 0.13,
        "weightedAverageShsOut": 6234346,
        "weightedAverageShsOutDil": 6425527,
        "link": "https://www.sec.gov/Archives/edgar/data/1324189/000095013708003840/0000950137-08-003840-index.htm",
        "finalLink": "https://www.sec.gov/Archives/edgar/data/1324189/000095013708003840/c24728e10vk.htm"
    },
    {
        "date": "2007-09-30",
        "symbol": "TIS",
        "reportedCurrency": "USD",
        "cik": "0001324189",
        "fillingDate": "2007-11-05",
        "acceptedDate": "2007-11-05 16:33:09",
        "calendarYear": "2007",
        "period": "Q3",
        "revenue": 19218000,
        "costOfRevenue": 15802000,
        "grossProfit": 3416000,
        "grossProfitRatio": 0.177750026,
        "researchAndDevelopmentExpenses": 0,
        "generalAndAdministrativeExpenses": 1491000,
        "sellingAndMarketingExpenses": 0,
        "sellingGeneralAndAdministrativeExpenses": 1491000,
        "otherExpenses": 0,
        "operatingExpenses": 1491000,
        "costAndExpenses": 17293000,
        "interestIncome": 0,
        "interestExpense": -635000,
        "depreciationAndAmortization": 763000,
        "ebitda": 1264000,
        "ebitdaratio": 0.0657716724,
        "operatingIncome": 1925000,
        "operatingIncomeRatio": 0.1001665106,
        "totalOtherIncomeExpensesNet": -633000,
        "incomeBeforeTax": 1292000,
        "incomeBeforeTaxRatio": 0.0672286398,
        "incomeTaxExpense": -1268000,
        "netIncome": 1136000,
        "netIncomeRatio": 0.0591112499,
        "eps": 0.18,
        "epsdiluted": 0.18,
        "weightedAverageShsOut": 6234346,
        "weightedAverageShsOutDil": 6425527,
        "link": "https://www.sec.gov/Archives/edgar/data/1324189/000095013707016577/0000950137-07-016577-index.html",
        "finalLink": "https://www.sec.gov/Archives/edgar/data/1324189/000095013707016577/c21266e10vq.htm"
    },
    {
        "date": "2007-06-30",
        "symbol": "TIS",
        "reportedCurrency": "USD",
        "cik": "0001324189",
        "fillingDate": "2007-08-14",
        "acceptedDate": "2007-08-14 14:43:12",
        "calendarYear": "2007",
        "period": "Q2",
        "revenue": 18515000,
        "costOfRevenue": 15567000,
        "grossProfit": 2948000,
        "grossProfitRatio": 0.1592222522,
        "researchAndDevelopmentExpenses": 0,
        "generalAndAdministrativeExpenses": 1365000,
        "sellingAndMarketingExpenses": 0,
        "sellingGeneralAndAdministrativeExpenses": 1365000,
        "otherExpenses": 0,
        "operatingExpenses": 1365000,
        "costAndExpenses": 16932000,
        "interestIncome": 0,
        "interestExpense": -708000,
        "depreciationAndAmortization": 792000,
        "ebitda": 827000,
        "ebitdaratio": 0.0446664866,
        "operatingIncome": 1583000,
        "operatingIncomeRatio": 0.0854982447,
        "totalOtherIncomeExpensesNet": -701000,
        "incomeBeforeTax": 882000,
        "incomeBeforeTaxRatio": 0.047637051,
        "incomeTaxExpense": -1409000,
        "netIncome": 743000,
        "netIncomeRatio": 0.0401296246,
        "eps": 0.12,
        "epsdiluted": 0.12,
        "weightedAverageShsOut": 6234346,
        "weightedAverageShsOutDil": 6427130,
        "link": "https://www.sec.gov/Archives/edgar/data/1324189/000095013707012340/0000950137-07-012340-index.html",
        "finalLink": "https://www.sec.gov/Archives/edgar/data/1324189/000095013707012340/c17713e10vq.htm"
    },
    {
        "date": "2007-03-31",
        "symbol": "TIS",
        "reportedCurrency": "USD",
        "cik": "0001324189",
        "fillingDate": "2007-05-04",
        "acceptedDate": "2007-05-04 12:04:31",
        "calendarYear": "2007",
        "period": "Q1",
        "revenue": 16637000,
        "costOfRevenue": 14767000,
        "grossProfit": 1870000,
        "grossProfitRatio": 0.1124000721,
        "researchAndDevelopmentExpenses": 0,
        "generalAndAdministrativeExpenses": 1197000,
        "sellingAndMarketingExpenses": 0,
        "sellingGeneralAndAdministrativeExpenses": 1197000,
        "otherExpenses": 0,
        "operatingExpenses": 1197000,
        "costAndExpenses": 15964000,
        "interestIncome": 0,
        "interestExpense": -873000,
        "depreciationAndAmortization": 849000,
        "ebitda": -155000,
        "ebitdaratio": -0.0093165835,
        "operatingIncome": 673000,
        "operatingIncomeRatio": 0.0404520046,
        "totalOtherIncomeExpensesNet": -853000,
        "incomeBeforeTax": -180000,
        "incomeBeforeTaxRatio": -0.0108192583,
        "incomeTaxExpense": -1726000,
        "netIncome": -131000,
        "netIncomeRatio": -0.0078740157,
        "eps": -0.021,
        "epsdiluted": -0.021,
        "weightedAverageShsOut": 6234346,
        "weightedAverageShsOutDil": 6234346,
        "link": "https://www.sec.gov/Archives/edgar/data/1324189/000095013707006777/0000950137-07-006777-index.html",
        "finalLink": "https://www.sec.gov/Archives/edgar/data/1324189/000095013707006777/c14862e10vq.htm"
    },
    {
        "date": "2006-12-31",
        "symbol": "TIS",
        "reportedCurrency": "USD",
        "cik": "0001324189",
        "fillingDate": "2007-03-19",
        "acceptedDate": "2007-03-19 16:54:54",
        "calendarYear": "2006",
        "period": "Q4",
        "revenue": 17262000,
        "costOfRevenue": 14703000,
        "grossProfit": 2559000,
        "grossProfitRatio": 0.1482446993,
        "researchAndDevelopmentExpenses": 0,
        "generalAndAdministrativeExpenses": 1283000,
        "sellingAndMarketingExpenses": 0,
        "sellingGeneralAndAdministrativeExpenses": 1283000,
        "otherExpenses": 0,
        "operatingExpenses": 1283000,
        "costAndExpenses": 15986000,
        "interestIncome": 0,
        "interestExpense": -854000,
        "depreciationAndAmortization": 831000,
        "ebitda": 407000,
        "ebitdaratio": 0.023577801,
        "operatingIncome": 1276000,
        "operatingIncomeRatio": 0.0739195922,
        "totalOtherIncomeExpensesNet": -835000,
        "incomeBeforeTax": 441000,
        "incomeBeforeTaxRatio": 0.0255474453,
        "incomeTaxExpense": -564000,
        "netIncome": 994000,
        "netIncomeRatio": 0.0575831306,
        "eps": 0.16,
        "epsdiluted": 0.16,
        "weightedAverageShsOut": 6234346,
        "weightedAverageShsOutDil": 6234346,
        "link": "https://www.sec.gov/Archives/edgar/data/1324189/000095013707004041/0000950137-07-004041-index.html",
        "finalLink": "https://www.sec.gov/Archives/edgar/data/1324189/000095013707004041/c12729e10vk.htm"
    },
    {
        "date": "2006-09-30",
        "symbol": "TIS",
        "reportedCurrency": "USD",
        "cik": "0001324189",
        "fillingDate": "2006-11-03",
        "acceptedDate": "2006-11-03 11:43:27",
        "calendarYear": "2006",
        "period": "Q3",
        "revenue": 15154000,
        "costOfRevenue": 13297000,
        "grossProfit": 1857000,
        "grossProfitRatio": 0.1225419031,
        "researchAndDevelopmentExpenses": 0,
        "generalAndAdministrativeExpenses": 1124000,
        "sellingAndMarketingExpenses": 0,
        "sellingGeneralAndAdministrativeExpenses": 1124000,
        "otherExpenses": 0,
        "operatingExpenses": 1124000,
        "costAndExpenses": 14421000,
        "interestIncome": 0,
        "interestExpense": -836000,
        "depreciationAndAmortization": 755000,
        "ebitda": -232000,
        "ebitdaratio": -0.0153094892,
        "operatingIncome": 733000,
        "operatingIncomeRatio": 0.0483700673,
        "totalOtherIncomeExpensesNet": -819000,
        "incomeBeforeTax": -86000,
        "incomeBeforeTaxRatio": -0.0056750693,
        "incomeTaxExpense": -1655000,
        "netIncome": -151000,
        "netIncomeRatio": -0.0099643658,
        "eps": -0.0242,
        "epsdiluted": -0.0242,
        "weightedAverageShsOut": 6234346,
        "weightedAverageShsOutDil": 6234346,
        "link": "https://www.sec.gov/Archives/edgar/data/1324189/000095013706011797/0000950137-06-011797-index.htm",
        "finalLink": "https://www.sec.gov/Archives/edgar/data/1324189/000095013706011797/c09625e10vq.htm"
    },
    {
        "date": "2006-06-30",
        "symbol": "TIS",
        "reportedCurrency": "USD",
        "cik": "0001324189",
        "fillingDate": "2006-08-04",
        "acceptedDate": "2006-08-04 08:23:52",
        "calendarYear": "2006",
        "period": "Q2",
        "revenue": 13675000,
        "costOfRevenue": 12669000,
        "grossProfit": 1006000,
        "grossProfitRatio": 0.0735648995,
        "researchAndDevelopmentExpenses": 0,
        "generalAndAdministrativeExpenses": 1281000,
        "sellingAndMarketingExpenses": 0,
        "sellingGeneralAndAdministrativeExpenses": 1281000,
        "otherExpenses": 0,
        "operatingExpenses": 1281000,
        "costAndExpenses": 13950000,
        "interestIncome": 0,
        "interestExpense": -243000,
        "depreciationAndAmortization": 446000,
        "ebitda": -90000,
        "ebitdaratio": -0.0065813528,
        "operatingIncome": -275000,
        "operatingIncomeRatio": -0.0201096892,
        "totalOtherIncomeExpensesNet": -192000,
        "incomeBeforeTax": -467000,
        "incomeBeforeTaxRatio": -0.0341499086,
        "incomeTaxExpense": -435000,
        "netIncome": -293000,
        "netIncomeRatio": -0.0214259598,
        "eps": -0.047,
        "epsdiluted": -0.047,
        "weightedAverageShsOut": 6234346,
        "weightedAverageShsOutDil": 6234346,
        "link": "https://www.sec.gov/Archives/edgar/data/1324189/000095013706008639/0000950137-06-008639-index.htm",
        "finalLink": "https://www.sec.gov/Archives/edgar/data/1324189/000095013706008639/c07334e10vq.htm"
    },
    {
        "date": "2006-03-31",
        "symbol": "TIS",
        "reportedCurrency": "USD",
        "cik": "0001324189",
        "fillingDate": "2006-05-11",
        "acceptedDate": "2006-05-11 15:54:27",
        "calendarYear": "2006",
        "period": "Q1",
        "revenue": 14099000,
        "costOfRevenue": 12536000,
        "grossProfit": 1563000,
        "grossProfitRatio": 0.1108589262,
        "researchAndDevelopmentExpenses": 0,
        "generalAndAdministrativeExpenses": 1248000,
        "sellingAndMarketingExpenses": 0,
        "sellingGeneralAndAdministrativeExpenses": 1248000,
        "otherExpenses": 0,
        "operatingExpenses": 1248000,
        "costAndExpenses": 13784000,
        "interestIncome": 0,
        "interestExpense": -47000,
        "depreciationAndAmortization": 440000,
        "ebitda": 575000,
        "ebitdaratio": 0.0407830343,
        "operatingIncome": 315000,
        "operatingIncomeRatio": 0.0223420101,
        "totalOtherIncomeExpensesNet": -35000,
        "incomeBeforeTax": 280000,
        "incomeBeforeTaxRatio": 0.0198595645,
        "incomeTaxExpense": -82000,
        "netIncome": 182000,
        "netIncomeRatio": 0.0129087169,
        "eps": 0.0438,
        "epsdiluted": 0.0421,
        "weightedAverageShsOut": 4156250,
        "weightedAverageShsOutDil": 4318051,
        "link": "https://www.sec.gov/Archives/edgar/data/1324189/000095013706005786/0000950137-06-005786-index.htm",
        "finalLink": "https://www.sec.gov/Archives/edgar/data/1324189/000095013706005786/c05285e10vq.htm"
    },
    {
        "date": "2005-12-31",
        "symbol": "TIS",
        "reportedCurrency": "USD",
        "cik": "0001324189",
        "fillingDate": "2006-03-29",
        "acceptedDate": "2006-03-29 15:19:34",
        "calendarYear": "2005",
        "period": "Q4",
        "revenue": 57700000,
        "costOfRevenue": 49769000,
        "grossProfit": 7931000,
        "grossProfitRatio": 0.1374523397,
        "researchAndDevelopmentExpenses": 0,
        "generalAndAdministrativeExpenses": 4629000,
        "sellingAndMarketingExpenses": 0,
        "sellingGeneralAndAdministrativeExpenses": 4629000,
        "otherExpenses": 0,
        "operatingExpenses": 4629000,
        "costAndExpenses": 54398000,
        "interestIncome": 0,
        "interestExpense": -1213000,
        "depreciationAndAmortization": -1270832000,
        "ebitda": -1269854000,
        "ebitdaratio": -22.0078682842,
        "operatingIncome": 3302000,
        "operatingIncomeRatio": 0.0572270364,
        "totalOtherIncomeExpensesNet": -1111000,
        "incomeBeforeTax": 2191000,
        "incomeBeforeTaxRatio": 0.0379722704,
        "incomeTaxExpense": 799000,
        "netIncome": 1392000,
        "netIncomeRatio": 0.0241247834,
        "eps": 0.0542,
        "epsdiluted": 0.0524,
        "weightedAverageShsOut": 25686810,
        "weightedAverageShsOutDil": 26574310,
        "link": "https://www.sec.gov/Archives/edgar/data/1324189/000095013706003886/0000950137-06-003886-index.htm",
        "finalLink": "https://www.sec.gov/Archives/edgar/data/1324189/000095013706003886/c03803e10vk.htm"
    },
    {
        "date": "2005-09-30",
        "symbol": "TIS",
        "reportedCurrency": "USD",
        "cik": "0001324189",
        "fillingDate": "2005-11-09",
        "acceptedDate": "2005-11-09 13:11:10",
        "calendarYear": "2005",
        "period": "Q3",
        "revenue": 15434614000,
        "costOfRevenue": 13172065000,
        "grossProfit": 2262549000,
        "grossProfitRatio": 0.146589283,
        "researchAndDevelopmentExpenses": 0,
        "generalAndAdministrativeExpenses": 1233690000,
        "sellingAndMarketingExpenses": 0,
        "sellingGeneralAndAdministrativeExpenses": 1233690000,
        "otherExpenses": 0,
        "operatingExpenses": 1233690000,
        "costAndExpenses": 14405755000,
        "interestIncome": 0,
        "interestExpense": -343096000,
        "depreciationAndAmortization": 433048000,
        "ebitda": 570406000,
        "ebitdaratio": 0.0369562854,
        "operatingIncome": 1028859000,
        "operatingIncomeRatio": 0.0666591986,
        "totalOtherIncomeExpensesNet": -283663000,
        "incomeBeforeTax": 745196000,
        "incomeBeforeTaxRatio": 0.0482808316,
        "incomeTaxExpense": -626759000,
        "netIncome": 480454000,
        "netIncomeRatio": 0.0311283457,
        "eps": 18.7,
        "epsdiluted": 18.08,
        "weightedAverageShsOut": 25686810,
        "weightedAverageShsOutDil": 26574310,
        "link": "https://www.sec.gov/Archives/edgar/data/1324189/000095013705013542/0000950137-05-013542-index.htm",
        "finalLink": "https://www.sec.gov/Archives/edgar/data/1324189/000095013705013542/c99865e10vq.htm"
    }
]