[
    {
        "date": "2017-03-31",
        "symbol": "TRR",
        "reportedCurrency": "USD",
        "cik": "0000103096",
        "fillingDate": "2017-05-04",
        "acceptedDate": "2017-05-04 07:54:51",
        "calendarYear": "2017",
        "period": "Q3",
        "revenue": 189724000,
        "costOfRevenue": 107071000,
        "grossProfit": 82653000,
        "grossProfitRatio": 0.4356486264,
        "researchAndDevelopmentExpenses": 0,
        "generalAndAdministrativeExpenses": 11290000,
        "sellingAndMarketingExpenses": 60999000,
        "sellingGeneralAndAdministrativeExpenses": 72289000,
        "otherExpenses": 0,
        "operatingExpenses": 72289000,
        "costAndExpenses": 122875000,
        "interestIncome": 0,
        "interestExpense": 1201000,
        "depreciationAndAmortization": 4967000,
        "ebitda": 12329000,
        "ebitdaratio": 0.0649838713,
        "operatingIncome": 7010000,
        "operatingIncomeRatio": 0.0369484093,
        "totalOtherIncomeExpensesNet": -810000,
        "incomeBeforeTax": 6200000,
        "incomeBeforeTaxRatio": 0.0326790496,
        "incomeTaxExpense": 1663000,
        "netIncome": 4498000,
        "netIncomeRatio": 0.0237081234,
        "eps": 0.14,
        "epsdiluted": 0.14,
        "weightedAverageShsOut": 31401000,
        "weightedAverageShsOutDil": 31937000,
        "link": "https://www.sec.gov/Archives/edgar/data/103096/000151128417000017/0001511284-17-000017-index.html",
        "finalLink": "https://www.sec.gov/Archives/edgar/data/103096/000151128417000017/trr-10qf201703312017.htm"
    },
    {
        "date": "2016-12-30",
        "symbol": "TRR",
        "reportedCurrency": "USD",
        "cik": "0000103096",
        "fillingDate": "2017-02-02",
        "acceptedDate": "2017-02-02 07:32:03",
        "calendarYear": "2017",
        "period": "Q2",
        "revenue": 198662000,
        "costOfRevenue": 105613000,
        "grossProfit": 93049000,
        "grossProfitRatio": 0.4683784518,
        "researchAndDevelopmentExpenses": 0,
        "generalAndAdministrativeExpenses": 11042000,
        "sellingAndMarketingExpenses": 71306000,
        "sellingGeneralAndAdministrativeExpenses": 82348000,
        "otherExpenses": 0,
        "operatingExpenses": 82348000,
        "costAndExpenses": 121026000,
        "interestIncome": 0,
        "interestExpense": 841000,
        "depreciationAndAmortization": 4549000,
        "ebitda": 11861000,
        "ebitdaratio": 0.0597044226,
        "operatingIncome": 7036000,
        "operatingIncomeRatio": 0.0354169393,
        "totalOtherIncomeExpensesNet": -555000,
        "incomeBeforeTax": 6481000,
        "incomeBeforeTaxRatio": 0.0326232495,
        "incomeTaxExpense": 2473000,
        "netIncome": 3998000,
        "netIncomeRatio": 0.0201246338,
        "eps": 0.13,
        "epsdiluted": 0.13,
        "weightedAverageShsOut": 31300000,
        "weightedAverageShsOutDil": 31783000,
        "link": "https://www.sec.gov/Archives/edgar/data/103096/000151128417000007/0001511284-17-000007-index.html",
        "finalLink": "https://www.sec.gov/Archives/edgar/data/103096/000151128417000007/trr-10qf201712302016.htm"
    },
    {
        "date": "2016-09-30",
        "symbol": "TRR",
        "reportedCurrency": "USD",
        "cik": "0000103096",
        "fillingDate": "2016-11-03",
        "acceptedDate": "2016-11-03 07:47:15",
        "calendarYear": "2017",
        "period": "Q1",
        "revenue": 180851000,
        "costOfRevenue": 103676000,
        "grossProfit": 77175000,
        "grossProfitRatio": 0.4267325036,
        "researchAndDevelopmentExpenses": 0,
        "generalAndAdministrativeExpenses": 10839000,
        "sellingAndMarketingExpenses": 56546000,
        "sellingGeneralAndAdministrativeExpenses": 67385000,
        "otherExpenses": 0,
        "operatingExpenses": 67385000,
        "costAndExpenses": 119019000,
        "interestIncome": 0,
        "interestExpense": 845000,
        "depreciationAndAmortization": 4684000,
        "ebitda": 10899000,
        "ebitdaratio": 0.0602650801,
        "operatingIncome": 5957000,
        "operatingIncomeRatio": 0.0329387175,
        "totalOtherIncomeExpensesNet": -567000,
        "incomeBeforeTax": 5390000,
        "incomeBeforeTaxRatio": 0.0298035399,
        "incomeTaxExpense": 1731000,
        "netIncome": 3639000,
        "netIncomeRatio": 0.0201215365,
        "eps": 0.12,
        "epsdiluted": 0.12,
        "weightedAverageShsOut": 31149000,
        "weightedAverageShsOutDil": 31601000,
        "link": "https://www.sec.gov/Archives/edgar/data/103096/000151128416000152/0001511284-16-000152-index.html",
        "finalLink": "https://www.sec.gov/Archives/edgar/data/103096/000151128416000152/trr-10qf201709302016.htm"
    },
    {
        "date": "2016-06-30",
        "symbol": "TRR",
        "reportedCurrency": "USD",
        "cik": "0000103096",
        "fillingDate": "2016-08-31",
        "acceptedDate": "2016-08-31 08:01:43",
        "calendarYear": "2016",
        "period": "Q4",
        "revenue": 169532000,
        "costOfRevenue": 121627000,
        "grossProfit": 47905000,
        "grossProfitRatio": 0.2825720218,
        "researchAndDevelopmentExpenses": 0,
        "generalAndAdministrativeExpenses": 9685000,
        "sellingAndMarketingExpenses": 37201000,
        "sellingGeneralAndAdministrativeExpenses": 46886000,
        "otherExpenses": 0,
        "operatingExpenses": 46886000,
        "costAndExpenses": 136252000,
        "interestIncome": 0,
        "interestExpense": 1145000,
        "depreciationAndAmortization": 4758000,
        "ebitda": 15500000,
        "ebitdaratio": 0.091428167,
        "operatingIncome": 10261000,
        "operatingIncomeRatio": 0.0605254465,
        "totalOtherIncomeExpensesNet": -631000,
        "incomeBeforeTax": 9630000,
        "incomeBeforeTaxRatio": 0.0568034353,
        "incomeTaxExpense": 3688000,
        "netIncome": 5909000,
        "netIncomeRatio": 0.0348547767,
        "eps": 0.19,
        "epsdiluted": 0.19,
        "weightedAverageShsOut": 30936000,
        "weightedAverageShsOutDil": 31359000,
        "link": "https://www.sec.gov/Archives/edgar/data/103096/000151128416000127/0001511284-16-000127-index.htm",
        "finalLink": "https://www.sec.gov/Archives/edgar/data/103096/000151128416000127/masterform10-kjune2016q4f16.htm"
    },
    {
        "date": "2016-03-25",
        "symbol": "TRR",
        "reportedCurrency": "USD",
        "cik": "0000103096",
        "fillingDate": "2016-05-04",
        "acceptedDate": "2016-05-04 08:28:13",
        "calendarYear": "2016",
        "period": "Q3",
        "revenue": 158130000,
        "costOfRevenue": 104030000,
        "grossProfit": 54100000,
        "grossProfitRatio": 0.3421235692,
        "researchAndDevelopmentExpenses": 0,
        "generalAndAdministrativeExpenses": 9523000,
        "sellingAndMarketingExpenses": 36877000,
        "sellingGeneralAndAdministrativeExpenses": 46400000,
        "otherExpenses": 0,
        "operatingExpenses": 46400000,
        "costAndExpenses": 144728000,
        "interestIncome": 0,
        "interestExpense": 1073000,
        "depreciationAndAmortization": 5287000,
        "ebitda": -6634000,
        "ebitdaratio": -0.0419528236,
        "operatingIncome": -23302000,
        "operatingIncomeRatio": -0.1473597673,
        "totalOtherIncomeExpensesNet": -884000,
        "incomeBeforeTax": -24186000,
        "incomeBeforeTaxRatio": -0.1529501043,
        "incomeTaxExpense": 9954000,
        "netIncome": -22948000,
        "netIncomeRatio": -0.1451211029,
        "eps": -0.74,
        "epsdiluted": -0.74,
        "weightedAverageShsOut": 30886000,
        "weightedAverageShsOutDil": 30886000,
        "link": "https://www.sec.gov/Archives/edgar/data/103096/000151128416000113/0001511284-16-000113-index.html",
        "finalLink": "https://www.sec.gov/Archives/edgar/data/103096/000151128416000113/trr-10qf201603252016.htm"
    },
    {
        "date": "2015-12-25",
        "symbol": "TRR",
        "reportedCurrency": "USD",
        "cik": "0000103096",
        "fillingDate": "2016-02-03",
        "acceptedDate": "2016-02-03 17:21:40",
        "calendarYear": "2016",
        "period": "Q2",
        "revenue": 157743000,
        "costOfRevenue": 93676000,
        "grossProfit": 64067000,
        "grossProfitRatio": 0.4061479749,
        "researchAndDevelopmentExpenses": 0,
        "generalAndAdministrativeExpenses": 7168000,
        "sellingAndMarketingExpenses": 46361000,
        "sellingGeneralAndAdministrativeExpenses": 53529000,
        "otherExpenses": 0,
        "operatingExpenses": 53529000,
        "costAndExpenses": 105742000,
        "interestIncome": 0,
        "interestExpense": 461000,
        "depreciationAndAmortization": 2899000,
        "ebitda": 9736000,
        "ebitdaratio": 0.0617206469,
        "operatingIncome": 6698000,
        "operatingIncomeRatio": 0.0424614721,
        "totalOtherIncomeExpensesNet": -324000,
        "incomeBeforeTax": 6374000,
        "incomeBeforeTaxRatio": 0.0404074983,
        "incomeTaxExpense": 2439000,
        "netIncome": 3937000,
        "netIncomeRatio": 0.0249583183,
        "eps": 0.13,
        "epsdiluted": 0.13,
        "weightedAverageShsOut": 30805000,
        "weightedAverageShsOutDil": 31347000,
        "link": "https://www.sec.gov/Archives/edgar/data/103096/000151128416000100/0001511284-16-000100-index.html",
        "finalLink": "https://www.sec.gov/Archives/edgar/data/103096/000151128416000100/trr-10qf201612252015.htm"
    },
    {
        "date": "2015-09-25",
        "symbol": "TRR",
        "reportedCurrency": "USD",
        "cik": "0000103096",
        "fillingDate": "2015-11-04",
        "acceptedDate": "2015-11-04 08:10:44",
        "calendarYear": "2016",
        "period": "Q1",
        "revenue": 135459000,
        "costOfRevenue": 82984000,
        "grossProfit": 52475000,
        "grossProfitRatio": 0.3873865893,
        "researchAndDevelopmentExpenses": 0,
        "generalAndAdministrativeExpenses": 7999000,
        "sellingAndMarketingExpenses": 35296000,
        "sellingGeneralAndAdministrativeExpenses": 43295000,
        "otherExpenses": 0,
        "operatingExpenses": 43295000,
        "costAndExpenses": 93247000,
        "interestIncome": 0,
        "interestExpense": 28000,
        "depreciationAndAmortization": 2264000,
        "ebitda": 9941000,
        "ebitdaratio": 0.0733875195,
        "operatingIncome": 7673000,
        "operatingIncomeRatio": 0.0566444459,
        "totalOtherIncomeExpensesNet": -28000,
        "incomeBeforeTax": 7645000,
        "incomeBeforeTaxRatio": 0.0564377413,
        "incomeTaxExpense": 3157000,
        "netIncome": 4492000,
        "netIncomeRatio": 0.0331613256,
        "eps": 0.15,
        "epsdiluted": 0.14,
        "weightedAverageShsOut": 30635000,
        "weightedAverageShsOutDil": 31318000,
        "link": "https://www.sec.gov/Archives/edgar/data/103096/000151128415000066/0001511284-15-000066-index.html",
        "finalLink": "https://www.sec.gov/Archives/edgar/data/103096/000151128415000066/trr-10qf201609252015.htm"
    },
    {
        "date": "2015-06-30",
        "symbol": "TRR",
        "reportedCurrency": "USD",
        "cik": "0000103096",
        "fillingDate": "2015-09-09",
        "acceptedDate": "2015-09-09 08:31:50",
        "calendarYear": "2015",
        "period": "Q4",
        "revenue": 149087000,
        "costOfRevenue": 90016000,
        "grossProfit": 59071000,
        "grossProfitRatio": 0.3962183155,
        "researchAndDevelopmentExpenses": 0,
        "generalAndAdministrativeExpenses": 11622000,
        "sellingAndMarketingExpenses": 34520000,
        "sellingGeneralAndAdministrativeExpenses": 46142000,
        "otherExpenses": 0,
        "operatingExpenses": 46142000,
        "costAndExpenses": 104189000,
        "interestIncome": 0,
        "interestExpense": 9000,
        "depreciationAndAmortization": 2202000,
        "ebitda": 12910000,
        "ebitdaratio": 0.0865937339,
        "operatingIncome": 10703000,
        "operatingIncomeRatio": 0.0717902969,
        "totalOtherIncomeExpensesNet": -9000,
        "incomeBeforeTax": 10694000,
        "incomeBeforeTaxRatio": 0.0717299295,
        "incomeTaxExpense": 3936000,
        "netIncome": 6763000,
        "netIncomeRatio": 0.0453627748,
        "eps": 0.22,
        "epsdiluted": 0.22,
        "weightedAverageShsOut": 30291000,
        "weightedAverageShsOutDil": 30724000,
        "link": "https://www.sec.gov/Archives/edgar/data/103096/000151128415000043/0001511284-15-000043-index.html",
        "finalLink": "https://www.sec.gov/Archives/edgar/data/103096/000151128415000043/masterform10-kjune2015q4f15.htm"
    },
    {
        "date": "2015-03-27",
        "symbol": "TRR",
        "reportedCurrency": "USD",
        "cik": "0000103096",
        "fillingDate": "2015-05-06",
        "acceptedDate": "2015-05-06 08:04:27",
        "calendarYear": "2015",
        "period": "Q3",
        "revenue": 130777000,
        "costOfRevenue": 83486000,
        "grossProfit": 47291000,
        "grossProfitRatio": 0.3616155746,
        "researchAndDevelopmentExpenses": 0,
        "generalAndAdministrativeExpenses": 8927000,
        "sellingAndMarketingExpenses": 29783000,
        "sellingGeneralAndAdministrativeExpenses": 38710000,
        "otherExpenses": 0,
        "operatingExpenses": 38710000,
        "costAndExpenses": 94621000,
        "interestIncome": 0,
        "interestExpense": 73000,
        "depreciationAndAmortization": 2208000,
        "ebitda": 9362000,
        "ebitdaratio": 0.0715875116,
        "operatingIncome": 7149000,
        "operatingIncomeRatio": 0.0546655758,
        "totalOtherIncomeExpensesNet": -73000,
        "incomeBeforeTax": 7076000,
        "incomeBeforeTaxRatio": 0.0541073736,
        "incomeTaxExpense": 1916000,
        "netIncome": 5165000,
        "netIncomeRatio": 0.0394947124,
        "eps": 0.17,
        "epsdiluted": 0.17,
        "weightedAverageShsOut": 30233000,
        "weightedAverageShsOutDil": 30551000,
        "link": "https://www.sec.gov/Archives/edgar/data/103096/000151128415000031/0001511284-15-000031-index.html",
        "finalLink": "https://www.sec.gov/Archives/edgar/data/103096/000151128415000031/trr-10qf201503272015.htm"
    },
    {
        "date": "2014-12-26",
        "symbol": "TRR",
        "reportedCurrency": "USD",
        "cik": "0000103096",
        "fillingDate": "2015-02-04",
        "acceptedDate": "2015-02-04 08:24:09",
        "calendarYear": "2015",
        "period": "Q2",
        "revenue": 143228000,
        "costOfRevenue": 82599000,
        "grossProfit": 60629000,
        "grossProfitRatio": 0.4233041025,
        "researchAndDevelopmentExpenses": 0,
        "generalAndAdministrativeExpenses": 8395000,
        "sellingAndMarketingExpenses": 43390000,
        "sellingGeneralAndAdministrativeExpenses": 51785000,
        "otherExpenses": 0,
        "operatingExpenses": 51785000,
        "costAndExpenses": 93635000,
        "interestIncome": 0,
        "interestExpense": 21000,
        "depreciationAndAmortization": 2641000,
        "ebitda": 9512000,
        "ebitdaratio": 0.0664115955,
        "operatingIncome": 6866000,
        "operatingIncomeRatio": 0.0479375541,
        "totalOtherIncomeExpensesNet": -21000,
        "incomeBeforeTax": 6845000,
        "incomeBeforeTaxRatio": 0.0477909347,
        "incomeTaxExpense": 2848000,
        "netIncome": 4002000,
        "netIncomeRatio": 0.027941464,
        "eps": 0.13,
        "epsdiluted": 0.13,
        "weightedAverageShsOut": 30157000,
        "weightedAverageShsOutDil": 30458000,
        "link": "https://www.sec.gov/Archives/edgar/data/103096/000151531615000007/0001515316-15-000007-index.htm",
        "finalLink": "https://www.sec.gov/Archives/edgar/data/103096/000151531615000007/trr-10qf2015122614.htm"
    },
    {
        "date": "2014-09-26",
        "symbol": "TRR",
        "reportedCurrency": "USD",
        "cik": "0000103096",
        "fillingDate": "2014-11-04",
        "acceptedDate": "2014-11-04 08:07:34",
        "calendarYear": "2015",
        "period": "Q1",
        "revenue": 123025000,
        "costOfRevenue": 81190000,
        "grossProfit": 41835000,
        "grossProfitRatio": 0.3400528348,
        "researchAndDevelopmentExpenses": 0,
        "generalAndAdministrativeExpenses": 8038000,
        "sellingAndMarketingExpenses": 30406000,
        "sellingGeneralAndAdministrativeExpenses": 38444000,
        "otherExpenses": 0,
        "operatingExpenses": 38444000,
        "costAndExpenses": 91493000,
        "interestIncome": 0,
        "interestExpense": 31000,
        "depreciationAndAmortization": 2265000,
        "ebitda": 8261000,
        "ebitdaratio": 0.0671489535,
        "operatingIncome": 5992000,
        "operatingIncomeRatio": 0.0487055477,
        "totalOtherIncomeExpensesNet": -31000,
        "incomeBeforeTax": 5961000,
        "incomeBeforeTaxRatio": 0.0484535663,
        "incomeTaxExpense": 2480000,
        "netIncome": 3485000,
        "netIncomeRatio": 0.0283275757,
        "eps": 0.12,
        "epsdiluted": 0.11,
        "weightedAverageShsOut": 29979000,
        "weightedAverageShsOutDil": 30378000,
        "link": "https://www.sec.gov/Archives/edgar/data/103096/000151531614000029/0001515316-14-000029-index.html",
        "finalLink": "https://www.sec.gov/Archives/edgar/data/103096/000151531614000029/trr-10qf2015092614.htm"
    },
    {
        "date": "2014-06-30",
        "symbol": "TRR",
        "reportedCurrency": "USD",
        "cik": "0000103096",
        "fillingDate": "2014-09-10",
        "acceptedDate": "2014-09-10 07:50:24",
        "calendarYear": "2014",
        "period": "Q4",
        "revenue": 125675000,
        "costOfRevenue": 77194000,
        "grossProfit": 48481000,
        "grossProfitRatio": 0.3857648697,
        "researchAndDevelopmentExpenses": 0,
        "generalAndAdministrativeExpenses": 6411000,
        "sellingAndMarketingExpenses": 31183000,
        "sellingGeneralAndAdministrativeExpenses": 37594000,
        "otherExpenses": 0,
        "operatingExpenses": 37594000,
        "costAndExpenses": 85818000,
        "interestIncome": 0,
        "interestExpense": 17000,
        "depreciationAndAmortization": 2213000,
        "ebitda": 11179000,
        "ebitdaratio": 0.088951661,
        "operatingIncome": 8961000,
        "operatingIncomeRatio": 0.071302964,
        "totalOtherIncomeExpensesNet": -17000,
        "incomeBeforeTax": 8944000,
        "incomeBeforeTaxRatio": 0.0711676944,
        "incomeTaxExpense": 3912000,
        "netIncome": 5037000,
        "netIncomeRatio": 0.0400795703,
        "eps": 0.17,
        "epsdiluted": 0.17,
        "weightedAverageShsOut": 29594000,
        "weightedAverageShsOutDil": 30140000,
        "link": "https://www.sec.gov/Archives/edgar/data/103096/000151531614000022/0001515316-14-000022-index.html",
        "finalLink": "https://www.sec.gov/Archives/edgar/data/103096/000151531614000022/masterform10-kjune2014q4f14.htm"
    },
    {
        "date": "2014-03-28",
        "symbol": "TRR",
        "reportedCurrency": "USD",
        "cik": "0000103096",
        "fillingDate": "2014-05-07",
        "acceptedDate": "2014-05-07 07:46:52",
        "calendarYear": "2014",
        "period": "Q3",
        "revenue": 120836000,
        "costOfRevenue": 80127000,
        "grossProfit": 40709000,
        "grossProfitRatio": 0.336894634,
        "researchAndDevelopmentExpenses": 0,
        "generalAndAdministrativeExpenses": 8363000,
        "sellingAndMarketingExpenses": 32755000,
        "sellingGeneralAndAdministrativeExpenses": 41118000,
        "otherExpenses": 0,
        "operatingExpenses": 41118000,
        "costAndExpenses": 90651000,
        "interestIncome": 0,
        "interestExpense": 22000,
        "depreciationAndAmortization": 2161000,
        "ebitda": 4674000,
        "ebitdaratio": 0.0386805257,
        "operatingIncome": 2511000,
        "operatingIncomeRatio": 0.0207802311,
        "totalOtherIncomeExpensesNet": -22000,
        "incomeBeforeTax": 2489000,
        "incomeBeforeTaxRatio": 0.0205981661,
        "incomeTaxExpense": 1060000,
        "netIncome": 1431000,
        "netIncomeRatio": 0.0118424973,
        "eps": 0.0484,
        "epsdiluted": 0.0476,
        "weightedAverageShsOut": 29549000,
        "weightedAverageShsOutDil": 30088000,
        "link": "https://www.sec.gov/Archives/edgar/data/103096/000151531614000014/0001515316-14-000014-index.html",
        "finalLink": "https://www.sec.gov/Archives/edgar/data/103096/000151531614000014/trr-10qf2014032814.htm"
    },
    {
        "date": "2013-12-27",
        "symbol": "TRR",
        "reportedCurrency": "USD",
        "cik": "0000103096",
        "fillingDate": "2014-02-05",
        "acceptedDate": "2014-02-05 08:47:30",
        "calendarYear": "2014",
        "period": "Q2",
        "revenue": 122592000,
        "costOfRevenue": 76389000,
        "grossProfit": 46203000,
        "grossProfitRatio": 0.3768842991,
        "researchAndDevelopmentExpenses": 0,
        "generalAndAdministrativeExpenses": 7508000,
        "sellingAndMarketingExpenses": 31461000,
        "sellingGeneralAndAdministrativeExpenses": 38969000,
        "otherExpenses": 0,
        "operatingExpenses": 38969000,
        "costAndExpenses": 86147000,
        "interestIncome": 0,
        "interestExpense": 38000,
        "depreciationAndAmortization": 2250000,
        "ebitda": 7452000,
        "ebitdaratio": 0.0607870008,
        "operatingIncome": 5195000,
        "operatingIncomeRatio": 0.0423763378,
        "totalOtherIncomeExpensesNet": -38000,
        "incomeBeforeTax": 5157000,
        "incomeBeforeTaxRatio": 0.0420663665,
        "incomeTaxExpense": 2068000,
        "netIncome": 3096000,
        "netIncomeRatio": 0.0252545027,
        "eps": 0.11,
        "epsdiluted": 0.1,
        "weightedAverageShsOut": 29477000,
        "weightedAverageShsOutDil": 30049000,
        "link": "https://www.sec.gov/Archives/edgar/data/103096/000151531614000007/0001515316-14-000007-index.htm",
        "finalLink": "https://www.sec.gov/Archives/edgar/data/103096/000151531614000007/trr-10qf2014122713.htm"
    },
    {
        "date": "2013-09-27",
        "symbol": "TRR",
        "reportedCurrency": "USD",
        "cik": "0000103096",
        "fillingDate": "2013-11-06",
        "acceptedDate": "2013-11-06 08:31:26",
        "calendarYear": "2014",
        "period": "Q1",
        "revenue": 106574000,
        "costOfRevenue": 78398000,
        "grossProfit": 28176000,
        "grossProfitRatio": 0.2643796798,
        "researchAndDevelopmentExpenses": 0,
        "generalAndAdministrativeExpenses": 8771000,
        "sellingAndMarketingExpenses": 25322000,
        "sellingGeneralAndAdministrativeExpenses": 34093000,
        "otherExpenses": 0,
        "operatingExpenses": 34093000,
        "costAndExpenses": 89345000,
        "interestIncome": 0,
        "interestExpense": 92000,
        "depreciationAndAmortization": 2176000,
        "ebitda": 6457000,
        "ebitdaratio": 0.06058701,
        "operatingIncome": 4254000,
        "operatingIncomeRatio": 0.039915927,
        "totalOtherIncomeExpensesNet": -92000,
        "incomeBeforeTax": 4162000,
        "incomeBeforeTaxRatio": 0.039052677,
        "incomeTaxExpense": 1702000,
        "netIncome": 2487000,
        "netIncomeRatio": 0.0233358981,
        "eps": 0.0849,
        "epsdiluted": 0.0828,
        "weightedAverageShsOut": 29298000,
        "weightedAverageShsOutDil": 30027000,
        "link": "https://www.sec.gov/Archives/edgar/data/103096/000151531613000042/0001515316-13-000042-index.html",
        "finalLink": "https://www.sec.gov/Archives/edgar/data/103096/000151531613000042/trr-10qf2014092713.htm"
    },
    {
        "date": "2013-06-30",
        "symbol": "TRR",
        "reportedCurrency": "USD",
        "cik": "0000103096",
        "fillingDate": "2013-09-12",
        "acceptedDate": "2013-09-12 08:13:15",
        "calendarYear": "2013",
        "period": "Q4",
        "revenue": 118955000,
        "costOfRevenue": 69849000,
        "grossProfit": 49106000,
        "grossProfitRatio": 0.4128115674,
        "researchAndDevelopmentExpenses": 0,
        "generalAndAdministrativeExpenses": 9774000,
        "sellingAndMarketingExpenses": 32066000,
        "sellingGeneralAndAdministrativeExpenses": 41840000,
        "otherExpenses": 0,
        "operatingExpenses": 41840000,
        "costAndExpenses": 81567000,
        "interestIncome": 0,
        "interestExpense": 67000,
        "depreciationAndAmortization": 1944000,
        "ebitda": 45456000,
        "ebitdaratio": 0.3821276953,
        "operatingIncome": 6164000,
        "operatingIncomeRatio": 0.0518179143,
        "totalOtherIncomeExpensesNet": -67000,
        "incomeBeforeTax": 6097000,
        "incomeBeforeTaxRatio": 0.0512546761,
        "incomeTaxExpense": 18666000,
        "netIncome": 24779000,
        "netIncomeRatio": 0.2083056618,
        "eps": 0.86,
        "epsdiluted": 0.84,
        "weightedAverageShsOut": 28843000,
        "weightedAverageShsOutDil": 29601000,
        "link": "https://www.sec.gov/Archives/edgar/data/103096/000151531613000035/0001515316-13-000035-index.html",
        "finalLink": "https://www.sec.gov/Archives/edgar/data/103096/000151531613000035/masterform10-kjune2013.htm"
    },
    {
        "date": "2013-03-29",
        "symbol": "TRR",
        "reportedCurrency": "USD",
        "cik": "0000103096",
        "fillingDate": "2013-05-08",
        "acceptedDate": "2013-05-08 07:56:01",
        "calendarYear": "2013",
        "period": "Q3",
        "revenue": 109806000,
        "costOfRevenue": 70446000,
        "grossProfit": 39360000,
        "grossProfitRatio": 0.3584503579,
        "researchAndDevelopmentExpenses": 0,
        "generalAndAdministrativeExpenses": 8096000,
        "sellingAndMarketingExpenses": 26762000,
        "sellingGeneralAndAdministrativeExpenses": 34858000,
        "otherExpenses": 0,
        "operatingExpenses": 34858000,
        "costAndExpenses": 80778000,
        "interestIncome": 0,
        "interestExpense": 78000,
        "depreciationAndAmortization": 1828000,
        "ebitda": 5238000,
        "ebitdaratio": 0.0477023113,
        "operatingIncome": 3392000,
        "operatingIncomeRatio": 0.0308908439,
        "totalOtherIncomeExpensesNet": -78000,
        "incomeBeforeTax": 3314000,
        "incomeBeforeTaxRatio": 0.0301805002,
        "incomeTaxExpense": 231000,
        "netIncome": 3101000,
        "netIncomeRatio": 0.0282407154,
        "eps": 0.11,
        "epsdiluted": 0.1,
        "weightedAverageShsOut": 28778000,
        "weightedAverageShsOutDil": 29547000,
        "link": "https://www.sec.gov/Archives/edgar/data/103096/000151531613000022/0001515316-13-000022-index.html",
        "finalLink": "https://www.sec.gov/Archives/edgar/data/103096/000151531613000022/trr-10qf2013032913.htm"
    },
    {
        "date": "2012-12-28",
        "symbol": "TRR",
        "reportedCurrency": "USD",
        "cik": "0000103096",
        "fillingDate": "2013-02-06",
        "acceptedDate": "2013-02-06 07:23:44",
        "calendarYear": "2013",
        "period": "Q2",
        "revenue": 104470000,
        "costOfRevenue": 64564000,
        "grossProfit": 39906000,
        "grossProfitRatio": 0.3819852589,
        "researchAndDevelopmentExpenses": 0,
        "generalAndAdministrativeExpenses": 5694000,
        "sellingAndMarketingExpenses": 29216000,
        "sellingGeneralAndAdministrativeExpenses": 34910000,
        "otherExpenses": 0,
        "operatingExpenses": 34910000,
        "costAndExpenses": 71851000,
        "interestIncome": 0,
        "interestExpense": 80000,
        "depreciationAndAmortization": 1593000,
        "ebitda": 6479000,
        "ebitdaratio": 0.0620178042,
        "operatingIncome": 4399000,
        "operatingIncomeRatio": 0.0421077821,
        "totalOtherIncomeExpensesNet": -80000,
        "incomeBeforeTax": 4319000,
        "incomeBeforeTaxRatio": 0.0413420121,
        "incomeTaxExpense": 683000,
        "netIncome": 4123000,
        "netIncomeRatio": 0.0394658754,
        "eps": 0.14,
        "epsdiluted": 0.14,
        "weightedAverageShsOut": 28668000,
        "weightedAverageShsOutDil": 29477000,
        "link": "https://www.sec.gov/Archives/edgar/data/103096/000151531613000011/0001515316-13-000011-index.html",
        "finalLink": "https://www.sec.gov/Archives/edgar/data/103096/000151531613000011/trr-10qf2013122812.htm"
    },
    {
        "date": "2012-09-28",
        "symbol": "TRR",
        "reportedCurrency": "USD",
        "cik": "0000103096",
        "fillingDate": "2012-11-05",
        "acceptedDate": "2012-11-05 16:29:19",
        "calendarYear": "2013",
        "period": "Q1",
        "revenue": 108286000,
        "costOfRevenue": 63686000,
        "grossProfit": 44600000,
        "grossProfitRatio": 0.4118722642,
        "researchAndDevelopmentExpenses": 0,
        "generalAndAdministrativeExpenses": 7175000,
        "sellingAndMarketingExpenses": 33070000,
        "sellingGeneralAndAdministrativeExpenses": 40245000,
        "otherExpenses": 0,
        "operatingExpenses": 40245000,
        "costAndExpenses": 72399000,
        "interestIncome": 0,
        "interestExpense": 112000,
        "depreciationAndAmortization": 1538000,
        "ebitda": 5688000,
        "ebitdaratio": 0.0525275659,
        "operatingIncome": 4606000,
        "operatingIncomeRatio": 0.0425355078,
        "totalOtherIncomeExpensesNet": -112000,
        "incomeBeforeTax": 4494000,
        "incomeBeforeTaxRatio": 0.0415012098,
        "incomeTaxExpense": -234000,
        "netIncome": 4272000,
        "netIncomeRatio": 0.0394510832,
        "eps": 0.15,
        "epsdiluted": 0.15,
        "weightedAverageShsOut": 28460000,
        "weightedAverageShsOutDil": 29439000,
        "link": "https://www.sec.gov/Archives/edgar/data/103096/000151531612000071/0001515316-12-000071-index.html",
        "finalLink": "https://www.sec.gov/Archives/edgar/data/103096/000151531612000071/trr-10qf2013092812.htm"
    },
    {
        "date": "2012-06-30",
        "symbol": "TRR",
        "reportedCurrency": "USD",
        "cik": "0000103096",
        "fillingDate": "2012-09-12",
        "acceptedDate": "2012-09-12 08:38:07",
        "calendarYear": "2012",
        "period": "Q4",
        "revenue": 109728000,
        "costOfRevenue": 62261000,
        "grossProfit": 47467000,
        "grossProfitRatio": 0.4325878536,
        "researchAndDevelopmentExpenses": 0,
        "generalAndAdministrativeExpenses": 8543000,
        "sellingAndMarketingExpenses": 30434000,
        "sellingGeneralAndAdministrativeExpenses": 38977000,
        "otherExpenses": 0,
        "operatingExpenses": 38977000,
        "costAndExpenses": 72675000,
        "interestIncome": 0,
        "interestExpense": 84000,
        "depreciationAndAmortization": 1481000,
        "ebitda": 7505000,
        "ebitdaratio": 0.0683963984,
        "operatingIncome": 6007000,
        "operatingIncomeRatio": 0.054744459,
        "totalOtherIncomeExpensesNet": -84000,
        "incomeBeforeTax": 5923000,
        "incomeBeforeTaxRatio": 0.0539789297,
        "incomeTaxExpense": 145000,
        "netIncome": 5795000,
        "netIncomeRatio": 0.0528124089,
        "eps": 0.21,
        "epsdiluted": 0.2,
        "weightedAverageShsOut": 27781000,
        "weightedAverageShsOutDil": 28822000,
        "link": "https://www.sec.gov/Archives/edgar/data/103096/000151531612000063/0001515316-12-000063-index.html",
        "finalLink": "https://www.sec.gov/Archives/edgar/data/103096/000151531612000063/trr06302012form10k.htm"
    },
    {
        "date": "2012-03-30",
        "symbol": "TRR",
        "reportedCurrency": "USD",
        "cik": "0000103096",
        "fillingDate": "2012-05-09",
        "acceptedDate": "2012-05-09 08:19:55",
        "calendarYear": "2012",
        "period": "Q3",
        "revenue": 101118000,
        "costOfRevenue": 62910000,
        "grossProfit": 38208000,
        "grossProfitRatio": 0.3778555747,
        "researchAndDevelopmentExpenses": 0,
        "generalAndAdministrativeExpenses": 8087000,
        "sellingAndMarketingExpenses": 25983000,
        "sellingGeneralAndAdministrativeExpenses": 34070000,
        "otherExpenses": 0,
        "operatingExpenses": 34070000,
        "costAndExpenses": 72228000,
        "interestIncome": 0,
        "interestExpense": 228000,
        "depreciationAndAmortization": 1231000,
        "ebitda": 5911000,
        "ebitdaratio": 0.0584564568,
        "operatingIncome": 3517000,
        "operatingIncomeRatio": 0.0347811468,
        "totalOtherIncomeExpensesNet": -228000,
        "incomeBeforeTax": 3289000,
        "incomeBeforeTaxRatio": 0.0325263553,
        "incomeTaxExpense": 571000,
        "netIncome": 3881000,
        "netIncomeRatio": 0.0383809015,
        "eps": 0.14,
        "epsdiluted": 0.14,
        "weightedAverageShsOut": 27733000,
        "weightedAverageShsOutDil": 28619000,
        "link": "https://www.sec.gov/Archives/edgar/data/103096/000151531612000030/0001515316-12-000030-index.html",
        "finalLink": "https://www.sec.gov/Archives/edgar/data/103096/000151531612000030/trr-10qf2012033012.htm"
    },
    {
        "date": "2011-12-30",
        "symbol": "TRR",
        "reportedCurrency": "USD",
        "cik": "0000103096",
        "fillingDate": "2012-02-08",
        "acceptedDate": "2012-02-08 07:31:40",
        "calendarYear": "2012",
        "period": "Q2",
        "revenue": 105378000,
        "costOfRevenue": 61173000,
        "grossProfit": 44205000,
        "grossProfitRatio": 0.4194898366,
        "researchAndDevelopmentExpenses": 0,
        "generalAndAdministrativeExpenses": 6847000,
        "sellingAndMarketingExpenses": 31482000,
        "sellingGeneralAndAdministrativeExpenses": 38329000,
        "otherExpenses": 0,
        "operatingExpenses": 38329000,
        "costAndExpenses": 69617000,
        "interestIncome": 0,
        "interestExpense": 175000,
        "depreciationAndAmortization": 1434000,
        "ebitda": 7026000,
        "ebitdaratio": 0.0666742584,
        "operatingIncome": 4892000,
        "operatingIncomeRatio": 0.0464233521,
        "totalOtherIncomeExpensesNet": -175000,
        "incomeBeforeTax": 4717000,
        "incomeBeforeTaxRatio": 0.0447626639,
        "incomeTaxExpense": 206000,
        "netIncome": 5211000,
        "netIncomeRatio": 0.0494505495,
        "eps": 0.19,
        "epsdiluted": 0.18,
        "weightedAverageShsOut": 27657000,
        "weightedAverageShsOutDil": 28458000,
        "link": "https://www.sec.gov/Archives/edgar/data/103096/000151531612000013/0001515316-12-000013-index.html",
        "finalLink": "https://www.sec.gov/Archives/edgar/data/103096/000151531612000013/trr-10qf2012123011.htm"
    },
    {
        "date": "2011-09-30",
        "symbol": "TRR",
        "reportedCurrency": "USD",
        "cik": "0000103096",
        "fillingDate": "2011-11-09",
        "acceptedDate": "2011-11-09 07:50:59",
        "calendarYear": "2012",
        "period": "Q1",
        "revenue": 103735000,
        "costOfRevenue": 60162000,
        "grossProfit": 43573000,
        "grossProfitRatio": 0.4200414518,
        "researchAndDevelopmentExpenses": 0,
        "generalAndAdministrativeExpenses": 7548000,
        "sellingAndMarketingExpenses": 30280000,
        "sellingGeneralAndAdministrativeExpenses": 37828000,
        "otherExpenses": 0,
        "operatingExpenses": 37828000,
        "costAndExpenses": 58213000,
        "interestIncome": 0,
        "interestExpense": 181000,
        "depreciationAndAmortization": 1362000,
        "ebitda": 23529000,
        "ebitdaratio": 0.2268183352,
        "operatingIncome": 15540000,
        "operatingIncomeRatio": 0.1498047911,
        "totalOtherIncomeExpensesNet": -181000,
        "incomeBeforeTax": 15359000,
        "incomeBeforeTaxRatio": 0.1480599605,
        "incomeTaxExpense": 3298000,
        "netIncome": 18688000,
        "netIncomeRatio": 0.1801513472,
        "eps": 0.68,
        "epsdiluted": 0.66,
        "weightedAverageShsOut": 27472000,
        "weightedAverageShsOutDil": 28392000,
        "link": "https://www.sec.gov/Archives/edgar/data/103096/000151531611000054/0001515316-11-000054-index.html",
        "finalLink": "https://www.sec.gov/Archives/edgar/data/103096/000151531611000054/trr-10qf2012093011.htm"
    },
    {
        "date": "2011-06-30",
        "symbol": "TRR",
        "reportedCurrency": "USD",
        "cik": "0000103096",
        "fillingDate": "2011-09-08",
        "acceptedDate": "2011-09-08 07:06:47",
        "calendarYear": "2011",
        "period": "Q4",
        "revenue": 70250000,
        "costOfRevenue": 147201000,
        "grossProfit": -76951000,
        "grossProfitRatio": -1.0953879004,
        "researchAndDevelopmentExpenses": 0,
        "generalAndAdministrativeExpenses": 6723000,
        "sellingAndMarketingExpenses": 0,
        "sellingGeneralAndAdministrativeExpenses": -145586000,
        "otherExpenses": 0,
        "operatingExpenses": -145586000,
        "costAndExpenses": 88206000,
        "interestIncome": 0,
        "interestExpense": 173000,
        "depreciationAndAmortization": 1243000,
        "ebitda": -14558000,
        "ebitdaratio": -0.2072313167,
        "operatingIncome": -17956000,
        "operatingIncomeRatio": -0.2556014235,
        "totalOtherIncomeExpensesNet": 588000,
        "incomeBeforeTax": -17368000,
        "incomeBeforeTaxRatio": -0.2472313167,
        "incomeTaxExpense": -425000,
        "netIncome": -15549000,
        "netIncomeRatio": -0.2213380783,
        "eps": -0.68,
        "epsdiluted": -0.68,
        "weightedAverageShsOut": 22957000,
        "weightedAverageShsOutDil": 22957000,
        "link": "https://www.sec.gov/Archives/edgar/data/103096/000151531611000040/0001515316-11-000040-index.html",
        "finalLink": "https://www.sec.gov/Archives/edgar/data/103096/000151531611000040/trr630201110k.htm"
    },
    {
        "date": "2011-03-25",
        "symbol": "TRR",
        "reportedCurrency": "USD",
        "cik": "0000103096",
        "fillingDate": "2011-05-04",
        "acceptedDate": "2011-05-04 07:43:20",
        "calendarYear": "2011",
        "period": "Q3",
        "revenue": 57748000,
        "costOfRevenue": 48912000,
        "grossProfit": 8836000,
        "grossProfitRatio": 0.153009628,
        "researchAndDevelopmentExpenses": 0,
        "generalAndAdministrativeExpenses": 6713000,
        "sellingAndMarketingExpenses": 50386000,
        "sellingGeneralAndAdministrativeExpenses": 57099000,
        "otherExpenses": 0,
        "operatingExpenses": 57099000,
        "costAndExpenses": 106011000,
        "interestIncome": 0,
        "interestExpense": 173000,
        "depreciationAndAmortization": 1025000,
        "ebitda": 2129000,
        "ebitdaratio": 0.0368670776,
        "operatingIncome": 1136000,
        "operatingIncomeRatio": 0.0196716769,
        "totalOtherIncomeExpensesNet": -173000,
        "incomeBeforeTax": 963000,
        "incomeBeforeTaxRatio": 0.0166759022,
        "incomeTaxExpense": -16000,
        "netIncome": 947000,
        "netIncomeRatio": 0.0163988363,
        "eps": 0.0413,
        "epsdiluted": 0.0413,
        "weightedAverageShsOut": 22957000,
        "weightedAverageShsOutDil": 22957000,
        "link": "https://www.sec.gov/Archives/edgar/data/103096/000151531611000015/0001515316-11-000015-index.htm",
        "finalLink": "https://www.sec.gov/Archives/edgar/data/103096/000151531611000015/trr-20110325x10q.htm"
    },
    {
        "date": "2010-12-24",
        "symbol": "TRR",
        "reportedCurrency": "USD",
        "cik": "0000103096",
        "fillingDate": "2011-02-02",
        "acceptedDate": "2011-02-02 07:49:45",
        "calendarYear": "2011",
        "period": "Q2",
        "revenue": 60323000,
        "costOfRevenue": 51715000,
        "grossProfit": 8608000,
        "grossProfitRatio": 0.1426984732,
        "researchAndDevelopmentExpenses": 0,
        "generalAndAdministrativeExpenses": 6312000,
        "sellingAndMarketingExpenses": 53543000,
        "sellingGeneralAndAdministrativeExpenses": 59855000,
        "otherExpenses": 0,
        "operatingExpenses": 59855000,
        "costAndExpenses": 111570000,
        "interestIncome": 0,
        "interestExpense": 218000,
        "depreciationAndAmortization": 1233000,
        "ebitda": 3718000,
        "ebitdaratio": 0.0616348656,
        "operatingIncome": 2906000,
        "operatingIncomeRatio": 0.0481739967,
        "totalOtherIncomeExpensesNet": -218000,
        "incomeBeforeTax": 2688000,
        "incomeBeforeTaxRatio": 0.044560118,
        "incomeTaxExpense": -222000,
        "netIncome": 2489000,
        "netIncomeRatio": 0.0412612105,
        "eps": 0.12,
        "epsdiluted": 0.12,
        "weightedAverageShsOut": 20781000,
        "weightedAverageShsOutDil": 20781000,
        "link": "https://www.sec.gov/Archives/edgar/data/103096/000151128411000006/0001511284-11-000006-index.htm",
        "finalLink": "https://www.sec.gov/Archives/edgar/data/103096/000151128411000006/trr2010122410q.htm"
    },
    {
        "date": "2010-09-24",
        "symbol": "TRR",
        "reportedCurrency": "USD",
        "cik": "0000103096",
        "fillingDate": "2010-11-03",
        "acceptedDate": "2010-11-03 17:19:46",
        "calendarYear": "2011",
        "period": "Q1",
        "revenue": 57590000,
        "costOfRevenue": 46574000,
        "grossProfit": 11016000,
        "grossProfitRatio": 0.1912832089,
        "researchAndDevelopmentExpenses": 0,
        "generalAndAdministrativeExpenses": 6538000,
        "sellingAndMarketingExpenses": 48380000,
        "sellingGeneralAndAdministrativeExpenses": 54918000,
        "otherExpenses": 0,
        "operatingExpenses": 54918000,
        "costAndExpenses": 101492000,
        "interestIncome": 0,
        "interestExpense": 197000,
        "depreciationAndAmortization": 1228000,
        "ebitda": 3644000,
        "ebitdaratio": 0.0632748741,
        "operatingIncome": 3357000,
        "operatingIncomeRatio": 0.05829137,
        "totalOtherIncomeExpensesNet": -197000,
        "incomeBeforeTax": 3160000,
        "incomeBeforeTaxRatio": 0.0548706373,
        "incomeTaxExpense": -464000,
        "netIncome": 2683000,
        "netIncomeRatio": 0.0465879493,
        "eps": 0.14,
        "epsdiluted": 0.14,
        "weightedAverageShsOut": 19684000,
        "weightedAverageShsOutDil": 19684000,
        "link": "https://www.sec.gov/Archives/edgar/data/103096/000110465910055646/0001104659-10-055646-index.htm",
        "finalLink": "https://www.sec.gov/Archives/edgar/data/103096/000110465910055646/a10-20430_110q.htm"
    },
    {
        "date": "2010-06-30",
        "symbol": "TRR",
        "reportedCurrency": "USD",
        "cik": "0000103096",
        "fillingDate": "2010-09-13",
        "acceptedDate": "2010-09-13 07:05:04",
        "calendarYear": "2010",
        "period": "Q4",
        "revenue": 64322000,
        "costOfRevenue": 52358000,
        "grossProfit": 11964000,
        "grossProfitRatio": 0.1860016791,
        "researchAndDevelopmentExpenses": 0,
        "generalAndAdministrativeExpenses": 7952000,
        "sellingAndMarketingExpenses": 0,
        "sellingGeneralAndAdministrativeExpenses": 7952000,
        "otherExpenses": 0,
        "operatingExpenses": 7952000,
        "costAndExpenses": 60310000,
        "interestIncome": 0,
        "interestExpense": 235000,
        "depreciationAndAmortization": 3002000,
        "ebitda": -16876000,
        "ebitdaratio": -0.2623674637,
        "operatingIncome": -19165000,
        "operatingIncomeRatio": -0.2979540437,
        "totalOtherIncomeExpensesNet": -948000,
        "incomeBeforeTax": -20113000,
        "incomeBeforeTaxRatio": -0.3126923914,
        "incomeTaxExpense": 608000,
        "netIncome": -20721000,
        "netIncomeRatio": -0.3221448338,
        "eps": -1.06,
        "epsdiluted": -1.04,
        "weightedAverageShsOut": 19523000,
        "weightedAverageShsOutDil": 19906000,
        "link": "https://www.sec.gov/Archives/edgar/data/103096/000104746910008019/0001047469-10-008019-index.htm",
        "finalLink": "https://www.sec.gov/Archives/edgar/data/103096/000104746910008019/a2200138z10-k.htm"
    },
    {
        "date": "2010-03-26",
        "symbol": "TRR",
        "reportedCurrency": "USD",
        "cik": "0000103096",
        "fillingDate": "2010-05-05",
        "acceptedDate": "2010-05-05 08:40:07",
        "calendarYear": "2010",
        "period": "Q3",
        "revenue": 54577000,
        "costOfRevenue": 50103000,
        "grossProfit": 4474000,
        "grossProfitRatio": 0.0819759239,
        "researchAndDevelopmentExpenses": 0,
        "generalAndAdministrativeExpenses": 6127000,
        "sellingAndMarketingExpenses": 0,
        "sellingGeneralAndAdministrativeExpenses": 6127000,
        "otherExpenses": 0,
        "operatingExpenses": 6127000,
        "costAndExpenses": 56230000,
        "interestIncome": 0,
        "interestExpense": 242000,
        "depreciationAndAmortization": 1251000,
        "ebitda": -3528000,
        "ebitdaratio": -0.064642615,
        "operatingIncome": -1587000,
        "operatingIncomeRatio": -0.0290781831,
        "totalOtherIncomeExpensesNet": 948000,
        "incomeBeforeTax": -639000,
        "incomeBeforeTaxRatio": -0.0117082287,
        "incomeTaxExpense": -4818000,
        "netIncome": -203000,
        "netIncomeRatio": -0.0037195155,
        "eps": -0.0104,
        "epsdiluted": -0.0102,
        "weightedAverageShsOut": 19523000,
        "weightedAverageShsOutDil": 19906000,
        "link": "https://www.sec.gov/Archives/edgar/data/103096/000110465910025512/0001104659-10-025512-index.htm",
        "finalLink": "https://www.sec.gov/Archives/edgar/data/103096/000110465910025512/a10-6213_110q.htm"
    },
    {
        "date": "2009-12-25",
        "symbol": "TRR",
        "reportedCurrency": "USD",
        "cik": "0000103096",
        "fillingDate": "2010-02-03",
        "acceptedDate": "2010-02-03 08:27:12",
        "calendarYear": "2010",
        "period": "Q2",
        "revenue": 54240000,
        "costOfRevenue": 49880000,
        "grossProfit": 4360000,
        "grossProfitRatio": 0.0803834808,
        "researchAndDevelopmentExpenses": 0,
        "generalAndAdministrativeExpenses": 6371000,
        "sellingAndMarketingExpenses": 0,
        "sellingGeneralAndAdministrativeExpenses": 6371000,
        "otherExpenses": 0,
        "operatingExpenses": 6371000,
        "costAndExpenses": 56251000,
        "interestIncome": 0,
        "interestExpense": 790000,
        "depreciationAndAmortization": 1846000,
        "ebitda": 7021000,
        "ebitdaratio": 0.1294432153,
        "operatingIncome": -261000,
        "operatingIncomeRatio": -0.0048119469,
        "totalOtherIncomeExpensesNet": 264000,
        "incomeBeforeTax": 3000,
        "incomeBeforeTaxRatio": 5.53097e-05,
        "incomeTaxExpense": -56000,
        "netIncome": 4441000,
        "netIncomeRatio": 0.0818768437,
        "eps": 0.23,
        "epsdiluted": 0.22,
        "weightedAverageShsOut": 19491000,
        "weightedAverageShsOutDil": 19788000,
        "link": "https://www.sec.gov/Archives/edgar/data/103096/000110465910004532/0001104659-10-004532-index.htm",
        "finalLink": "https://www.sec.gov/Archives/edgar/data/103096/000110465910004532/a10-2911_110q.htm"
    },
    {
        "date": "2009-09-25",
        "symbol": "TRR",
        "reportedCurrency": "USD",
        "cik": "0000103096",
        "fillingDate": "2009-11-06",
        "acceptedDate": "2009-11-06 16:08:30",
        "calendarYear": "2010",
        "period": "Q1",
        "revenue": 56960000,
        "costOfRevenue": 50880000,
        "grossProfit": 6080000,
        "grossProfitRatio": 0.106741573,
        "researchAndDevelopmentExpenses": 0,
        "generalAndAdministrativeExpenses": 6678000,
        "sellingAndMarketingExpenses": 0,
        "sellingGeneralAndAdministrativeExpenses": 6678000,
        "otherExpenses": 0,
        "operatingExpenses": 6678000,
        "costAndExpenses": 57558000,
        "interestIncome": 0,
        "interestExpense": -264000,
        "depreciationAndAmortization": 1950000,
        "ebitda": 1651000,
        "ebitdaratio": 0.0289852528,
        "operatingIncome": 229000,
        "operatingIncomeRatio": 0.0040203652,
        "totalOtherIncomeExpensesNet": -264000,
        "incomeBeforeTax": -35000,
        "incomeBeforeTaxRatio": -0.0006144663,
        "incomeTaxExpense": 56000,
        "netIncome": -91000,
        "netIncomeRatio": -0.0015976124,
        "eps": -0.0047,
        "epsdiluted": -0.0047,
        "weightedAverageShsOut": 19404000,
        "weightedAverageShsOutDil": 19404000,
        "link": "https://www.sec.gov/Archives/edgar/data/103096/000110465909063351/0001104659-09-063351-index.htm",
        "finalLink": "https://www.sec.gov/Archives/edgar/data/103096/000110465909063351/a09-32939_110q.htm"
    },
    {
        "date": "2009-06-30",
        "symbol": "TRR",
        "reportedCurrency": "USD",
        "cik": "0000103096",
        "fillingDate": "2009-09-25",
        "acceptedDate": "2009-09-25 16:07:47",
        "calendarYear": "2009",
        "period": "Q4",
        "revenue": 63606000,
        "costOfRevenue": 57448000,
        "grossProfit": 6158000,
        "grossProfitRatio": 0.0968147659,
        "researchAndDevelopmentExpenses": 0,
        "generalAndAdministrativeExpenses": 8102000,
        "sellingAndMarketingExpenses": 0,
        "sellingGeneralAndAdministrativeExpenses": 8102000,
        "otherExpenses": 0,
        "operatingExpenses": 8102000,
        "costAndExpenses": 65550000,
        "interestIncome": 0,
        "interestExpense": -519000,
        "depreciationAndAmortization": 2030000,
        "ebitda": 947000,
        "ebitdaratio": 0.0148885325,
        "operatingIncome": -2970000,
        "operatingIncomeRatio": -0.0466937081,
        "totalOtherIncomeExpensesNet": 2406000,
        "incomeBeforeTax": -564000,
        "incomeBeforeTaxRatio": -0.008867088,
        "incomeTaxExpense": 4515000,
        "netIncome": -5079000,
        "netIncomeRatio": -0.0798509575,
        "eps": -0.26,
        "epsdiluted": -0.26,
        "weightedAverageShsOut": 19244000,
        "weightedAverageShsOutDil": 19244000,
        "link": "https://www.sec.gov/Archives/edgar/data/103096/000104746909008553/0001047469-09-008553-index.htm",
        "finalLink": "https://www.sec.gov/Archives/edgar/data/103096/000104746909008553/a2194519z10-k.htm"
    },
    {
        "date": "2009-03-27",
        "symbol": "TRR",
        "reportedCurrency": "USD",
        "cik": "0000103096",
        "fillingDate": "2009-05-06",
        "acceptedDate": "2009-05-06 08:02:10",
        "calendarYear": "2009",
        "period": "Q3",
        "revenue": 63717000,
        "costOfRevenue": 53469000,
        "grossProfit": 10248000,
        "grossProfitRatio": 0.1608361976,
        "researchAndDevelopmentExpenses": 0,
        "generalAndAdministrativeExpenses": 7318000,
        "sellingAndMarketingExpenses": 0,
        "sellingGeneralAndAdministrativeExpenses": 7318000,
        "otherExpenses": 0,
        "operatingExpenses": 7318000,
        "costAndExpenses": 60787000,
        "interestIncome": 0,
        "interestExpense": -673000,
        "depreciationAndAmortization": 1524000,
        "ebitda": 1374000,
        "ebitdaratio": 0.0215641038,
        "operatingIncome": 1196000,
        "operatingIncomeRatio": 0.0187705008,
        "totalOtherIncomeExpensesNet": -673000,
        "incomeBeforeTax": 523000,
        "incomeBeforeTaxRatio": 0.0082081705,
        "incomeTaxExpense": 24000,
        "netIncome": 499000,
        "netIncomeRatio": 0.0078315049,
        "eps": 0.0259,
        "epsdiluted": 0.0259,
        "weightedAverageShsOut": 19244000,
        "weightedAverageShsOutDil": 19244000,
        "link": "https://www.sec.gov/Archives/edgar/data/103096/000110465909029722/0001104659-09-029722-index.htm",
        "finalLink": "https://www.sec.gov/Archives/edgar/data/103096/000110465909029722/a09-11546_110q.htm"
    },
    {
        "date": "2008-12-26",
        "symbol": "TRR",
        "reportedCurrency": "USD",
        "cik": "0000103096",
        "fillingDate": "2009-02-04",
        "acceptedDate": "2009-02-04 17:19:41",
        "calendarYear": "2009",
        "period": "Q2",
        "revenue": 61557000,
        "costOfRevenue": 62763000,
        "grossProfit": -1206000,
        "grossProfitRatio": -0.019591598,
        "researchAndDevelopmentExpenses": 0,
        "generalAndAdministrativeExpenses": 8895000,
        "sellingAndMarketingExpenses": 0,
        "sellingGeneralAndAdministrativeExpenses": 8895000,
        "otherExpenses": 0,
        "operatingExpenses": 8895000,
        "costAndExpenses": 71658000,
        "interestIncome": 0,
        "interestExpense": -846000,
        "depreciationAndAmortization": 1859000,
        "ebitda": -20220000,
        "ebitdaratio": -0.3284760466,
        "operatingIncome": -20387000,
        "operatingIncomeRatio": -0.3311889793,
        "totalOtherIncomeExpensesNet": -846000,
        "incomeBeforeTax": -21233000,
        "incomeBeforeTaxRatio": -0.3449323391,
        "incomeTaxExpense": -850000,
        "netIncome": -20383000,
        "netIncomeRatio": -0.3311239989,
        "eps": -1.06,
        "epsdiluted": -1.06,
        "weightedAverageShsOut": 19196000,
        "weightedAverageShsOutDil": 19196000,
        "link": "https://www.sec.gov/Archives/edgar/data/103096/000110465909006442/0001104659-09-006442-index.htm",
        "finalLink": "https://www.sec.gov/Archives/edgar/data/103096/000110465909006442/a09-4595_110q.htm"
    },
    {
        "date": "2008-09-26",
        "symbol": "TRR",
        "reportedCurrency": "USD",
        "cik": "0000103096",
        "fillingDate": "2008-11-05",
        "acceptedDate": "2008-11-05 16:20:55",
        "calendarYear": "2009",
        "period": "Q1",
        "revenue": 65924000,
        "costOfRevenue": 53537000,
        "grossProfit": 12387000,
        "grossProfitRatio": 0.1878981858,
        "researchAndDevelopmentExpenses": 0,
        "generalAndAdministrativeExpenses": 8621000,
        "sellingAndMarketingExpenses": 0,
        "sellingGeneralAndAdministrativeExpenses": 8621000,
        "otherExpenses": 0,
        "operatingExpenses": 8621000,
        "costAndExpenses": 62158000,
        "interestIncome": 0,
        "interestExpense": -887000,
        "depreciationAndAmortization": 1909000,
        "ebitda": 2259000,
        "ebitdaratio": 0.0342667314,
        "operatingIncome": 2124000,
        "operatingIncomeRatio": 0.0322189188,
        "totalOtherIncomeExpensesNet": -887000,
        "incomeBeforeTax": 1237000,
        "incomeBeforeTaxRatio": 0.0187640313,
        "incomeTaxExpense": 182000,
        "netIncome": 1055000,
        "netIncomeRatio": 0.0160032765,
        "eps": 0.06,
        "epsdiluted": 0.06,
        "weightedAverageShsOut": 17583333,
        "weightedAverageShsOutDil": 17583333,
        "link": "https://www.sec.gov/Archives/edgar/data/103096/000110465908068218/0001104659-08-068218-index.htm",
        "finalLink": "https://www.sec.gov/Archives/edgar/data/103096/000110465908068218/a08-27576_110q.htm"
    },
    {
        "date": "2008-06-30",
        "symbol": "TRR",
        "reportedCurrency": "USD",
        "cik": "0000103096",
        "fillingDate": "2008-09-29",
        "acceptedDate": "2008-09-29 17:13:52",
        "calendarYear": "2008",
        "period": "Q4",
        "revenue": 52856000,
        "costOfRevenue": 56329000,
        "grossProfit": -3473000,
        "grossProfitRatio": -0.0657068261,
        "researchAndDevelopmentExpenses": 0,
        "generalAndAdministrativeExpenses": -2416000,
        "sellingAndMarketingExpenses": 0,
        "sellingGeneralAndAdministrativeExpenses": -2416000,
        "otherExpenses": 0,
        "operatingExpenses": -2416000,
        "costAndExpenses": 53913000,
        "interestIncome": 0,
        "interestExpense": -1397000,
        "depreciationAndAmortization": 2030000,
        "ebitda": 81250000,
        "ebitdaratio": 1.5371953988,
        "operatingIncome": 77857000,
        "operatingIncomeRatio": 1.473002119,
        "totalOtherIncomeExpensesNet": 2760000,
        "incomeBeforeTax": 80617000,
        "incomeBeforeTaxRatio": 1.5252194642,
        "incomeTaxExpense": -12439000,
        "netIncome": 93056000,
        "netIncomeRatio": 1.760556985,
        "eps": 4.99,
        "epsdiluted": 4.99,
        "weightedAverageShsOut": 18648496,
        "weightedAverageShsOutDil": 18648496,
        "link": "https://www.sec.gov/Archives/edgar/data/103096/000104746908010450/0001047469-08-010450-index.htm",
        "finalLink": "https://www.sec.gov/Archives/edgar/data/103096/000104746908010450/a2188119z10-k.htm"
    },
    {
        "date": "2008-03-28",
        "symbol": "TRR",
        "reportedCurrency": "USD",
        "cik": "0000103096",
        "fillingDate": "2008-05-23",
        "acceptedDate": "2008-05-22 18:13:20",
        "calendarYear": "2008",
        "period": "Q3",
        "revenue": 65472000,
        "costOfRevenue": 58638000,
        "grossProfit": 6834000,
        "grossProfitRatio": 0.1043804985,
        "researchAndDevelopmentExpenses": 0,
        "generalAndAdministrativeExpenses": 9734000,
        "sellingAndMarketingExpenses": 0,
        "sellingGeneralAndAdministrativeExpenses": 9734000,
        "otherExpenses": 0,
        "operatingExpenses": 9734000,
        "costAndExpenses": 68372000,
        "interestIncome": 0,
        "interestExpense": -968000,
        "depreciationAndAmortization": 1895000,
        "ebitda": -3881000,
        "ebitdaratio": -0.0592772483,
        "operatingIncome": -3840000,
        "operatingIncomeRatio": -0.0586510264,
        "totalOtherIncomeExpensesNet": -968000,
        "incomeBeforeTax": -4808000,
        "incomeBeforeTaxRatio": -0.0734359726,
        "incomeTaxExpense": 101000,
        "netIncome": -4909000,
        "netIncomeRatio": -0.0749786168,
        "eps": -0.26,
        "epsdiluted": -0.26,
        "weightedAverageShsOut": 18648496,
        "weightedAverageShsOutDil": 18648496,
        "link": "https://www.sec.gov/Archives/edgar/data/103096/000110465908035326/0001104659-08-035326-index.htm",
        "finalLink": "https://www.sec.gov/Archives/edgar/data/103096/000110465908035326/a08-14936_110q.htm"
    },
    {
        "date": "2007-12-28",
        "symbol": "TRR",
        "reportedCurrency": "USD",
        "cik": "0000103096",
        "fillingDate": "2008-05-01",
        "acceptedDate": "2008-05-01 17:27:32",
        "calendarYear": "2008",
        "period": "Q2",
        "revenue": 66257000,
        "costOfRevenue": 56137000,
        "grossProfit": 10120000,
        "grossProfitRatio": 0.1527385786,
        "researchAndDevelopmentExpenses": 0,
        "generalAndAdministrativeExpenses": 7830000,
        "sellingAndMarketingExpenses": 0,
        "sellingGeneralAndAdministrativeExpenses": 7830000,
        "otherExpenses": 0,
        "operatingExpenses": 7830000,
        "costAndExpenses": 63967000,
        "interestIncome": 0,
        "interestExpense": -971000,
        "depreciationAndAmortization": 2024000,
        "ebitda": 677000,
        "ebitdaratio": 0.0102177883,
        "operatingIncome": 595000,
        "operatingIncomeRatio": 0.0089801832,
        "totalOtherIncomeExpensesNet": -971000,
        "incomeBeforeTax": -376000,
        "incomeBeforeTaxRatio": -0.0056748721,
        "incomeTaxExpense": 101000,
        "netIncome": -477000,
        "netIncomeRatio": -0.0071992393,
        "eps": -0.0257,
        "epsdiluted": -0.0257,
        "weightedAverageShsOut": 18596413,
        "weightedAverageShsOutDil": 18596413,
        "link": "https://www.sec.gov/Archives/edgar/data/103096/000110465908029144/0001104659-08-029144-index.htm",
        "finalLink": "https://www.sec.gov/Archives/edgar/data/103096/000110465908029144/a08-10701_210q.htm"
    },
    {
        "date": "2007-09-28",
        "symbol": "TRR",
        "reportedCurrency": "USD",
        "cik": "0000103096",
        "fillingDate": "2008-05-01",
        "acceptedDate": "2008-05-01 17:27:19",
        "calendarYear": "2008",
        "period": "Q1",
        "revenue": 71323000,
        "costOfRevenue": 59921000,
        "grossProfit": 11402000,
        "grossProfitRatio": 0.1598642794,
        "researchAndDevelopmentExpenses": 0,
        "generalAndAdministrativeExpenses": 8821000,
        "sellingAndMarketingExpenses": 0,
        "sellingGeneralAndAdministrativeExpenses": 8821000,
        "otherExpenses": 0,
        "operatingExpenses": 8821000,
        "costAndExpenses": 68742000,
        "interestIncome": 0,
        "interestExpense": -1023000,
        "depreciationAndAmortization": 2102000,
        "ebitda": -74354000,
        "ebitdaratio": -1.0424968103,
        "operatingIncome": -74410000,
        "operatingIncomeRatio": -1.0432819708,
        "totalOtherIncomeExpensesNet": -1023000,
        "incomeBeforeTax": -75433000,
        "incomeBeforeTaxRatio": -1.05762517,
        "incomeTaxExpense": 12237000,
        "netIncome": -87670000,
        "netIncomeRatio": -1.2291967528,
        "eps": -4.75,
        "epsdiluted": -4.75,
        "weightedAverageShsOut": 18456842,
        "weightedAverageShsOutDil": 18456842,
        "link": "https://www.sec.gov/Archives/edgar/data/103096/000110465908029143/0001104659-08-029143-index.htm",
        "finalLink": "https://www.sec.gov/Archives/edgar/data/103096/000110465908029143/a08-10701_110q.htm"
    },
    {
        "date": "2007-06-30",
        "symbol": "TRR",
        "reportedCurrency": "USD",
        "cik": "0000103096",
        "fillingDate": "2007-12-14",
        "acceptedDate": "2007-12-14 15:02:27",
        "calendarYear": "2007",
        "period": "Q4",
        "revenue": 255908000,
        "costOfRevenue": 231025000,
        "grossProfit": 24883000,
        "grossProfitRatio": 0.0972341623,
        "researchAndDevelopmentExpenses": 0,
        "generalAndAdministrativeExpenses": 23969000,
        "sellingAndMarketingExpenses": 0,
        "sellingGeneralAndAdministrativeExpenses": 23969000,
        "otherExpenses": 0,
        "operatingExpenses": 23969000,
        "costAndExpenses": 254994000,
        "interestIncome": 0,
        "interestExpense": -4359000,
        "depreciationAndAmortization": -5942000,
        "ebitda": -15272000,
        "ebitdaratio": -0.0596776967,
        "operatingIncome": 202000,
        "operatingIncomeRatio": 0.0007893462,
        "totalOtherIncomeExpensesNet": -4959000,
        "incomeBeforeTax": -4757000,
        "incomeBeforeTaxRatio": -0.0185887116,
        "incomeTaxExpense": -1337000,
        "netIncome": -3634000,
        "netIncomeRatio": -0.0142004158,
        "eps": -0.21,
        "epsdiluted": -0.21,
        "weightedAverageShsOut": 17563000,
        "weightedAverageShsOutDil": 17563000,
        "link": "https://www.sec.gov/Archives/edgar/data/103096/000104746907010043/0001047469-07-010043-index.htm",
        "finalLink": "https://www.sec.gov/Archives/edgar/data/103096/000104746907010043/a2181668z10-k.htm"
    },
    {
        "date": "2007-03-31",
        "symbol": "TRR",
        "reportedCurrency": "USD",
        "cik": "0000103096",
        "fillingDate": "2007-07-03",
        "acceptedDate": "2007-07-03 15:40:35",
        "calendarYear": "2007",
        "period": "Q3",
        "revenue": 196888000,
        "costOfRevenue": 56088000,
        "grossProfit": 140800000,
        "grossProfitRatio": 0.7151273821,
        "researchAndDevelopmentExpenses": 0,
        "generalAndAdministrativeExpenses": 5551000,
        "sellingAndMarketingExpenses": 0,
        "sellingGeneralAndAdministrativeExpenses": 5551000,
        "otherExpenses": 0,
        "operatingExpenses": 5551000,
        "costAndExpenses": 61639000,
        "interestIncome": 0,
        "interestExpense": -1005000,
        "depreciationAndAmortization": 1903000,
        "ebitda": -569000,
        "ebitdaratio": -0.0028899679,
        "operatingIncome": -531000,
        "operatingIncomeRatio": -0.0026969648,
        "totalOtherIncomeExpensesNet": -1005000,
        "incomeBeforeTax": -1536000,
        "incomeBeforeTaxRatio": -0.0078013896,
        "incomeTaxExpense": -755000,
        "netIncome": -712000,
        "netIncomeRatio": -0.0036162691,
        "eps": -0.041,
        "epsdiluted": -0.041,
        "weightedAverageShsOut": 17381500,
        "weightedAverageShsOutDil": 17381500,
        "link": "https://www.sec.gov/Archives/edgar/data/103096/000110465907052139/0001104659-07-052139-index.htm",
        "finalLink": "https://www.sec.gov/Archives/edgar/data/103096/000110465907052139/a07-17930_110q.htm"
    },
    {
        "date": "2006-12-31",
        "symbol": "TRR",
        "reportedCurrency": "USD",
        "cik": "0000103096",
        "fillingDate": "2007-05-29",
        "acceptedDate": "2007-05-25 19:07:37",
        "calendarYear": "2007",
        "period": "Q2",
        "revenue": 65817000,
        "costOfRevenue": 56340000,
        "grossProfit": 9477000,
        "grossProfitRatio": 0.1439901545,
        "researchAndDevelopmentExpenses": 0,
        "generalAndAdministrativeExpenses": 4717000,
        "sellingAndMarketingExpenses": 0,
        "sellingGeneralAndAdministrativeExpenses": 4717000,
        "otherExpenses": 0,
        "operatingExpenses": 4717000,
        "costAndExpenses": 61057000,
        "interestIncome": 0,
        "interestExpense": -1147000,
        "depreciationAndAmortization": 4039000,
        "ebitda": 4864000,
        "ebitdaratio": 0.0739018795,
        "operatingIncome": 3101000,
        "operatingIncomeRatio": 0.0471154869,
        "totalOtherIncomeExpensesNet": -1147000,
        "incomeBeforeTax": 1954000,
        "incomeBeforeTaxRatio": 0.0296883784,
        "incomeTaxExpense": 981000,
        "netIncome": 991000,
        "netIncomeRatio": 0.0150569002,
        "eps": 0.057,
        "epsdiluted": 0.057,
        "weightedAverageShsOut": 17381500,
        "weightedAverageShsOutDil": 17381500,
        "link": "https://www.sec.gov/Archives/edgar/data/103096/000110465907043191/0001104659-07-043191-index.htm",
        "finalLink": "https://www.sec.gov/Archives/edgar/data/103096/000110465907043191/a07-15255_110q.htm"
    },
    {
        "date": "2006-09-30",
        "symbol": "TRR",
        "reportedCurrency": "USD",
        "cik": "0000103096",
        "fillingDate": "2007-05-29",
        "acceptedDate": "2007-05-25 19:06:22",
        "calendarYear": "2007",
        "period": "Q1",
        "revenue": 63951000,
        "costOfRevenue": 57963000,
        "grossProfit": 5988000,
        "grossProfitRatio": 0.0936341887,
        "researchAndDevelopmentExpenses": 0,
        "generalAndAdministrativeExpenses": 6990000,
        "sellingAndMarketingExpenses": 0,
        "sellingGeneralAndAdministrativeExpenses": 6990000,
        "otherExpenses": 0,
        "operatingExpenses": 6990000,
        "costAndExpenses": 64953000,
        "interestIncome": 0,
        "interestExpense": -1133000,
        "depreciationAndAmortization": -2370000,
        "ebitda": -342000,
        "ebitdaratio": -0.0053478444,
        "operatingIncome": 2028000,
        "operatingIncomeRatio": 0.0317117793,
        "totalOtherIncomeExpensesNet": -1133000,
        "incomeBeforeTax": 895000,
        "incomeBeforeTaxRatio": 0.01399509,
        "incomeTaxExpense": 447000,
        "netIncome": 344000,
        "netIncomeRatio": 0.0053791184,
        "eps": 0.02,
        "epsdiluted": 0.02,
        "weightedAverageShsOut": 17200000,
        "weightedAverageShsOutDil": 17200000,
        "link": "https://www.sec.gov/Archives/edgar/data/103096/000110465907043190/0001104659-07-043190-index.htm",
        "finalLink": "https://www.sec.gov/Archives/edgar/data/103096/000110465907043190/a07-15237_110q.htm"
    },
    {
        "date": "2006-06-30",
        "symbol": "TRR",
        "reportedCurrency": "USD",
        "cik": "0000103096",
        "fillingDate": "2007-02-26",
        "acceptedDate": "2007-02-23 18:04:00",
        "calendarYear": "2006",
        "period": "Q4",
        "revenue": 55458000,
        "costOfRevenue": 56435000,
        "grossProfit": -977000,
        "grossProfitRatio": -0.0176169353,
        "researchAndDevelopmentExpenses": 0,
        "generalAndAdministrativeExpenses": 7064000,
        "sellingAndMarketingExpenses": 0,
        "sellingGeneralAndAdministrativeExpenses": 7064000,
        "otherExpenses": 0,
        "operatingExpenses": 7064000,
        "costAndExpenses": 63499000,
        "interestIncome": 0,
        "interestExpense": -924000,
        "depreciationAndAmortization": 2073000,
        "ebitda": -15483000,
        "ebitdaratio": -0.2791842475,
        "operatingIncome": -12459000,
        "operatingIncomeRatio": -0.2246564968,
        "totalOtherIncomeExpensesNet": -924000,
        "incomeBeforeTax": -13383000,
        "incomeBeforeTaxRatio": -0.241317754,
        "incomeTaxExpense": -4442000,
        "netIncome": -12190000,
        "netIncomeRatio": -0.2198059793,
        "eps": -0.88,
        "epsdiluted": -0.88,
        "weightedAverageShsOut": 13877380,
        "weightedAverageShsOutDil": 13877380,
        "link": "https://www.sec.gov/Archives/edgar/data/103096/000110465907013567/0001104659-07-013567-index.htm",
        "finalLink": "https://www.sec.gov/Archives/edgar/data/103096/000110465907013567/a07-5397_110k.htm"
    },
    {
        "date": "2006-03-31",
        "symbol": "TRR",
        "reportedCurrency": "USD",
        "cik": "0000103096",
        "fillingDate": "2007-02-26",
        "acceptedDate": "2007-02-23 18:03:11",
        "calendarYear": "2006",
        "period": "Q3",
        "revenue": 65454000,
        "costOfRevenue": 59633000,
        "grossProfit": 5821000,
        "grossProfitRatio": 0.0889326856,
        "researchAndDevelopmentExpenses": 0,
        "generalAndAdministrativeExpenses": 5214000,
        "sellingAndMarketingExpenses": 0,
        "sellingGeneralAndAdministrativeExpenses": 5214000,
        "otherExpenses": 0,
        "operatingExpenses": 5214000,
        "costAndExpenses": 64847000,
        "interestIncome": 0,
        "interestExpense": -1347000,
        "depreciationAndAmortization": 2705000,
        "ebitda": -1420000,
        "ebitdaratio": -0.0216946252,
        "operatingIncome": -1424000,
        "operatingIncomeRatio": -0.0217557369,
        "totalOtherIncomeExpensesNet": -1347000,
        "incomeBeforeTax": -2771000,
        "incomeBeforeTaxRatio": -0.042335075,
        "incomeTaxExpense": -920000,
        "netIncome": -1858000,
        "netIncomeRatio": -0.0283863477,
        "eps": -0.13,
        "epsdiluted": -0.13,
        "weightedAverageShsOut": 13877380,
        "weightedAverageShsOutDil": 13877380,
        "link": "https://www.sec.gov/Archives/edgar/data/103096/000110465907013566/0001104659-07-013566-index.htm",
        "finalLink": "https://www.sec.gov/Archives/edgar/data/103096/000110465907013566/a07-5241_310q.htm"
    },
    {
        "date": "2005-12-31",
        "symbol": "TRR",
        "reportedCurrency": "USD",
        "cik": "0000103096",
        "fillingDate": "2007-02-26",
        "acceptedDate": "2007-02-23 17:54:10",
        "calendarYear": "2006",
        "period": "Q2",
        "revenue": 61057000,
        "costOfRevenue": 59309000,
        "grossProfit": 1748000,
        "grossProfitRatio": 0.028628986,
        "researchAndDevelopmentExpenses": 0,
        "generalAndAdministrativeExpenses": 5977000,
        "sellingAndMarketingExpenses": 0,
        "sellingGeneralAndAdministrativeExpenses": 5977000,
        "otherExpenses": 0,
        "operatingExpenses": 5977000,
        "costAndExpenses": 65286000,
        "interestIncome": 0,
        "interestExpense": -1342000,
        "depreciationAndAmortization": 1143000,
        "ebitda": -7945000,
        "ebitdaratio": -0.1301243101,
        "operatingIncome": -6391000,
        "operatingIncomeRatio": -0.1046726829,
        "totalOtherIncomeExpensesNet": -1352000,
        "incomeBeforeTax": -7743000,
        "incomeBeforeTaxRatio": -0.1268159261,
        "incomeTaxExpense": -2567000,
        "netIncome": -5179000,
        "netIncomeRatio": -0.0848223791,
        "eps": -0.38,
        "epsdiluted": -0.38,
        "weightedAverageShsOut": 13801408,
        "weightedAverageShsOutDil": 13801408,
        "link": "https://www.sec.gov/Archives/edgar/data/103096/000110465907013561/0001104659-07-013561-index.htm",
        "finalLink": "https://www.sec.gov/Archives/edgar/data/103096/000110465907013561/a07-5241_210q.htm"
    },
    {
        "date": "2005-09-30",
        "symbol": "TRR",
        "reportedCurrency": "USD",
        "cik": "0000103096",
        "fillingDate": "2007-02-26",
        "acceptedDate": "2007-02-23 17:54:24",
        "calendarYear": "2006",
        "period": "Q1",
        "revenue": 60424000,
        "costOfRevenue": 56594000,
        "grossProfit": 3830000,
        "grossProfitRatio": 0.0633854098,
        "researchAndDevelopmentExpenses": 0,
        "generalAndAdministrativeExpenses": 6349000,
        "sellingAndMarketingExpenses": 0,
        "sellingGeneralAndAdministrativeExpenses": 6349000,
        "otherExpenses": 0,
        "operatingExpenses": 6349000,
        "costAndExpenses": 62943000,
        "interestIncome": 0,
        "interestExpense": -932000,
        "depreciationAndAmortization": 1829000,
        "ebitda": -6026000,
        "ebitdaratio": -0.0997285847,
        "operatingIncome": -6001000,
        "operatingIncomeRatio": -0.0993148418,
        "totalOtherIncomeExpensesNet": -922000,
        "incomeBeforeTax": -6923000,
        "incomeBeforeTaxRatio": -0.1145736793,
        "incomeTaxExpense": -2303000,
        "netIncome": -4620000,
        "netIncomeRatio": -0.0764596849,
        "eps": -0.34,
        "epsdiluted": -0.34,
        "weightedAverageShsOut": 13588235,
        "weightedAverageShsOutDil": 13588235,
        "link": "https://www.sec.gov/Archives/edgar/data/103096/000110465907013562/0001104659-07-013562-index.htm",
        "finalLink": "https://www.sec.gov/Archives/edgar/data/103096/000110465907013562/a07-5241_110q.htm"
    },
    {
        "date": "2005-06-30",
        "symbol": "TRR",
        "reportedCurrency": "USD",
        "cik": "0000103096",
        "fillingDate": "2006-06-30",
        "acceptedDate": "2006-06-30 17:20:57",
        "calendarYear": "2005",
        "period": "Q4",
        "revenue": 47982000,
        "costOfRevenue": 73659000,
        "grossProfit": -25677000,
        "grossProfitRatio": -0.5351381768,
        "researchAndDevelopmentExpenses": 0,
        "generalAndAdministrativeExpenses": 6172000,
        "sellingAndMarketingExpenses": 0,
        "sellingGeneralAndAdministrativeExpenses": 6172000,
        "otherExpenses": 0,
        "operatingExpenses": 6172000,
        "costAndExpenses": 79831000,
        "interestIncome": 0,
        "interestExpense": -857000,
        "depreciationAndAmortization": 1864000,
        "ebitda": -19121000,
        "ebitdaratio": -0.3985036055,
        "operatingIncome": -19790000,
        "operatingIncomeRatio": -0.412446334,
        "totalOtherIncomeExpensesNet": -857000,
        "incomeBeforeTax": -20647000,
        "incomeBeforeTaxRatio": -0.4303071985,
        "incomeTaxExpense": -7562000,
        "netIncome": -12566000,
        "netIncomeRatio": -0.2618898754,
        "eps": -0.89,
        "epsdiluted": -0.89,
        "weightedAverageShsOut": 14109000,
        "weightedAverageShsOutDil": 14109000,
        "link": "https://www.sec.gov/Archives/edgar/data/103096/000110465906045000/0001104659-06-045000-index.htm",
        "finalLink": "https://www.sec.gov/Archives/edgar/data/103096/000110465906045000/a06-14604_110k.htm"
    },
    {
        "date": "2005-03-31",
        "symbol": "TRR",
        "reportedCurrency": "USD",
        "cik": "0000103096",
        "fillingDate": "2005-05-16",
        "acceptedDate": "2005-05-16 17:18:19",
        "calendarYear": "2005",
        "period": "Q3",
        "revenue": 60898000,
        "costOfRevenue": 55633000,
        "grossProfit": 5265000,
        "grossProfitRatio": 0.0864560412,
        "researchAndDevelopmentExpenses": 0,
        "generalAndAdministrativeExpenses": 3540000,
        "sellingAndMarketingExpenses": 0,
        "sellingGeneralAndAdministrativeExpenses": 3540000,
        "otherExpenses": 0,
        "operatingExpenses": 3540000,
        "costAndExpenses": 59173000,
        "interestIncome": 0,
        "interestExpense": -692000,
        "depreciationAndAmortization": 1775000,
        "ebitda": 635000,
        "ebitdaratio": 0.0104272718,
        "operatingIncome": -51000,
        "operatingIncomeRatio": -0.0008374659,
        "totalOtherIncomeExpensesNet": -692000,
        "incomeBeforeTax": -743000,
        "incomeBeforeTaxRatio": -0.0122007291,
        "incomeTaxExpense": -305000,
        "netIncome": -143000,
        "netIncomeRatio": -0.0023481888,
        "eps": -0.0102,
        "epsdiluted": -0.0102,
        "weightedAverageShsOut": 13957894,
        "weightedAverageShsOutDil": 13957894,
        "link": "https://www.sec.gov/Archives/edgar/data/103096/000110465905023896/0001104659-05-023896-index.htm",
        "finalLink": "https://www.sec.gov/Archives/edgar/data/103096/000110465905023896/a05-9454_110q.htm"
    },
    {
        "date": "2004-12-31",
        "symbol": "TRR",
        "reportedCurrency": "USD",
        "cik": "0000103096",
        "fillingDate": "2005-02-14",
        "acceptedDate": "2005-02-14 15:54:39",
        "calendarYear": "2005",
        "period": "Q2",
        "revenue": 58632000,
        "costOfRevenue": 49725000,
        "grossProfit": 8907000,
        "grossProfitRatio": 0.1519136308,
        "researchAndDevelopmentExpenses": 0,
        "generalAndAdministrativeExpenses": 2686000,
        "sellingAndMarketingExpenses": 0,
        "sellingGeneralAndAdministrativeExpenses": 2686000,
        "otherExpenses": 0,
        "operatingExpenses": 2686000,
        "costAndExpenses": 52411000,
        "interestIncome": 0,
        "interestExpense": -470000,
        "depreciationAndAmortization": 1519000,
        "ebitda": 5281000,
        "ebitdaratio": 0.0900702688,
        "operatingIncome": 4702000,
        "operatingIncomeRatio": 0.0801951153,
        "totalOtherIncomeExpensesNet": -470000,
        "incomeBeforeTax": 4232000,
        "incomeBeforeTaxRatio": 0.0721790149,
        "incomeTaxExpense": 1735000,
        "netIncome": 2497000,
        "netIncomeRatio": 0.0425876654,
        "eps": 0.18,
        "epsdiluted": 0.18,
        "weightedAverageShsOut": 13617500,
        "weightedAverageShsOutDil": 13617500,
        "link": "https://www.sec.gov/Archives/edgar/data/103096/000110465905006369/0001104659-05-006369-index.htm",
        "finalLink": "https://www.sec.gov/Archives/edgar/data/103096/000110465905006369/a05-3094_110q.htm"
    },
    {
        "date": "2004-09-30",
        "symbol": "TRR",
        "reportedCurrency": "USD",
        "cik": "0000103096",
        "fillingDate": "2004-11-09",
        "acceptedDate": "2004-11-09 14:20:50",
        "calendarYear": "2005",
        "period": "Q1",
        "revenue": 60341000,
        "costOfRevenue": 50202000,
        "grossProfit": 10139000,
        "grossProfitRatio": 0.1680283721,
        "researchAndDevelopmentExpenses": 0,
        "generalAndAdministrativeExpenses": 2265000,
        "sellingAndMarketingExpenses": 0,
        "sellingGeneralAndAdministrativeExpenses": 2265000,
        "otherExpenses": 0,
        "operatingExpenses": 2265000,
        "costAndExpenses": 52467000,
        "interestIncome": 0,
        "interestExpense": -423000,
        "depreciationAndAmortization": 1453000,
        "ebitda": 6439000,
        "ebitdaratio": 0.106710197,
        "operatingIncome": 6421000,
        "operatingIncomeRatio": 0.1064118924,
        "totalOtherIncomeExpensesNet": -423000,
        "incomeBeforeTax": 5998000,
        "incomeBeforeTaxRatio": 0.0994017335,
        "incomeTaxExpense": 2459000,
        "netIncome": 2950000,
        "netIncomeRatio": 0.0488888152,
        "eps": 0.24,
        "epsdiluted": 0.24,
        "weightedAverageShsOut": 12291666,
        "weightedAverageShsOutDil": 12291666,
        "link": "https://www.sec.gov/Archives/edgar/data/103096/000110465904034635/0001104659-04-034635-index.htm",
        "finalLink": "https://www.sec.gov/Archives/edgar/data/103096/000110465904034635/a04-13082_110q.htm"
    },
    {
        "date": "2004-06-30",
        "symbol": "TRR",
        "reportedCurrency": "USD",
        "cik": "0000103096",
        "fillingDate": "2004-09-13",
        "acceptedDate": "2004-09-13 17:23:52",
        "calendarYear": "2004",
        "period": "Q4",
        "revenue": 61040000,
        "costOfRevenue": 50751000,
        "grossProfit": 10289000,
        "grossProfitRatio": 0.168561599,
        "researchAndDevelopmentExpenses": 0,
        "generalAndAdministrativeExpenses": 2081000,
        "sellingAndMarketingExpenses": 0,
        "sellingGeneralAndAdministrativeExpenses": 2081000,
        "otherExpenses": 0,
        "operatingExpenses": 2081000,
        "costAndExpenses": 52832000,
        "interestIncome": 0,
        "interestExpense": -350000,
        "depreciationAndAmortization": 1375000,
        "ebitda": 7508000,
        "ebitdaratio": 0.1230013106,
        "operatingIncome": 6833000,
        "operatingIncomeRatio": 0.1119429882,
        "totalOtherIncomeExpensesNet": -350000,
        "incomeBeforeTax": 6483000,
        "incomeBeforeTaxRatio": 0.1062090433,
        "incomeTaxExpense": 2658000,
        "netIncome": 3825000,
        "netIncomeRatio": 0.062663827,
        "eps": 0.26,
        "epsdiluted": 0.26,
        "weightedAverageShsOut": 14470329,
        "weightedAverageShsOutDil": 14470329,
        "link": "https://www.sec.gov/Archives/edgar/data/103096/000110465904027480/0001104659-04-027480-index.htm",
        "finalLink": "https://www.sec.gov/Archives/edgar/data/103096/000110465904027480/a04-10479_110k.htm"
    },
    {
        "date": "2004-03-31",
        "symbol": "TRR",
        "reportedCurrency": "USD",
        "cik": "0000103096",
        "fillingDate": "2004-05-17",
        "acceptedDate": "2004-05-17 16:18:52",
        "calendarYear": "2004",
        "period": "Q3",
        "revenue": 55687000,
        "costOfRevenue": 47334000,
        "grossProfit": 8353000,
        "grossProfitRatio": 0.1499991021,
        "researchAndDevelopmentExpenses": 0,
        "generalAndAdministrativeExpenses": 2056000,
        "sellingAndMarketingExpenses": 0,
        "sellingGeneralAndAdministrativeExpenses": 2056000,
        "otherExpenses": 0,
        "operatingExpenses": 2056000,
        "costAndExpenses": 49390000,
        "interestIncome": 0,
        "interestExpense": -360000,
        "depreciationAndAmortization": 1463000,
        "ebitda": 5577000,
        "ebitdaratio": 0.1001490474,
        "operatingIncome": 5573000,
        "operatingIncomeRatio": 0.1000772173,
        "totalOtherIncomeExpensesNet": -1099000,
        "incomeBeforeTax": 4474000,
        "incomeBeforeTaxRatio": 0.080341911,
        "incomeTaxExpense": 1834000,
        "netIncome": 2640000,
        "netIncomeRatio": 0.0474078331,
        "eps": 0.18,
        "epsdiluted": 0.18,
        "weightedAverageShsOut": 14373846,
        "weightedAverageShsOutDil": 14373846,
        "link": "https://www.sec.gov/Archives/edgar/data/103096/000110465904014843/0001104659-04-014843-index.htm",
        "finalLink": "https://www.sec.gov/Archives/edgar/data/103096/000110465904014843/a04-6210_110q.htm"
    },
    {
        "date": "2003-12-31",
        "symbol": "TRR",
        "reportedCurrency": "USD",
        "cik": "0000103096",
        "fillingDate": "2004-02-17",
        "acceptedDate": "2004-02-17 14:42:23",
        "calendarYear": "2004",
        "period": "Q2",
        "revenue": 60292000,
        "costOfRevenue": 50078000,
        "grossProfit": 10214000,
        "grossProfitRatio": 0.1694088768,
        "researchAndDevelopmentExpenses": 0,
        "generalAndAdministrativeExpenses": 2164000,
        "sellingAndMarketingExpenses": 0,
        "sellingGeneralAndAdministrativeExpenses": 2164000,
        "otherExpenses": 0,
        "operatingExpenses": 2164000,
        "costAndExpenses": 52242000,
        "interestIncome": 0,
        "interestExpense": -365000,
        "depreciationAndAmortization": 1434000,
        "ebitda": 9330000,
        "ebitdaratio": 0.1547468984,
        "operatingIncome": 5877000,
        "operatingIncomeRatio": 0.0974756187,
        "totalOtherIncomeExpensesNet": 374000,
        "incomeBeforeTax": 6251000,
        "incomeBeforeTaxRatio": 0.1036787634,
        "incomeTaxExpense": 4573000,
        "netIncome": 3688000,
        "netIncomeRatio": 0.0611689776,
        "eps": 0.26,
        "epsdiluted": 0.26,
        "weightedAverageShsOut": 14261702,
        "weightedAverageShsOutDil": 14261702,
        "link": "https://www.sec.gov/Archives/edgar/data/103096/000110465904004750/0001104659-04-004750-index.htm",
        "finalLink": "https://www.sec.gov/Archives/edgar/data/103096/000110465904004750/a04-2498_110q.htm"
    },
    {
        "date": "2003-09-30",
        "symbol": "TRR",
        "reportedCurrency": "USD",
        "cik": "0000103096",
        "fillingDate": "2003-11-14",
        "acceptedDate": "2003-11-14 12:53:36",
        "calendarYear": "2004",
        "period": "Q1",
        "revenue": 56566000,
        "costOfRevenue": 47458000,
        "grossProfit": 9108000,
        "grossProfitRatio": 0.161015451,
        "researchAndDevelopmentExpenses": 0,
        "generalAndAdministrativeExpenses": 2283000,
        "sellingAndMarketingExpenses": 0,
        "sellingGeneralAndAdministrativeExpenses": 2283000,
        "otherExpenses": 0,
        "operatingExpenses": 2283000,
        "costAndExpenses": 49741000,
        "interestIncome": 0,
        "interestExpense": -374000,
        "depreciationAndAmortization": 1426000,
        "ebitda": 4067000,
        "ebitdaratio": 0.0718983135,
        "operatingIncome": 5399000,
        "operatingIncomeRatio": 0.0954460276,
        "totalOtherIncomeExpensesNet": -374000,
        "incomeBeforeTax": 5025000,
        "incomeBeforeTaxRatio": 0.0888342821,
        "incomeTaxExpense": -748000,
        "netIncome": 3015000,
        "netIncomeRatio": 0.0533005692,
        "eps": 0.21,
        "epsdiluted": 0.21,
        "weightedAverageShsOut": 14357142,
        "weightedAverageShsOutDil": 14357142,
        "link": "https://www.sec.gov/Archives/edgar/data/103096/000110465903026533/0001104659-03-026533-index.htm",
        "finalLink": "https://www.sec.gov/Archives/edgar/data/103096/000110465903026533/a03-5489_110q.htm"
    },
    {
        "date": "2003-06-30",
        "symbol": "TRR",
        "reportedCurrency": "USD",
        "cik": "0000103096",
        "fillingDate": "2003-10-14",
        "acceptedDate": "2003-10-14 17:28:50",
        "calendarYear": "2003",
        "period": "Q4",
        "revenue": 58760000,
        "costOfRevenue": 49747000,
        "grossProfit": 9013000,
        "grossProfitRatio": 0.1533866576,
        "researchAndDevelopmentExpenses": 0,
        "generalAndAdministrativeExpenses": 1635000,
        "sellingAndMarketingExpenses": 0,
        "sellingGeneralAndAdministrativeExpenses": 1635000,
        "otherExpenses": 0,
        "operatingExpenses": 1635000,
        "costAndExpenses": 51382000,
        "interestIncome": 0,
        "interestExpense": -433000,
        "depreciationAndAmortization": 1541000,
        "ebitda": 4151000,
        "ebitdaratio": 0.0706432948,
        "operatingIncome": 5837000,
        "operatingIncomeRatio": 0.0993362832,
        "totalOtherIncomeExpensesNet": -433000,
        "incomeBeforeTax": 5404000,
        "incomeBeforeTaxRatio": 0.0919673247,
        "incomeTaxExpense": 2009000,
        "netIncome": 1034000,
        "netIncomeRatio": 0.0175970048,
        "eps": 0.0916,
        "epsdiluted": 0.0916,
        "weightedAverageShsOut": 11285057,
        "weightedAverageShsOutDil": 11285057,
        "link": "https://www.sec.gov/Archives/edgar/data/103096/000104746903033308/0001047469-03-033308-index.htm",
        "finalLink": "https://www.sec.gov/Archives/edgar/data/103096/000104746903033308/a2120323z10-k.htm"
    },
    {
        "date": "2003-03-31",
        "symbol": "TRR",
        "reportedCurrency": "USD",
        "cik": "0000103096",
        "fillingDate": "2003-05-15",
        "acceptedDate": "2003-05-15 17:37:30",
        "calendarYear": "2003",
        "period": "Q3",
        "revenue": 122088000,
        "costOfRevenue": 105742000,
        "grossProfit": 16346000,
        "grossProfitRatio": 0.1338870323,
        "researchAndDevelopmentExpenses": 0,
        "generalAndAdministrativeExpenses": 3763000,
        "sellingAndMarketingExpenses": 0,
        "sellingGeneralAndAdministrativeExpenses": 3763000,
        "otherExpenses": 0,
        "operatingExpenses": 3763000,
        "costAndExpenses": 109505000,
        "interestIncome": 0,
        "interestExpense": -679000,
        "depreciationAndAmortization": 2946000,
        "ebitda": 11225000,
        "ebitdaratio": 0.091941878,
        "operatingIncome": 9637000,
        "operatingIncomeRatio": 0.0789348667,
        "totalOtherIncomeExpensesNet": -679000,
        "incomeBeforeTax": 8958000,
        "incomeBeforeTaxRatio": 0.0733733045,
        "incomeTaxExpense": 3534000,
        "netIncome": 5424000,
        "netIncomeRatio": 0.0444269707,
        "eps": 0.39,
        "epsdiluted": 0.37,
        "weightedAverageShsOut": 13942857,
        "weightedAverageShsOutDil": 14640000,
        "link": "https://www.sec.gov/Archives/edgar/data/103096/000110465903010437/0001104659-03-010437-index.htm",
        "finalLink": "https://www.sec.gov/Archives/edgar/data/103096/000110465903010437/j1177_10q.htm"
    }
]