[
    {
        "date": "2023-09-30",
        "symbol": "TUP",
        "reportedCurrency": "USD",
        "cik": "0001008654",
        "fillingDate": "2024-03-29",
        "acceptedDate": "2024-03-29 14:15:53",
        "calendarYear": "2023",
        "period": "Q3",
        "revenue": 259600000,
        "costOfRevenue": 94600000,
        "grossProfit": 165000000,
        "grossProfitRatio": 0.6355932203,
        "researchAndDevelopmentExpenses": 0,
        "generalAndAdministrativeExpenses": 100700000,
        "sellingAndMarketingExpenses": 58200000,
        "sellingGeneralAndAdministrativeExpenses": 158900000,
        "otherExpenses": 0,
        "operatingExpenses": 158900000,
        "costAndExpenses": 253500000,
        "interestIncome": 2200000,
        "interestExpense": 22300000,
        "depreciationAndAmortization": 7725000,
        "ebitda": 6100000,
        "ebitdaratio": 0.0234976888,
        "operatingIncome": 6100000,
        "operatingIncomeRatio": 0.0234976888,
        "totalOtherIncomeExpensesNet": -51700000,
        "incomeBeforeTax": -45600000,
        "incomeBeforeTaxRatio": -0.1756548536,
        "incomeTaxExpense": 8100000,
        "netIncome": -53900000,
        "netIncomeRatio": -0.2076271186,
        "eps": -1.16,
        "epsdiluted": -1.16,
        "weightedAverageShsOut": 46300000,
        "weightedAverageShsOutDil": 46300000,
        "link": "https://www.sec.gov/Archives/edgar/data/1008654/000100865424000035/0001008654-24-000035-index.htm",
        "finalLink": "https://www.sec.gov/Archives/edgar/data/1008654/000100865424000035/tup-20230930.htm"
    },
    {
        "date": "2023-07-01",
        "symbol": "TUP",
        "reportedCurrency": "USD",
        "cik": "0001008654",
        "fillingDate": "2024-03-29",
        "acceptedDate": "2024-03-29 14:12:11",
        "calendarYear": "2023",
        "period": "Q2",
        "revenue": 276300000,
        "costOfRevenue": 104400000,
        "grossProfit": 171900000,
        "grossProfitRatio": 0.6221498371,
        "researchAndDevelopmentExpenses": 0,
        "generalAndAdministrativeExpenses": 100100000,
        "sellingAndMarketingExpenses": 60400000,
        "sellingGeneralAndAdministrativeExpenses": 160500000,
        "otherExpenses": 0,
        "operatingExpenses": 160500000,
        "costAndExpenses": 264900000,
        "interestIncome": 2200000,
        "interestExpense": 17800000,
        "depreciationAndAmortization": 7725000,
        "ebitda": 11400000,
        "ebitdaratio": 0.0412595005,
        "operatingIncome": 11400000,
        "operatingIncomeRatio": 0.0412595005,
        "totalOtherIncomeExpensesNet": -32400000,
        "incomeBeforeTax": -21000000,
        "incomeBeforeTaxRatio": -0.0760043431,
        "incomeTaxExpense": 9100000,
        "netIncome": -31100000,
        "netIncomeRatio": -0.1125588129,
        "eps": -0.68,
        "epsdiluted": -0.68,
        "weightedAverageShsOut": 46000000,
        "weightedAverageShsOutDil": 46000000,
        "link": "https://www.sec.gov/Archives/edgar/data/1008654/000100865424000034/0001008654-24-000034-index.htm",
        "finalLink": "https://www.sec.gov/Archives/edgar/data/1008654/000100865424000034/tup-20230701.htm"
    },
    {
        "date": "2023-04-01",
        "symbol": "TUP",
        "reportedCurrency": "USD",
        "cik": "0001008654",
        "fillingDate": "2024-03-29",
        "acceptedDate": "2024-03-29 14:08:14",
        "calendarYear": "2023",
        "period": "Q1",
        "revenue": 292400000,
        "costOfRevenue": 117800000,
        "grossProfit": 174600000,
        "grossProfitRatio": 0.597127223,
        "researchAndDevelopmentExpenses": 0,
        "generalAndAdministrativeExpenses": 106100000,
        "sellingAndMarketingExpenses": 62400000,
        "sellingGeneralAndAdministrativeExpenses": 168500000,
        "otherExpenses": 0,
        "operatingExpenses": 168500000,
        "costAndExpenses": 286300000,
        "interestIncome": 2300000,
        "interestExpense": 15500000,
        "depreciationAndAmortization": 7725000,
        "ebitda": 4500000,
        "ebitdaratio": 0.0153898769,
        "operatingIncome": 6100000,
        "operatingIncomeRatio": 0.0208618331,
        "totalOtherIncomeExpensesNet": -34600000,
        "incomeBeforeTax": -30100000,
        "incomeBeforeTaxRatio": -0.1029411765,
        "incomeTaxExpense": 9400000,
        "netIncome": -40300000,
        "netIncomeRatio": -0.1378248974,
        "eps": -0.9,
        "epsdiluted": -0.9,
        "weightedAverageShsOut": 44800000,
        "weightedAverageShsOutDil": 44800000,
        "link": "https://www.sec.gov/Archives/edgar/data/1008654/000100865424000033/0001008654-24-000033-index.htm",
        "finalLink": "https://www.sec.gov/Archives/edgar/data/1008654/000100865424000033/tup-20230401.htm"
    },
    {
        "date": "2022-12-31",
        "symbol": "TUP",
        "reportedCurrency": "USD",
        "cik": "0001008654",
        "fillingDate": "2023-10-13",
        "acceptedDate": "2023-10-13 16:13:24",
        "calendarYear": "2022",
        "period": "Q4",
        "revenue": 313700000,
        "costOfRevenue": 117200000,
        "grossProfit": 196500000,
        "grossProfitRatio": 0.6263946446,
        "researchAndDevelopmentExpenses": 17400000,
        "generalAndAdministrativeExpenses": 62700000,
        "sellingAndMarketingExpenses": 112500000,
        "sellingGeneralAndAdministrativeExpenses": 175200000,
        "otherExpenses": -4900000,
        "operatingExpenses": 175200000,
        "costAndExpenses": 292400000,
        "interestIncome": 2500000,
        "interestExpense": 21800000,
        "depreciationAndAmortization": 8400000,
        "ebitda": -29700000,
        "ebitdaratio": -0.0946764425,
        "operatingIncome": 4200000,
        "operatingIncomeRatio": 0.0133885878,
        "totalOtherIncomeExpensesNet": -19500000,
        "incomeBeforeTax": -11000000,
        "incomeBeforeTaxRatio": -0.0350653491,
        "incomeTaxExpense": 24200000,
        "netIncome": -35200000,
        "netIncomeRatio": -0.112209117,
        "eps": -0.79,
        "epsdiluted": -0.79,
        "weightedAverageShsOut": 44500000,
        "weightedAverageShsOutDil": 44500000,
        "link": "https://www.sec.gov/Archives/edgar/data/1008654/000100865423000079/0001008654-23-000079-index.htm",
        "finalLink": "https://www.sec.gov/Archives/edgar/data/1008654/000100865423000079/tup-20221231.htm"
    },
    {
        "date": "2022-09-24",
        "symbol": "TUP",
        "reportedCurrency": "USD",
        "cik": "0001008654",
        "fillingDate": "2022-11-02",
        "acceptedDate": "2022-11-02 16:20:10",
        "calendarYear": "2022",
        "period": "Q3",
        "revenue": 302800000,
        "costOfRevenue": 106200000,
        "grossProfit": 196600000,
        "grossProfitRatio": 0.6492734478,
        "researchAndDevelopmentExpenses": 0,
        "generalAndAdministrativeExpenses": 107300000,
        "sellingAndMarketingExpenses": 68300000,
        "sellingGeneralAndAdministrativeExpenses": 175600000,
        "otherExpenses": -1600000,
        "operatingExpenses": 175600000,
        "costAndExpenses": 281800000,
        "interestIncome": 1300000,
        "interestExpense": 8300000,
        "depreciationAndAmortization": 9200000,
        "ebitda": 0,
        "ebitdaratio": 0,
        "operatingIncome": 11500000,
        "operatingIncomeRatio": 0.0379788639,
        "totalOtherIncomeExpensesNet": -4300000,
        "incomeBeforeTax": 7200000,
        "incomeBeforeTaxRatio": 0.0237780713,
        "incomeTaxExpense": 11000000,
        "netIncome": -3800000,
        "netIncomeRatio": -0.0125495376,
        "eps": -0.0854,
        "epsdiluted": -0.0854,
        "weightedAverageShsOut": 44500000,
        "weightedAverageShsOutDil": 44500000,
        "link": "https://www.sec.gov/Archives/edgar/data/1008654/000100865422000059/0001008654-22-000059-index.htm",
        "finalLink": "https://www.sec.gov/Archives/edgar/data/1008654/000100865422000059/tup-20220924.htm"
    },
    {
        "date": "2022-06-25",
        "symbol": "TUP",
        "reportedCurrency": "USD",
        "cik": "0001008654",
        "fillingDate": "2022-08-04",
        "acceptedDate": "2022-08-03 18:45:59",
        "calendarYear": "2022",
        "period": "Q2",
        "revenue": 340400000,
        "costOfRevenue": 119700000,
        "grossProfit": 220700000,
        "grossProfitRatio": 0.6483548766,
        "researchAndDevelopmentExpenses": 0,
        "generalAndAdministrativeExpenses": 110100000,
        "sellingAndMarketingExpenses": 76800000,
        "sellingGeneralAndAdministrativeExpenses": 186900000,
        "otherExpenses": -700000,
        "operatingExpenses": 186900000,
        "costAndExpenses": 306600000,
        "interestIncome": 1200000,
        "interestExpense": 6000000,
        "depreciationAndAmortization": 9000000,
        "ebitda": 42800000,
        "ebitdaratio": 0.1257344301,
        "operatingIncome": 24800000,
        "operatingIncomeRatio": 0.0728554642,
        "totalOtherIncomeExpensesNet": -5500000,
        "incomeBeforeTax": 19300000,
        "incomeBeforeTaxRatio": 0.0566980024,
        "incomeTaxExpense": 14800000,
        "netIncome": 1200000,
        "netIncomeRatio": 0.0035252644,
        "eps": 0.03,
        "epsdiluted": 0.02,
        "weightedAverageShsOut": 45500000,
        "weightedAverageShsOutDil": 48300000,
        "link": "https://www.sec.gov/Archives/edgar/data/1008654/000100865422000045/0001008654-22-000045-index.htm",
        "finalLink": "https://www.sec.gov/Archives/edgar/data/1008654/000100865422000045/tup-20220625.htm"
    },
    {
        "date": "2022-03-26",
        "symbol": "TUP",
        "reportedCurrency": "USD",
        "cik": "0001008654",
        "fillingDate": "2022-05-05",
        "acceptedDate": "2022-05-04 20:53:23",
        "calendarYear": "2022",
        "period": "Q1",
        "revenue": 348100000,
        "costOfRevenue": 126100000,
        "grossProfit": 222000000,
        "grossProfitRatio": 0.6377477736,
        "researchAndDevelopmentExpenses": 0,
        "generalAndAdministrativeExpenses": 120800000,
        "sellingAndMarketingExpenses": 82600000,
        "sellingGeneralAndAdministrativeExpenses": 203400000,
        "otherExpenses": 0,
        "operatingExpenses": 203400000,
        "costAndExpenses": 329500000,
        "interestIncome": 700000,
        "interestExpense": 4600000,
        "depreciationAndAmortization": 10700000,
        "ebitda": 29300000,
        "ebitdaratio": 0.0841712152,
        "operatingIncome": 4300000,
        "operatingIncomeRatio": 0.0123527722,
        "totalOtherIncomeExpensesNet": -6700000,
        "incomeBeforeTax": 9300000,
        "incomeBeforeTaxRatio": 0.0267164608,
        "incomeTaxExpense": 6800000,
        "netIncome": 2500000,
        "netIncomeRatio": 0.0071818443,
        "eps": 0.05,
        "epsdiluted": 0.0487,
        "weightedAverageShsOut": 50000000,
        "weightedAverageShsOutDil": 51300000,
        "link": "https://www.sec.gov/Archives/edgar/data/1008654/000100865422000022/0001008654-22-000022-index.htm",
        "finalLink": "https://www.sec.gov/Archives/edgar/data/1008654/000100865422000022/tup-20220326.htm"
    },
    {
        "date": "2021-12-25",
        "symbol": "TUP",
        "reportedCurrency": "USD",
        "cik": "0001008654",
        "fillingDate": "2022-02-23",
        "acceptedDate": "2022-02-23 17:18:18",
        "calendarYear": "2021",
        "period": "Q4",
        "revenue": 394900000,
        "costOfRevenue": 154000000,
        "grossProfit": 240900000,
        "grossProfitRatio": 0.6100278552,
        "researchAndDevelopmentExpenses": 16700000,
        "generalAndAdministrativeExpenses": 53900000,
        "sellingAndMarketingExpenses": 152800000,
        "sellingGeneralAndAdministrativeExpenses": 206700000,
        "otherExpenses": 2500000,
        "operatingExpenses": 206700000,
        "costAndExpenses": 360700000,
        "interestIncome": 200000,
        "interestExpense": 5500000,
        "depreciationAndAmortization": 10500000,
        "ebitda": 45800000,
        "ebitdaratio": 0.1159787288,
        "operatingIncome": 44400000,
        "operatingIncomeRatio": 0.1124335275,
        "totalOtherIncomeExpensesNet": -5300000,
        "incomeBeforeTax": 29800000,
        "incomeBeforeTaxRatio": 0.0754621423,
        "incomeTaxExpense": 10400000,
        "netIncome": 23800000,
        "netIncomeRatio": 0.0602684224,
        "eps": 0.49,
        "epsdiluted": 0.46,
        "weightedAverageShsOut": 48900000,
        "weightedAverageShsOutDil": 52300000,
        "link": "https://www.sec.gov/Archives/edgar/data/1008654/000100865422000008/0001008654-22-000008-index.htm",
        "finalLink": "https://www.sec.gov/Archives/edgar/data/1008654/000100865422000008/tup-20211225.htm"
    },
    {
        "date": "2021-09-25",
        "symbol": "TUP",
        "reportedCurrency": "USD",
        "cik": "0001008654",
        "fillingDate": "2021-11-04",
        "acceptedDate": "2021-11-04 16:10:51",
        "calendarYear": "2021",
        "period": "Q3",
        "revenue": 376900000,
        "costOfRevenue": 129000000,
        "grossProfit": 247900000,
        "grossProfitRatio": 0.657734147,
        "researchAndDevelopmentExpenses": 0,
        "generalAndAdministrativeExpenses": 106300000,
        "sellingAndMarketingExpenses": 84400000,
        "sellingGeneralAndAdministrativeExpenses": 190700000,
        "otherExpenses": -1200000,
        "operatingExpenses": 190700000,
        "costAndExpenses": 319700000,
        "interestIncome": 300000,
        "interestExpense": 8200000,
        "depreciationAndAmortization": 7900000,
        "ebitda": 63600000,
        "ebitdaratio": 0.1687450252,
        "operatingIncome": 57100000,
        "operatingIncomeRatio": 0.1514990714,
        "totalOtherIncomeExpensesNet": -9100000,
        "incomeBeforeTax": 48000000,
        "incomeBeforeTaxRatio": 0.127354736,
        "incomeTaxExpense": -12400000,
        "netIncome": -86100000,
        "netIncomeRatio": -0.2284425577,
        "eps": -1.74,
        "epsdiluted": -1.63,
        "weightedAverageShsOut": 49400000,
        "weightedAverageShsOutDil": 52800000,
        "link": "https://www.sec.gov/Archives/edgar/data/1008654/000100865421000085/0001008654-21-000085-index.htm",
        "finalLink": "https://www.sec.gov/Archives/edgar/data/1008654/000100865421000085/tup-20210925.htm"
    },
    {
        "date": "2021-06-26",
        "symbol": "TUP",
        "reportedCurrency": "USD",
        "cik": "0001008654",
        "fillingDate": "2021-08-05",
        "acceptedDate": "2021-08-05 17:18:35",
        "calendarYear": "2021",
        "period": "Q2",
        "revenue": 464700000,
        "costOfRevenue": 148700000,
        "grossProfit": 316000000,
        "grossProfitRatio": 0.6800086077,
        "researchAndDevelopmentExpenses": 0,
        "generalAndAdministrativeExpenses": 0,
        "sellingAndMarketingExpenses": 0,
        "sellingGeneralAndAdministrativeExpenses": 234900000,
        "otherExpenses": -1400000,
        "operatingExpenses": 234900000,
        "costAndExpenses": 383600000,
        "interestIncome": 300000,
        "interestExpense": 9700000,
        "depreciationAndAmortization": 10600000,
        "ebitda": 80000000,
        "ebitdaratio": 0.1721540779,
        "operatingIncome": 75900000,
        "operatingIncomeRatio": 0.1633311814,
        "totalOtherIncomeExpensesNet": -12900000,
        "incomeBeforeTax": 59100000,
        "incomeBeforeTaxRatio": 0.127178825,
        "incomeTaxExpense": 23500000,
        "netIncome": 35600000,
        "netIncomeRatio": 0.0766085647,
        "eps": 0.71,
        "epsdiluted": 0.67,
        "weightedAverageShsOut": 49800000,
        "weightedAverageShsOutDil": 53100000,
        "link": "https://www.sec.gov/Archives/edgar/data/1008654/000100865421000072/0001008654-21-000072-index.htm",
        "finalLink": "https://www.sec.gov/Archives/edgar/data/1008654/000100865421000072/tup-20210626.htm"
    },
    {
        "date": "2021-03-27",
        "symbol": "TUP",
        "reportedCurrency": "USD",
        "cik": "0001008654",
        "fillingDate": "2021-05-05",
        "acceptedDate": "2021-05-05 07:24:42",
        "calendarYear": "2021",
        "period": "Q1",
        "revenue": 460300000,
        "costOfRevenue": 137000000,
        "grossProfit": 323300000,
        "grossProfitRatio": 0.7023680209,
        "researchAndDevelopmentExpenses": 0,
        "generalAndAdministrativeExpenses": 0,
        "sellingAndMarketingExpenses": 0,
        "sellingGeneralAndAdministrativeExpenses": 249400000,
        "otherExpenses": 200000,
        "operatingExpenses": 249400000,
        "costAndExpenses": 386400000,
        "interestIncome": 300000,
        "interestExpense": 11800000,
        "depreciationAndAmortization": 10700000,
        "ebitda": 85100000,
        "ebitdaratio": 0.1848794265,
        "operatingIncome": 79500000,
        "operatingIncomeRatio": 0.1727134478,
        "totalOtherIncomeExpensesNet": -12300000,
        "incomeBeforeTax": 66100000,
        "incomeBeforeTaxRatio": 0.1436019987,
        "incomeTaxExpense": 20800000,
        "netIncome": 45300000,
        "netIncomeRatio": 0.0984140778,
        "eps": 0.92,
        "epsdiluted": 0.85,
        "weightedAverageShsOut": 49400000,
        "weightedAverageShsOutDil": 53400000,
        "link": "https://www.sec.gov/Archives/edgar/data/1008654/000100865421000038/0001008654-21-000038-index.htm",
        "finalLink": "https://www.sec.gov/Archives/edgar/data/1008654/000100865421000038/tup-20210327.htm"
    },
    {
        "date": "2020-12-26",
        "symbol": "TUP",
        "reportedCurrency": "USD",
        "cik": "0001008654",
        "fillingDate": "2021-03-10",
        "acceptedDate": "2021-03-10 08:03:08",
        "calendarYear": "2020",
        "period": "Q4",
        "revenue": 489600000,
        "costOfRevenue": 155500000,
        "grossProfit": 334100000,
        "grossProfitRatio": 0.6823937908,
        "researchAndDevelopmentExpenses": 16300000,
        "generalAndAdministrativeExpenses": 165400000,
        "sellingAndMarketingExpenses": 99400000,
        "sellingGeneralAndAdministrativeExpenses": 264800000,
        "otherExpenses": 1300000,
        "operatingExpenses": 264800000,
        "costAndExpenses": 420300000,
        "interestIncome": 500000,
        "interestExpense": 8100000,
        "depreciationAndAmortization": 10800000,
        "ebitda": 99200000,
        "ebitdaratio": 0.2026143791,
        "operatingIncome": 96300000,
        "operatingIncomeRatio": 0.1966911765,
        "totalOtherIncomeExpensesNet": -16000000,
        "incomeBeforeTax": 80300000,
        "incomeBeforeTaxRatio": 0.1640114379,
        "incomeTaxExpense": 58500000,
        "netIncome": 21800000,
        "netIncomeRatio": 0.0445261438,
        "eps": 0.45,
        "epsdiluted": 0.41,
        "weightedAverageShsOut": 48444444,
        "weightedAverageShsOutDil": 53600000,
        "link": "https://www.sec.gov/Archives/edgar/data/1008654/000100865421000022/0001008654-21-000022-index.htm",
        "finalLink": "https://www.sec.gov/Archives/edgar/data/1008654/000100865421000022/tup-20201226.htm"
    },
    {
        "date": "2020-09-26",
        "symbol": "TUP",
        "reportedCurrency": "USD",
        "cik": "0001008654",
        "fillingDate": "2020-10-29",
        "acceptedDate": "2020-10-28 18:10:59",
        "calendarYear": "2020",
        "period": "Q3",
        "revenue": 477200000,
        "costOfRevenue": 152100000,
        "grossProfit": 325100000,
        "grossProfitRatio": 0.6812657167,
        "researchAndDevelopmentExpenses": 0,
        "generalAndAdministrativeExpenses": 128500000,
        "sellingAndMarketingExpenses": 105300000,
        "sellingGeneralAndAdministrativeExpenses": 233800000,
        "otherExpenses": 0,
        "operatingExpenses": 233800000,
        "costAndExpenses": 385900000,
        "interestIncome": 300000,
        "interestExpense": 8200000,
        "depreciationAndAmortization": 11300000,
        "ebitda": 68000000,
        "ebitdaratio": 0.1424979044,
        "operatingIncome": 55500000,
        "operatingIncomeRatio": 0.1163034367,
        "totalOtherIncomeExpensesNet": 2200000,
        "incomeBeforeTax": 57700000,
        "incomeBeforeTaxRatio": 0.120913663,
        "incomeTaxExpense": 23300000,
        "netIncome": 34400000,
        "netIncomeRatio": 0.0720871752,
        "eps": 0.7,
        "epsdiluted": 0.65,
        "weightedAverageShsOut": 49100000,
        "weightedAverageShsOutDil": 53100000,
        "link": "https://www.sec.gov/Archives/edgar/data/1008654/000100865420000133/0001008654-20-000133-index.htm",
        "finalLink": "https://www.sec.gov/Archives/edgar/data/1008654/000100865420000133/tup-20200926.htm"
    },
    {
        "date": "2020-06-27",
        "symbol": "TUP",
        "reportedCurrency": "USD",
        "cik": "0001008654",
        "fillingDate": "2020-07-29",
        "acceptedDate": "2020-07-29 08:06:18",
        "calendarYear": "2020",
        "period": "Q2",
        "revenue": 397400000,
        "costOfRevenue": 133500000,
        "grossProfit": 263900000,
        "grossProfitRatio": 0.6640664318,
        "researchAndDevelopmentExpenses": 0,
        "generalAndAdministrativeExpenses": 68800000,
        "sellingAndMarketingExpenses": 139300000,
        "sellingGeneralAndAdministrativeExpenses": 208100000,
        "otherExpenses": 0,
        "operatingExpenses": 208100000,
        "costAndExpenses": 341600000,
        "interestIncome": 200000,
        "interestExpense": 12100000,
        "depreciationAndAmortization": 10900000,
        "ebitda": 105600000,
        "ebitdaratio": 0.265727227,
        "operatingIncome": 46500000,
        "operatingIncomeRatio": 0.1170105687,
        "totalOtherIncomeExpensesNet": 36100000,
        "incomeBeforeTax": 82600000,
        "incomeBeforeTaxRatio": 0.2078510317,
        "incomeTaxExpense": 18800000,
        "netIncome": 63800000,
        "netIncomeRatio": 0.160543533,
        "eps": 1.3,
        "epsdiluted": 1.3,
        "weightedAverageShsOut": 49000000,
        "weightedAverageShsOutDil": 49200000,
        "link": "https://www.sec.gov/Archives/edgar/data/1008654/000100865420000108/0001008654-20-000108-index.htm",
        "finalLink": "https://www.sec.gov/Archives/edgar/data/1008654/000100865420000108/tup-20200627.htm"
    },
    {
        "date": "2020-03-28",
        "symbol": "TUP",
        "reportedCurrency": "USD",
        "cik": "0001008654",
        "fillingDate": "2020-04-29",
        "acceptedDate": "2020-04-29 14:43:45",
        "calendarYear": "2020",
        "period": "Q1",
        "revenue": 375900000,
        "costOfRevenue": 129700000,
        "grossProfit": 246200000,
        "grossProfitRatio": 0.6549614259,
        "researchAndDevelopmentExpenses": 0,
        "generalAndAdministrativeExpenses": 213800000,
        "sellingAndMarketingExpenses": 29100000,
        "sellingGeneralAndAdministrativeExpenses": 242900000,
        "otherExpenses": 2100000,
        "operatingExpenses": 242900000,
        "costAndExpenses": 372600000,
        "interestIncome": 500000,
        "interestExpense": 10200000,
        "depreciationAndAmortization": 11700000,
        "ebitda": 13600000,
        "ebitdaratio": 0.0361798351,
        "operatingIncome": -700000,
        "operatingIncomeRatio": -0.0018621974,
        "totalOtherIncomeExpensesNet": -7600000,
        "incomeBeforeTax": -8300000,
        "incomeBeforeTaxRatio": -0.0220803405,
        "incomeTaxExpense": -500000,
        "netIncome": -7800000,
        "netIncomeRatio": -0.0207501995,
        "eps": -0.16,
        "epsdiluted": -0.16,
        "weightedAverageShsOut": 48750000,
        "weightedAverageShsOutDil": 48900000,
        "link": "https://www.sec.gov/Archives/edgar/data/1008654/000100865420000052/0001008654-20-000052-index.htm",
        "finalLink": "https://www.sec.gov/Archives/edgar/data/1008654/000100865420000052/tup10q032820.htm"
    },
    {
        "date": "2019-12-28",
        "symbol": "TUP",
        "reportedCurrency": "USD",
        "cik": "0001008654",
        "fillingDate": "2020-03-12",
        "acceptedDate": "2020-03-12 15:05:48",
        "calendarYear": "2019",
        "period": "Q4",
        "revenue": 417200000,
        "costOfRevenue": 153500000,
        "grossProfit": 263700000,
        "grossProfitRatio": 0.6320709492,
        "researchAndDevelopmentExpenses": 21200000,
        "generalAndAdministrativeExpenses": 150400000,
        "sellingAndMarketingExpenses": 97000000,
        "sellingGeneralAndAdministrativeExpenses": 247400000,
        "otherExpenses": 6300000,
        "operatingExpenses": 247400000,
        "costAndExpenses": 400900000,
        "interestIncome": 600000,
        "interestExpense": 10100000,
        "depreciationAndAmortization": 13800000,
        "ebitda": -300000,
        "ebitdaratio": -0.0007190796,
        "operatingIncome": -21000000,
        "operatingIncomeRatio": -0.0503355705,
        "totalOtherIncomeExpensesNet": -3200000,
        "incomeBeforeTax": -24200000,
        "incomeBeforeTaxRatio": -0.0580057526,
        "incomeTaxExpense": 47500000,
        "netIncome": -71700000,
        "netIncomeRatio": -0.1718600192,
        "eps": -1.47,
        "epsdiluted": -1.47,
        "weightedAverageShsOut": 48775510,
        "weightedAverageShsOutDil": 48900000,
        "link": "https://www.sec.gov/Archives/edgar/data/1008654/000100865420000018/0001008654-20-000018-index.htm",
        "finalLink": "https://www.sec.gov/Archives/edgar/data/1008654/000100865420000018/tup10k122819.htm"
    },
    {
        "date": "2019-09-28",
        "symbol": "TUP",
        "reportedCurrency": "USD",
        "cik": "0001008654",
        "fillingDate": "2019-11-06",
        "acceptedDate": "2019-11-06 16:15:38",
        "calendarYear": "2019",
        "period": "Q3",
        "revenue": 418100000,
        "costOfRevenue": 141500000,
        "grossProfit": 276600000,
        "grossProfitRatio": 0.6615642191,
        "researchAndDevelopmentExpenses": 0,
        "generalAndAdministrativeExpenses": 146800000,
        "sellingAndMarketingExpenses": 94800000,
        "sellingGeneralAndAdministrativeExpenses": 241600000,
        "otherExpenses": 0,
        "operatingExpenses": 241600000,
        "costAndExpenses": 383100000,
        "interestIncome": 600000,
        "interestExpense": 10400000,
        "depreciationAndAmortization": 13600000,
        "ebitda": 37900000,
        "ebitdaratio": 0.0906481703,
        "operatingIncome": 19900000,
        "operatingIncomeRatio": 0.0475962688,
        "totalOtherIncomeExpensesNet": -6000000,
        "incomeBeforeTax": 13900000,
        "incomeBeforeTaxRatio": 0.033245635,
        "incomeTaxExpense": 6100000,
        "netIncome": 7800000,
        "netIncomeRatio": 0.018655824,
        "eps": 0.16,
        "epsdiluted": 0.16,
        "weightedAverageShsOut": 48800000,
        "weightedAverageShsOutDil": 48900000,
        "link": "https://www.sec.gov/Archives/edgar/data/1008654/000100865419000056/0001008654-19-000056-index.htm",
        "finalLink": "https://www.sec.gov/Archives/edgar/data/1008654/000100865419000056/tup10q092819.htm"
    },
    {
        "date": "2019-06-29",
        "symbol": "TUP",
        "reportedCurrency": "USD",
        "cik": "0001008654",
        "fillingDate": "2019-08-01",
        "acceptedDate": "2019-08-01 11:47:55",
        "calendarYear": "2019",
        "period": "Q2",
        "revenue": 475300000,
        "costOfRevenue": 154600000,
        "grossProfit": 320700000,
        "grossProfitRatio": 0.6747317484,
        "researchAndDevelopmentExpenses": 0,
        "generalAndAdministrativeExpenses": 143300000,
        "sellingAndMarketingExpenses": 104400000,
        "sellingGeneralAndAdministrativeExpenses": 247700000,
        "otherExpenses": 0,
        "operatingExpenses": 247700000,
        "costAndExpenses": 402300000,
        "interestIncome": 400000,
        "interestExpense": 10800000,
        "depreciationAndAmortization": 13700000,
        "ebitda": 76800000,
        "ebitdaratio": 0.1615821586,
        "operatingIncome": 68800000,
        "operatingIncomeRatio": 0.1447506838,
        "totalOtherIncomeExpensesNet": -7000000,
        "incomeBeforeTax": 61800000,
        "incomeBeforeTaxRatio": 0.1300231433,
        "incomeTaxExpense": 22400000,
        "netIncome": 39400000,
        "netIncomeRatio": 0.0828950137,
        "eps": 0.81,
        "epsdiluted": 0.81,
        "weightedAverageShsOut": 48800000,
        "weightedAverageShsOutDil": 48800000,
        "link": "https://www.sec.gov/Archives/edgar/data/1008654/000100865419000045/0001008654-19-000045-index.htm",
        "finalLink": "https://www.sec.gov/Archives/edgar/data/1008654/000100865419000045/tup10q062919.htm"
    },
    {
        "date": "2019-03-30",
        "symbol": "TUP",
        "reportedCurrency": "USD",
        "cik": "0001008654",
        "fillingDate": "2019-05-02",
        "acceptedDate": "2019-05-02 12:09:10",
        "calendarYear": "2019",
        "period": "Q1",
        "revenue": 487300000,
        "costOfRevenue": 161200000,
        "grossProfit": 326100000,
        "grossProfitRatio": 0.6691976195,
        "researchAndDevelopmentExpenses": 0,
        "generalAndAdministrativeExpenses": 229900000,
        "sellingAndMarketingExpenses": 32800000,
        "sellingGeneralAndAdministrativeExpenses": 262700000,
        "otherExpenses": 0,
        "operatingExpenses": 262700000,
        "costAndExpenses": 423900000,
        "interestIncome": 600000,
        "interestExpense": 10200000,
        "depreciationAndAmortization": 14100000,
        "ebitda": 67300000,
        "ebitdaratio": 0.1381079417,
        "operatingIncome": 58200000,
        "operatingIncomeRatio": 0.1194336138,
        "totalOtherIncomeExpensesNet": -6300000,
        "incomeBeforeTax": 51900000,
        "incomeBeforeTaxRatio": 0.1065052329,
        "incomeTaxExpense": 15000000,
        "netIncome": 36900000,
        "netIncomeRatio": 0.0757233737,
        "eps": 0.76,
        "epsdiluted": 0.76,
        "weightedAverageShsOut": 48700000,
        "weightedAverageShsOutDil": 48800000,
        "link": "https://www.sec.gov/Archives/edgar/data/1008654/000100865419000029/0001008654-19-000029-index.htm",
        "finalLink": "https://www.sec.gov/Archives/edgar/data/1008654/000100865419000029/tup10q033019.htm"
    },
    {
        "date": "2018-12-29",
        "symbol": "TUP",
        "reportedCurrency": "USD",
        "cik": "0001008654",
        "fillingDate": "2019-02-26",
        "acceptedDate": "2019-02-26 12:11:06",
        "calendarYear": "2018",
        "period": "Q4",
        "revenue": 505900000,
        "costOfRevenue": 175600000,
        "grossProfit": 330300000,
        "grossProfitRatio": 0.6528958292,
        "researchAndDevelopmentExpenses": 20800000,
        "generalAndAdministrativeExpenses": 135000000,
        "sellingAndMarketingExpenses": 110500000,
        "sellingGeneralAndAdministrativeExpenses": 245500000,
        "otherExpenses": -700000,
        "operatingExpenses": 245500000,
        "costAndExpenses": 421100000,
        "interestIncome": 800000,
        "interestExpense": 12200000,
        "depreciationAndAmortization": 700000,
        "ebitda": 84200000,
        "ebitdaratio": 0.1664360546,
        "operatingIncome": 84200000,
        "operatingIncomeRatio": 0.1664360546,
        "totalOtherIncomeExpensesNet": -12100000,
        "incomeBeforeTax": 72100000,
        "incomeBeforeTaxRatio": 0.1425182842,
        "incomeTaxExpense": 54800000,
        "netIncome": 17300000,
        "netIncomeRatio": 0.0341964815,
        "eps": 0.36,
        "epsdiluted": 0.35,
        "weightedAverageShsOut": 48055556,
        "weightedAverageShsOutDil": 48800000,
        "link": "https://www.sec.gov/Archives/edgar/data/1008654/000100865419000013/0001008654-19-000013-index.htm",
        "finalLink": "https://www.sec.gov/Archives/edgar/data/1008654/000100865419000013/tup10k122918.htm"
    },
    {
        "date": "2018-09-29",
        "symbol": "TUP",
        "reportedCurrency": "USD",
        "cik": "0001008654",
        "fillingDate": "2018-11-02",
        "acceptedDate": "2018-11-02 13:58:03",
        "calendarYear": "2018",
        "period": "Q3",
        "revenue": 485800000,
        "costOfRevenue": 164100000,
        "grossProfit": 321700000,
        "grossProfitRatio": 0.6622066694,
        "researchAndDevelopmentExpenses": 0,
        "generalAndAdministrativeExpenses": 147500000,
        "sellingAndMarketingExpenses": 105500000,
        "sellingGeneralAndAdministrativeExpenses": 253000000,
        "otherExpenses": 600000,
        "operatingExpenses": 253000000,
        "costAndExpenses": 417100000,
        "interestIncome": 600000,
        "interestExpense": 11300000,
        "depreciationAndAmortization": 2700000,
        "ebitda": 82700000,
        "ebitdaratio": 0.1702346645,
        "operatingIncome": 67200000,
        "operatingIncomeRatio": 0.1383285303,
        "totalOtherIncomeExpensesNet": -10100000,
        "incomeBeforeTax": 57100000,
        "incomeBeforeTaxRatio": 0.1175380815,
        "incomeTaxExpense": 18000000,
        "netIncome": 39100000,
        "netIncomeRatio": 0.0804857966,
        "eps": 0.79,
        "epsdiluted": 0.79,
        "weightedAverageShsOut": 49300000,
        "weightedAverageShsOutDil": 49400000,
        "link": "https://www.sec.gov/Archives/edgar/data/1008654/000100865418000031/0001008654-18-000031-index.htm",
        "finalLink": "https://www.sec.gov/Archives/edgar/data/1008654/000100865418000031/tup10q092918.htm"
    },
    {
        "date": "2018-06-30",
        "symbol": "TUP",
        "reportedCurrency": "USD",
        "cik": "0001008654",
        "fillingDate": "2018-07-31",
        "acceptedDate": "2018-07-31 15:24:54",
        "calendarYear": "2018",
        "period": "Q2",
        "revenue": 535400000,
        "costOfRevenue": 173500000,
        "grossProfit": 361900000,
        "grossProfitRatio": 0.67594322,
        "researchAndDevelopmentExpenses": 0,
        "generalAndAdministrativeExpenses": 154300000,
        "sellingAndMarketingExpenses": 118500000,
        "sellingGeneralAndAdministrativeExpenses": 272800000,
        "otherExpenses": 400000,
        "operatingExpenses": 272800000,
        "costAndExpenses": 446300000,
        "interestIncome": 700000,
        "interestExpense": 11900000,
        "depreciationAndAmortization": -9200000,
        "ebitda": 114900000,
        "ebitdaratio": 0.2146059021,
        "operatingIncome": 99400000,
        "operatingIncomeRatio": 0.1856555846,
        "totalOtherIncomeExpensesNet": -10800000,
        "incomeBeforeTax": 88600000,
        "incomeBeforeTaxRatio": 0.1654837505,
        "incomeTaxExpense": 24800000,
        "netIncome": 63800000,
        "netIncomeRatio": 0.1191632424,
        "eps": 1.26,
        "epsdiluted": 1.26,
        "weightedAverageShsOut": 50500000,
        "weightedAverageShsOutDil": 50700000,
        "link": "https://www.sec.gov/Archives/edgar/data/1008654/000100865418000023/0001008654-18-000023-index.htm",
        "finalLink": "https://www.sec.gov/Archives/edgar/data/1008654/000100865418000023/tup10q063018.htm"
    },
    {
        "date": "2018-03-31",
        "symbol": "TUP",
        "reportedCurrency": "USD",
        "cik": "0001008654",
        "fillingDate": "2018-05-01",
        "acceptedDate": "2018-05-01 10:27:04",
        "calendarYear": "2018",
        "period": "Q1",
        "revenue": 542600000,
        "costOfRevenue": 179000000,
        "grossProfit": 363600000,
        "grossProfitRatio": 0.6701068927,
        "researchAndDevelopmentExpenses": 0,
        "generalAndAdministrativeExpenses": 253400000,
        "sellingAndMarketingExpenses": 35800000,
        "sellingGeneralAndAdministrativeExpenses": 289200000,
        "otherExpenses": -200000,
        "operatingExpenses": 289200000,
        "costAndExpenses": 468200000,
        "interestIncome": 700000,
        "interestExpense": 11100000,
        "depreciationAndAmortization": 5900000,
        "ebitda": 85000000,
        "ebitdaratio": 0.1566531515,
        "operatingIncome": 69000000,
        "operatingIncomeRatio": 0.1271654994,
        "totalOtherIncomeExpensesNet": -10600000,
        "incomeBeforeTax": 58400000,
        "incomeBeforeTaxRatio": 0.10762993,
        "incomeTaxExpense": 22700000,
        "netIncome": 35700000,
        "netIncomeRatio": 0.0657943236,
        "eps": 0.7,
        "epsdiluted": 0.7,
        "weightedAverageShsOut": 51100000,
        "weightedAverageShsOutDil": 51300000,
        "link": "https://www.sec.gov/Archives/edgar/data/1008654/000100865418000012/0001008654-18-000012-index.htm",
        "finalLink": "https://www.sec.gov/Archives/edgar/data/1008654/000100865418000012/tup10q033118.htm"
    },
    {
        "date": "2017-12-30",
        "symbol": "TUP",
        "reportedCurrency": "USD",
        "cik": "0001008654",
        "fillingDate": "2018-02-27",
        "acceptedDate": "2018-02-27 14:19:04",
        "calendarYear": "2017",
        "period": "Q4",
        "revenue": 588600000,
        "costOfRevenue": 201600000,
        "grossProfit": 387000000,
        "grossProfitRatio": 0.6574923547,
        "researchAndDevelopmentExpenses": 22100000,
        "generalAndAdministrativeExpenses": 151600000,
        "sellingAndMarketingExpenses": 128200000,
        "sellingGeneralAndAdministrativeExpenses": 279800000,
        "otherExpenses": 800000,
        "operatingExpenses": 279800000,
        "costAndExpenses": 481400000,
        "interestIncome": 900000,
        "interestExpense": 11400000,
        "depreciationAndAmortization": 15200000,
        "ebitda": 103800000,
        "ebitdaratio": 0.1763506626,
        "operatingIncome": 86900000,
        "operatingIncomeRatio": 0.1476384642,
        "totalOtherIncomeExpensesNet": -9700000,
        "incomeBeforeTax": 77200000,
        "incomeBeforeTaxRatio": 0.1311586816,
        "incomeTaxExpense": 403700000,
        "netIncome": -326500000,
        "netIncomeRatio": -0.5547060822,
        "eps": -6.41,
        "epsdiluted": -6.4,
        "weightedAverageShsOut": 50936037,
        "weightedAverageShsOutDil": 51000000,
        "link": "https://www.sec.gov/Archives/edgar/data/1008654/000100865418000006/0001008654-18-000006-index.htm",
        "finalLink": "https://www.sec.gov/Archives/edgar/data/1008654/000100865418000006/tup10k123017.htm"
    },
    {
        "date": "2017-09-30",
        "symbol": "TUP",
        "reportedCurrency": "USD",
        "cik": "0001008654",
        "fillingDate": "2017-10-31",
        "acceptedDate": "2017-10-31 14:21:41",
        "calendarYear": "2017",
        "period": "Q3",
        "revenue": 539500000,
        "costOfRevenue": 182700000,
        "grossProfit": 356800000,
        "grossProfitRatio": 0.6613531047,
        "researchAndDevelopmentExpenses": 0,
        "generalAndAdministrativeExpenses": 162500000,
        "sellingAndMarketingExpenses": 121400000,
        "sellingGeneralAndAdministrativeExpenses": 283900000,
        "otherExpenses": -900000,
        "operatingExpenses": 283900000,
        "costAndExpenses": 466600000,
        "interestIncome": 800000,
        "interestExpense": 11500000,
        "depreciationAndAmortization": 15600000,
        "ebitda": 89100000,
        "ebitdaratio": 0.1651529194,
        "operatingIncome": 68000000,
        "operatingIncomeRatio": 0.1260426321,
        "totalOtherIncomeExpensesNet": -11600000,
        "incomeBeforeTax": 56400000,
        "incomeBeforeTaxRatio": 0.1045412419,
        "incomeTaxExpense": 25000000,
        "netIncome": 31400000,
        "netIncomeRatio": 0.0582020389,
        "eps": 0.62,
        "epsdiluted": 0.61,
        "weightedAverageShsOut": 50900000,
        "weightedAverageShsOutDil": 51300000,
        "link": "https://www.sec.gov/Archives/edgar/data/1008654/000100865417000031/0001008654-17-000031-index.htm",
        "finalLink": "https://www.sec.gov/Archives/edgar/data/1008654/000100865417000031/tup10q093017.htm"
    },
    {
        "date": "2017-07-01",
        "symbol": "TUP",
        "reportedCurrency": "USD",
        "cik": "0001008654",
        "fillingDate": "2017-08-01",
        "acceptedDate": "2017-08-01 14:11:13",
        "calendarYear": "2017",
        "period": "Q2",
        "revenue": 572900000,
        "costOfRevenue": 182600000,
        "grossProfit": 390300000,
        "grossProfitRatio": 0.6812707279,
        "researchAndDevelopmentExpenses": 0,
        "generalAndAdministrativeExpenses": 263800000,
        "sellingAndMarketingExpenses": 35700000,
        "sellingGeneralAndAdministrativeExpenses": 299500000,
        "otherExpenses": -200000,
        "operatingExpenses": 299500000,
        "costAndExpenses": 482100000,
        "interestIncome": 700000,
        "interestExpense": 11600000,
        "depreciationAndAmortization": 15100000,
        "ebitda": -1600000,
        "ebitdaratio": -0.0027928085,
        "operatingIncome": -1600000,
        "operatingIncomeRatio": -0.0027928085,
        "totalOtherIncomeExpensesNet": -11100000,
        "incomeBeforeTax": -12700000,
        "incomeBeforeTaxRatio": -0.0221679176,
        "incomeTaxExpense": 5000000,
        "netIncome": -17700000,
        "netIncomeRatio": -0.0308954442,
        "eps": -0.35,
        "epsdiluted": -0.35,
        "weightedAverageShsOut": 50571428,
        "weightedAverageShsOutDil": 50800000,
        "link": "https://www.sec.gov/Archives/edgar/data/1008654/000100865417000026/0001008654-17-000026-index.htm",
        "finalLink": "https://www.sec.gov/Archives/edgar/data/1008654/000100865417000026/tup10q070117.htm"
    },
    {
        "date": "2017-04-01",
        "symbol": "TUP",
        "reportedCurrency": "USD",
        "cik": "0001008654",
        "fillingDate": "2017-05-02",
        "acceptedDate": "2017-05-02 13:41:13",
        "calendarYear": "2017",
        "period": "Q1",
        "revenue": 554800000,
        "costOfRevenue": 177700000,
        "grossProfit": 377100000,
        "grossProfitRatio": 0.679704398,
        "researchAndDevelopmentExpenses": 0,
        "generalAndAdministrativeExpenses": 264300000,
        "sellingAndMarketingExpenses": 34800000,
        "sellingGeneralAndAdministrativeExpenses": 299100000,
        "otherExpenses": -500000,
        "operatingExpenses": 299100000,
        "costAndExpenses": 476800000,
        "interestIncome": 500000,
        "interestExpense": 11600000,
        "depreciationAndAmortization": 14600000,
        "ebitda": 91000000,
        "ebitdaratio": 0.1640230714,
        "operatingIncome": 75800000,
        "operatingIncomeRatio": 0.1366258111,
        "totalOtherIncomeExpensesNet": -11600000,
        "incomeBeforeTax": 64200000,
        "incomeBeforeTaxRatio": 0.1157173756,
        "incomeTaxExpense": 16800000,
        "netIncome": 47400000,
        "netIncomeRatio": 0.0854361932,
        "eps": 0.94,
        "epsdiluted": 0.93,
        "weightedAverageShsOut": 50700000,
        "weightedAverageShsOutDil": 51000000,
        "link": "https://www.sec.gov/Archives/edgar/data/1008654/000100865417000014/0001008654-17-000014-index.htm",
        "finalLink": "https://www.sec.gov/Archives/edgar/data/1008654/000100865417000014/tup10q040117.htm"
    },
    {
        "date": "2016-12-31",
        "symbol": "TUP",
        "reportedCurrency": "USD",
        "cik": "0001008654",
        "fillingDate": "2017-02-28",
        "acceptedDate": "2017-02-28 15:59:25",
        "calendarYear": "2016",
        "period": "Q4",
        "revenue": 600900000,
        "costOfRevenue": 196700000,
        "grossProfit": 404200000,
        "grossProfitRatio": 0.6726576801,
        "researchAndDevelopmentExpenses": 25200000,
        "generalAndAdministrativeExpenses": 253500000,
        "sellingAndMarketingExpenses": 46200000,
        "sellingGeneralAndAdministrativeExpenses": 299700000,
        "otherExpenses": 700000,
        "operatingExpenses": 299700000,
        "costAndExpenses": 496400000,
        "interestIncome": 1100000,
        "interestExpense": 12700000,
        "depreciationAndAmortization": 13700000,
        "ebitda": 120000000,
        "ebitdaratio": 0.1997004493,
        "operatingIncome": 104500000,
        "operatingIncomeRatio": 0.173905808,
        "totalOtherIncomeExpensesNet": -10900000,
        "incomeBeforeTax": 93600000,
        "incomeBeforeTaxRatio": 0.1557663505,
        "incomeTaxExpense": 14600000,
        "netIncome": 79000000,
        "netIncomeRatio": 0.1314694625,
        "eps": 1.56,
        "epsdiluted": 1.55,
        "weightedAverageShsOut": 50641026,
        "weightedAverageShsOutDil": 50800000,
        "link": "https://www.sec.gov/Archives/edgar/data/1008654/000100865417000010/0001008654-17-000010-index.htm",
        "finalLink": "https://www.sec.gov/Archives/edgar/data/1008654/000100865417000010/tup10k123116.htm"
    },
    {
        "date": "2016-09-24",
        "symbol": "TUP",
        "reportedCurrency": "USD",
        "cik": "0001008654",
        "fillingDate": "2016-10-25",
        "acceptedDate": "2016-10-25 14:34:24",
        "calendarYear": "2016",
        "period": "Q3",
        "revenue": 521800000,
        "costOfRevenue": 168400000,
        "grossProfit": 353400000,
        "grossProfitRatio": 0.6772709851,
        "researchAndDevelopmentExpenses": 0,
        "generalAndAdministrativeExpenses": 251600000,
        "sellingAndMarketingExpenses": 32600000,
        "sellingGeneralAndAdministrativeExpenses": 284200000,
        "otherExpenses": 300000,
        "operatingExpenses": 284200000,
        "costAndExpenses": 452600000,
        "interestIncome": 800000,
        "interestExpense": 12800000,
        "depreciationAndAmortization": 13600000,
        "ebitda": 105700000,
        "ebitdaratio": 0.2025680337,
        "operatingIncome": 91000000,
        "operatingIncomeRatio": 0.1743963204,
        "totalOtherIncomeExpensesNet": -11700000,
        "incomeBeforeTax": 79300000,
        "incomeBeforeTaxRatio": 0.1519739364,
        "incomeTaxExpense": 30500000,
        "netIncome": 48800000,
        "netIncomeRatio": 0.0935224224,
        "eps": 0.97,
        "epsdiluted": 0.96,
        "weightedAverageShsOut": 50500000,
        "weightedAverageShsOutDil": 50800000,
        "link": "https://www.sec.gov/Archives/edgar/data/1008654/000100865416000052/0001008654-16-000052-index.htm",
        "finalLink": "https://www.sec.gov/Archives/edgar/data/1008654/000100865416000052/tup10q92416.htm"
    },
    {
        "date": "2016-06-25",
        "symbol": "TUP",
        "reportedCurrency": "USD",
        "cik": "0001008654",
        "fillingDate": "2016-07-29",
        "acceptedDate": "2016-07-29 15:06:04",
        "calendarYear": "2016",
        "period": "Q2",
        "revenue": 564700000,
        "costOfRevenue": 183900000,
        "grossProfit": 380800000,
        "grossProfitRatio": 0.6743403577,
        "researchAndDevelopmentExpenses": 0,
        "generalAndAdministrativeExpenses": 263400000,
        "sellingAndMarketingExpenses": 34800000,
        "sellingGeneralAndAdministrativeExpenses": 298200000,
        "otherExpenses": -900000,
        "operatingExpenses": 298200000,
        "costAndExpenses": 482100000,
        "interestIncome": 800000,
        "interestExpense": 11200000,
        "depreciationAndAmortization": 15300000,
        "ebitda": 96700000,
        "ebitdaratio": 0.1712413671,
        "operatingIncome": 81500000,
        "operatingIncomeRatio": 0.14432442,
        "totalOtherIncomeExpensesNet": -11300000,
        "incomeBeforeTax": 70200000,
        "incomeBeforeTaxRatio": 0.1243137949,
        "incomeTaxExpense": 17800000,
        "netIncome": 52400000,
        "netIncomeRatio": 0.0927926333,
        "eps": 1.04,
        "epsdiluted": 1.03,
        "weightedAverageShsOut": 50500000,
        "weightedAverageShsOutDil": 50700000,
        "link": "https://www.sec.gov/Archives/edgar/data/1008654/000100865416000046/0001008654-16-000046-index.htm",
        "finalLink": "https://www.sec.gov/Archives/edgar/data/1008654/000100865416000046/tup10q62516.htm"
    },
    {
        "date": "2016-03-26",
        "symbol": "TUP",
        "reportedCurrency": "USD",
        "cik": "0001008654",
        "fillingDate": "2016-05-02",
        "acceptedDate": "2016-05-02 12:02:59",
        "calendarYear": "2016",
        "period": "Q1",
        "revenue": 525700000,
        "costOfRevenue": 166000000,
        "grossProfit": 359700000,
        "grossProfitRatio": 0.6842305497,
        "researchAndDevelopmentExpenses": 0,
        "generalAndAdministrativeExpenses": 257000000,
        "sellingAndMarketingExpenses": 31700000,
        "sellingGeneralAndAdministrativeExpenses": 288700000,
        "otherExpenses": -400000,
        "operatingExpenses": 288700000,
        "costAndExpenses": 454700000,
        "interestIncome": 700000,
        "interestExpense": 12100000,
        "depreciationAndAmortization": 14900000,
        "ebitda": 85200000,
        "ebitdaratio": 0.1620696215,
        "operatingIncome": 70000000,
        "operatingIncomeRatio": 0.1331557923,
        "totalOtherIncomeExpensesNet": -11800000,
        "incomeBeforeTax": 58200000,
        "incomeBeforeTaxRatio": 0.1107095302,
        "incomeTaxExpense": 14800000,
        "netIncome": 43400000,
        "netIncomeRatio": 0.0825565912,
        "eps": 0.86,
        "epsdiluted": 0.86,
        "weightedAverageShsOut": 50400000,
        "weightedAverageShsOutDil": 50600000,
        "link": "https://www.sec.gov/Archives/edgar/data/1008654/000100865416000039/0001008654-16-000039-index.htm",
        "finalLink": "https://www.sec.gov/Archives/edgar/data/1008654/000100865416000039/tup10q32616.htm"
    },
    {
        "date": "2015-12-26",
        "symbol": "TUP",
        "reportedCurrency": "USD",
        "cik": "0001008654",
        "fillingDate": "2016-03-04",
        "acceptedDate": "2016-03-04 16:17:17",
        "calendarYear": "2015",
        "period": "Q4",
        "revenue": 592100000,
        "costOfRevenue": 191200000,
        "grossProfit": 400900000,
        "grossProfitRatio": 0.6770815741,
        "researchAndDevelopmentExpenses": 23800000,
        "generalAndAdministrativeExpenses": 256100000,
        "sellingAndMarketingExpenses": 49500000,
        "sellingGeneralAndAdministrativeExpenses": 305600000,
        "otherExpenses": -1500000,
        "operatingExpenses": 305600000,
        "costAndExpenses": 496800000,
        "interestIncome": 900000,
        "interestExpense": 11000000,
        "depreciationAndAmortization": 15800000,
        "ebitda": 46100000,
        "ebitdaratio": 0.0778584699,
        "operatingIncome": 93300000,
        "operatingIncomeRatio": 0.157574734,
        "totalOtherIncomeExpensesNet": -11600000,
        "incomeBeforeTax": 81700000,
        "incomeBeforeTaxRatio": 0.1379834487,
        "incomeTaxExpense": 23600000,
        "netIncome": 58100000,
        "netIncomeRatio": 0.0981253167,
        "eps": 1.16,
        "epsdiluted": 1.15,
        "weightedAverageShsOut": 50086207,
        "weightedAverageShsOutDil": 50500000,
        "link": "https://www.sec.gov/Archives/edgar/data/1008654/000100865416000035/0001008654-16-000035-index.htm",
        "finalLink": "https://www.sec.gov/Archives/edgar/data/1008654/000100865416000035/tup10k122615.htm"
    },
    {
        "date": "2015-09-26",
        "symbol": "TUP",
        "reportedCurrency": "USD",
        "cik": "0001008654",
        "fillingDate": "2015-11-03",
        "acceptedDate": "2015-11-03 15:16:11",
        "calendarYear": "2015",
        "period": "Q3",
        "revenue": 521000000,
        "costOfRevenue": 172500000,
        "grossProfit": 348500000,
        "grossProfitRatio": 0.6689059501,
        "researchAndDevelopmentExpenses": 0,
        "generalAndAdministrativeExpenses": 255800000,
        "sellingAndMarketingExpenses": 32700000,
        "sellingGeneralAndAdministrativeExpenses": 288500000,
        "otherExpenses": -300000,
        "operatingExpenses": 288500000,
        "costAndExpenses": 461000000,
        "interestIncome": 500000,
        "interestExpense": 11300000,
        "depreciationAndAmortization": 15600000,
        "ebitda": 77500000,
        "ebitdaratio": 0.1487523992,
        "operatingIncome": 61700000,
        "operatingIncomeRatio": 0.1184261036,
        "totalOtherIncomeExpensesNet": -11100000,
        "incomeBeforeTax": 50600000,
        "incomeBeforeTaxRatio": 0.0971209213,
        "incomeTaxExpense": 14400000,
        "netIncome": 36200000,
        "netIncomeRatio": 0.0694817658,
        "eps": 0.72,
        "epsdiluted": 0.72,
        "weightedAverageShsOut": 49900000,
        "weightedAverageShsOutDil": 50300000,
        "link": "https://www.sec.gov/Archives/edgar/data/1008654/000100865415000024/0001008654-15-000024-index.htm",
        "finalLink": "https://www.sec.gov/Archives/edgar/data/1008654/000100865415000024/tup10q92615.htm"
    },
    {
        "date": "2015-06-27",
        "symbol": "TUP",
        "reportedCurrency": "USD",
        "cik": "0001008654",
        "fillingDate": "2015-08-04",
        "acceptedDate": "2015-08-04 16:08:38",
        "calendarYear": "2015",
        "period": "Q2",
        "revenue": 588900000,
        "costOfRevenue": 189100000,
        "grossProfit": 399800000,
        "grossProfitRatio": 0.6788928511,
        "researchAndDevelopmentExpenses": 0,
        "generalAndAdministrativeExpenses": 274300000,
        "sellingAndMarketingExpenses": 35800000,
        "sellingGeneralAndAdministrativeExpenses": 310100000,
        "otherExpenses": -1100000,
        "operatingExpenses": 310100000,
        "costAndExpenses": 499200000,
        "interestIncome": 500000,
        "interestExpense": 12000000,
        "depreciationAndAmortization": 15600000,
        "ebitda": 114000000,
        "ebitdaratio": 0.1935812532,
        "operatingIncome": 99000000,
        "operatingIncomeRatio": 0.1681100357,
        "totalOtherIncomeExpensesNet": -12600000,
        "incomeBeforeTax": 86400000,
        "incomeBeforeTaxRatio": 0.1467142129,
        "incomeTaxExpense": 24400000,
        "netIncome": 62000000,
        "netIncomeRatio": 0.1052810324,
        "eps": 1.24,
        "epsdiluted": 1.23,
        "weightedAverageShsOut": 49800000,
        "weightedAverageShsOutDil": 50400000,
        "link": "https://www.sec.gov/Archives/edgar/data/1008654/000100865415000016/0001008654-15-000016-index.htm",
        "finalLink": "https://www.sec.gov/Archives/edgar/data/1008654/000100865415000016/tup10q62715.htm"
    },
    {
        "date": "2015-03-28",
        "symbol": "TUP",
        "reportedCurrency": "USD",
        "cik": "0001008654",
        "fillingDate": "2015-05-05",
        "acceptedDate": "2015-05-05 14:23:32",
        "calendarYear": "2015",
        "period": "Q1",
        "revenue": 581800000,
        "costOfRevenue": 191600000,
        "grossProfit": 390200000,
        "grossProfitRatio": 0.6706772087,
        "researchAndDevelopmentExpenses": 0,
        "generalAndAdministrativeExpenses": 278700000,
        "sellingAndMarketingExpenses": 34700000,
        "sellingGeneralAndAdministrativeExpenses": 313400000,
        "otherExpenses": 0,
        "operatingExpenses": 313400000,
        "costAndExpenses": 505000000,
        "interestIncome": 500000,
        "interestExpense": 13300000,
        "depreciationAndAmortization": 15400000,
        "ebitda": 69900000,
        "ebitdaratio": 0.1201443795,
        "operatingIncome": 61200000,
        "operatingIncomeRatio": 0.1051907872,
        "totalOtherIncomeExpensesNet": -20000000,
        "incomeBeforeTax": 41200000,
        "incomeBeforeTaxRatio": 0.070814713,
        "incomeTaxExpense": 11700000,
        "netIncome": 29500000,
        "netIncomeRatio": 0.0507047095,
        "eps": 0.59,
        "epsdiluted": 0.59,
        "weightedAverageShsOut": 49700000,
        "weightedAverageShsOutDil": 50300000,
        "link": "https://www.sec.gov/Archives/edgar/data/1008654/000100865415000008/0001008654-15-000008-index.htm",
        "finalLink": "https://www.sec.gov/Archives/edgar/data/1008654/000100865415000008/tup10q32815.htm"
    },
    {
        "date": "2014-12-27",
        "symbol": "TUP",
        "reportedCurrency": "USD",
        "cik": "0001008654",
        "fillingDate": "2015-02-24",
        "acceptedDate": "2015-02-24 16:34:22",
        "calendarYear": "2014",
        "period": "Q4",
        "revenue": 679900000,
        "costOfRevenue": 227500000,
        "grossProfit": 452400000,
        "grossProfitRatio": 0.6653919694,
        "researchAndDevelopmentExpenses": 23700000,
        "generalAndAdministrativeExpenses": 271600000,
        "sellingAndMarketingExpenses": 59700000,
        "sellingGeneralAndAdministrativeExpenses": 331300000,
        "otherExpenses": 300000,
        "operatingExpenses": 331300000,
        "costAndExpenses": 558800000,
        "interestIncome": 1000000,
        "interestExpense": 10600000,
        "depreciationAndAmortization": 16000000,
        "ebitda": 72400000,
        "ebitdaratio": 0.106486248,
        "operatingIncome": 118800000,
        "operatingIncomeRatio": 0.1747315782,
        "totalOtherIncomeExpensesNet": -9300000,
        "incomeBeforeTax": 109500000,
        "incomeBeforeTaxRatio": 0.161053096,
        "incomeTaxExpense": 27200000,
        "netIncome": 82300000,
        "netIncomeRatio": 0.1210472128,
        "eps": 1.65,
        "epsdiluted": 1.63,
        "weightedAverageShsOut": 49878788,
        "weightedAverageShsOutDil": 50600000,
        "link": "https://www.sec.gov/Archives/edgar/data/1008654/000100865415000004/0001008654-15-000004-index.htm",
        "finalLink": "https://www.sec.gov/Archives/edgar/data/1008654/000100865415000004/tup10k122714.htm"
    },
    {
        "date": "2014-09-27",
        "symbol": "TUP",
        "reportedCurrency": "USD",
        "cik": "0001008654",
        "fillingDate": "2014-11-04",
        "acceptedDate": "2014-11-04 14:42:16",
        "calendarYear": "2014",
        "period": "Q3",
        "revenue": 588700000,
        "costOfRevenue": 209200000,
        "grossProfit": 379500000,
        "grossProfitRatio": 0.6446407338,
        "researchAndDevelopmentExpenses": 0,
        "generalAndAdministrativeExpenses": 284900000,
        "sellingAndMarketingExpenses": 36800000,
        "sellingGeneralAndAdministrativeExpenses": 321700000,
        "otherExpenses": 0,
        "operatingExpenses": 321700000,
        "costAndExpenses": 530900000,
        "interestIncome": 800000,
        "interestExpense": 11900000,
        "depreciationAndAmortization": 16100000,
        "ebitda": 75900000,
        "ebitdaratio": 0.1289281468,
        "operatingIncome": 55200000,
        "operatingIncomeRatio": 0.0937659249,
        "totalOtherIncomeExpensesNet": -7300000,
        "incomeBeforeTax": 47900000,
        "incomeBeforeTaxRatio": 0.0813657211,
        "incomeTaxExpense": 15600000,
        "netIncome": 32300000,
        "netIncomeRatio": 0.0548666553,
        "eps": 0.64,
        "epsdiluted": 0.63,
        "weightedAverageShsOut": 50200000,
        "weightedAverageShsOutDil": 51000000,
        "link": "https://www.sec.gov/Archives/edgar/data/1008654/000100865414000016/0001008654-14-000016-index.htm",
        "finalLink": "https://www.sec.gov/Archives/edgar/data/1008654/000100865414000016/tup10q92714.htm"
    },
    {
        "date": "2014-06-28",
        "symbol": "TUP",
        "reportedCurrency": "USD",
        "cik": "0001008654",
        "fillingDate": "2014-08-05",
        "acceptedDate": "2014-08-05 15:48:30",
        "calendarYear": "2014",
        "period": "Q2",
        "revenue": 674300000,
        "costOfRevenue": 225700000,
        "grossProfit": 448600000,
        "grossProfitRatio": 0.6652825152,
        "researchAndDevelopmentExpenses": 0,
        "generalAndAdministrativeExpenses": 307300000,
        "sellingAndMarketingExpenses": 41300000,
        "sellingGeneralAndAdministrativeExpenses": 348600000,
        "otherExpenses": 0,
        "operatingExpenses": 348600000,
        "costAndExpenses": 574300000,
        "interestIncome": 500000,
        "interestExpense": 11600000,
        "depreciationAndAmortization": 15900000,
        "ebitda": 97500000,
        "ebitdaratio": 0.1445943942,
        "operatingIncome": 97100000,
        "operatingIncomeRatio": 0.1440011864,
        "totalOtherIncomeExpensesNet": -27100000,
        "incomeBeforeTax": 70000000,
        "incomeBeforeTaxRatio": 0.1038113599,
        "incomeTaxExpense": 22400000,
        "netIncome": 47600000,
        "netIncomeRatio": 0.0705917248,
        "eps": 0.95,
        "epsdiluted": 0.93,
        "weightedAverageShsOut": 50200000,
        "weightedAverageShsOutDil": 51100000,
        "link": "https://www.sec.gov/Archives/edgar/data/1008654/000100865414000010/0001008654-14-000010-index.htm",
        "finalLink": "https://www.sec.gov/Archives/edgar/data/1008654/000100865414000010/tup10q62814.htm"
    },
    {
        "date": "2014-03-29",
        "symbol": "TUP",
        "reportedCurrency": "USD",
        "cik": "0001008654",
        "fillingDate": "2014-05-06",
        "acceptedDate": "2014-05-06 16:31:28",
        "calendarYear": "2014",
        "period": "Q1",
        "revenue": 663200000,
        "costOfRevenue": 221600000,
        "grossProfit": 441600000,
        "grossProfitRatio": 0.6658624849,
        "researchAndDevelopmentExpenses": 0,
        "generalAndAdministrativeExpenses": 305800000,
        "sellingAndMarketingExpenses": 38700000,
        "sellingGeneralAndAdministrativeExpenses": 344500000,
        "otherExpenses": 0,
        "operatingExpenses": 344500000,
        "costAndExpenses": 566100000,
        "interestIncome": 700000,
        "interestExpense": 12400000,
        "depreciationAndAmortization": 15700000,
        "ebitda": 98900000,
        "ebitdaratio": 0.1491254524,
        "operatingIncome": 96600000,
        "operatingIncomeRatio": 0.1456574186,
        "totalOtherIncomeExpensesNet": -25800000,
        "incomeBeforeTax": 70800000,
        "incomeBeforeTaxRatio": 0.1067551267,
        "incomeTaxExpense": 18600000,
        "netIncome": 52200000,
        "netIncomeRatio": 0.0787092883,
        "eps": 1.04,
        "epsdiluted": 1.02,
        "weightedAverageShsOut": 50200000,
        "weightedAverageShsOutDil": 51100000,
        "link": "https://www.sec.gov/Archives/edgar/data/1008654/000100865414000006/0001008654-14-000006-index.htm",
        "finalLink": "https://www.sec.gov/Archives/edgar/data/1008654/000100865414000006/tup10q32914.htm"
    },
    {
        "date": "2013-12-28",
        "symbol": "TUP",
        "reportedCurrency": "USD",
        "cik": "0001008654",
        "fillingDate": "2014-02-25",
        "acceptedDate": "2014-02-25 16:36:57",
        "calendarYear": "2013",
        "period": "Q4",
        "revenue": 717100000,
        "costOfRevenue": 241400000,
        "grossProfit": 475700000,
        "grossProfitRatio": 0.6633663366,
        "researchAndDevelopmentExpenses": 24500000,
        "generalAndAdministrativeExpenses": 278700000,
        "sellingAndMarketingExpenses": 67800000,
        "sellingGeneralAndAdministrativeExpenses": 346500000,
        "otherExpenses": -500000,
        "operatingExpenses": 346500000,
        "costAndExpenses": 587900000,
        "interestIncome": 700000,
        "interestExpense": 10700000,
        "depreciationAndAmortization": 16300000,
        "ebitda": 143100000,
        "ebitdaratio": 0.1995537582,
        "operatingIncome": 126600000,
        "operatingIncomeRatio": 0.176544415,
        "totalOtherIncomeExpensesNet": -10500000,
        "incomeBeforeTax": 116100000,
        "incomeBeforeTaxRatio": 0.1619021057,
        "incomeTaxExpense": 26400000,
        "netIncome": 89700000,
        "netIncomeRatio": 0.1250871566,
        "eps": 1.78,
        "epsdiluted": 1.74,
        "weightedAverageShsOut": 50393258,
        "weightedAverageShsOutDil": 51500000,
        "link": "https://www.sec.gov/Archives/edgar/data/1008654/000100865414000004/0001008654-14-000004-index.htm",
        "finalLink": "https://www.sec.gov/Archives/edgar/data/1008654/000100865414000004/tup10k122813.htm"
    },
    {
        "date": "2013-09-28",
        "symbol": "TUP",
        "reportedCurrency": "USD",
        "cik": "0001008654",
        "fillingDate": "2013-11-07",
        "acceptedDate": "2013-11-07 16:31:04",
        "calendarYear": "2013",
        "period": "Q3",
        "revenue": 603200000,
        "costOfRevenue": 199600000,
        "grossProfit": 403600000,
        "grossProfitRatio": 0.6690981432,
        "researchAndDevelopmentExpenses": 0,
        "generalAndAdministrativeExpenses": 289200000,
        "sellingAndMarketingExpenses": 36200000,
        "sellingGeneralAndAdministrativeExpenses": 325400000,
        "otherExpenses": -1500000,
        "operatingExpenses": 325400000,
        "costAndExpenses": 525000000,
        "interestIncome": 600000,
        "interestExpense": 10300000,
        "depreciationAndAmortization": 13700000,
        "ebitda": 89200000,
        "ebitdaratio": 0.1478779841,
        "operatingIncome": 76400000,
        "operatingIncomeRatio": 0.1266578249,
        "totalOtherIncomeExpensesNet": -11200000,
        "incomeBeforeTax": 65200000,
        "incomeBeforeTaxRatio": 0.1080901857,
        "incomeTaxExpense": 15300000,
        "netIncome": 49900000,
        "netIncomeRatio": 0.0827254642,
        "eps": 0.97,
        "epsdiluted": 0.95,
        "weightedAverageShsOut": 51200000,
        "weightedAverageShsOutDil": 52400000,
        "link": "https://www.sec.gov/Archives/edgar/data/1008654/000100865413000020/0001008654-13-000020-index.htm",
        "finalLink": "https://www.sec.gov/Archives/edgar/data/1008654/000100865413000020/tup10q92813.htm"
    },
    {
        "date": "2013-06-29",
        "symbol": "TUP",
        "reportedCurrency": "USD",
        "cik": "0001008654",
        "fillingDate": "2013-08-06",
        "acceptedDate": "2013-08-06 15:00:03",
        "calendarYear": "2013",
        "period": "Q2",
        "revenue": 688400000,
        "costOfRevenue": 226000000,
        "grossProfit": 462400000,
        "grossProfitRatio": 0.6717024985,
        "researchAndDevelopmentExpenses": 0,
        "generalAndAdministrativeExpenses": 308900000,
        "sellingAndMarketingExpenses": 40400000,
        "sellingGeneralAndAdministrativeExpenses": 349300000,
        "otherExpenses": -700000,
        "operatingExpenses": 349300000,
        "costAndExpenses": 575300000,
        "interestIncome": 700000,
        "interestExpense": 10300000,
        "depreciationAndAmortization": 12700000,
        "ebitda": 123800000,
        "ebitdaratio": 0.1798373039,
        "operatingIncome": 111100000,
        "operatingIncomeRatio": 0.1613887275,
        "totalOtherIncomeExpensesNet": -10300000,
        "incomeBeforeTax": 100800000,
        "incomeBeforeTaxRatio": 0.1464264962,
        "incomeTaxExpense": 24500000,
        "netIncome": 76300000,
        "netIncomeRatio": 0.1108367228,
        "eps": 1.46,
        "epsdiluted": 1.43,
        "weightedAverageShsOut": 52400000,
        "weightedAverageShsOutDil": 53500000,
        "link": "https://www.sec.gov/Archives/edgar/data/1008654/000100865413000016/0001008654-13-000016-index.htm",
        "finalLink": "https://www.sec.gov/Archives/edgar/data/1008654/000100865413000016/tup10q62913.htm"
    },
    {
        "date": "2013-03-30",
        "symbol": "TUP",
        "reportedCurrency": "USD",
        "cik": "0001008654",
        "fillingDate": "2013-05-07",
        "acceptedDate": "2013-05-07 14:35:09",
        "calendarYear": "2013",
        "period": "Q1",
        "revenue": 662900000,
        "costOfRevenue": 222800000,
        "grossProfit": 440100000,
        "grossProfitRatio": 0.6639010409,
        "researchAndDevelopmentExpenses": 0,
        "generalAndAdministrativeExpenses": 310500000,
        "sellingAndMarketingExpenses": 38000000,
        "sellingGeneralAndAdministrativeExpenses": 348500000,
        "otherExpenses": -2900000,
        "operatingExpenses": 348500000,
        "costAndExpenses": 571300000,
        "interestIncome": 600000,
        "interestExpense": 8900000,
        "depreciationAndAmortization": 12100000,
        "ebitda": 99200000,
        "ebitdaratio": 0.1496454971,
        "operatingIncome": 89400000,
        "operatingIncomeRatio": 0.1348619701,
        "totalOtherIncomeExpensesNet": -11200000,
        "incomeBeforeTax": 78200000,
        "incomeBeforeTaxRatio": 0.1179665108,
        "incomeTaxExpense": 20000000,
        "netIncome": 58200000,
        "netIncomeRatio": 0.0877960477,
        "eps": 1.09,
        "epsdiluted": 1.06,
        "weightedAverageShsOut": 53600000,
        "weightedAverageShsOutDil": 54700000,
        "link": "https://www.sec.gov/Archives/edgar/data/1008654/000100865413000010/0001008654-13-000010-index.htm",
        "finalLink": "https://www.sec.gov/Archives/edgar/data/1008654/000100865413000010/tup10q33013.htm"
    },
    {
        "date": "2012-12-29",
        "symbol": "TUP",
        "reportedCurrency": "USD",
        "cik": "0001008654",
        "fillingDate": "2013-02-26",
        "acceptedDate": "2013-02-26 17:22:08",
        "calendarYear": "2012",
        "period": "Q4",
        "revenue": 711000000,
        "costOfRevenue": 237100000,
        "grossProfit": 473900000,
        "grossProfitRatio": 0.6665260197,
        "researchAndDevelopmentExpenses": 22400000,
        "generalAndAdministrativeExpenses": 272900000,
        "sellingAndMarketingExpenses": 70500000,
        "sellingGeneralAndAdministrativeExpenses": 343400000,
        "otherExpenses": -1200000,
        "operatingExpenses": 343400000,
        "costAndExpenses": 580500000,
        "interestIncome": 600000,
        "interestExpense": 7900000,
        "depreciationAndAmortization": 13100000,
        "ebitda": 74900000,
        "ebitdaratio": 0.1053445851,
        "operatingIncome": 112000000,
        "operatingIncomeRatio": 0.1575246132,
        "totalOtherIncomeExpensesNet": -8500000,
        "incomeBeforeTax": 103500000,
        "incomeBeforeTaxRatio": 0.1455696203,
        "incomeTaxExpense": 29000000,
        "netIncome": 74500000,
        "netIncomeRatio": 0.1047819972,
        "eps": 1.37,
        "epsdiluted": 1.34,
        "weightedAverageShsOut": 54379562,
        "weightedAverageShsOutDil": 55600000,
        "link": "https://www.sec.gov/Archives/edgar/data/1008654/000100865413000008/0001008654-13-000008-index.htm",
        "finalLink": "https://www.sec.gov/Archives/edgar/data/1008654/000100865413000008/tup10k122912.htm"
    },
    {
        "date": "2012-09-29",
        "symbol": "TUP",
        "reportedCurrency": "USD",
        "cik": "0001008654",
        "fillingDate": "2012-11-06",
        "acceptedDate": "2012-11-06 16:16:03",
        "calendarYear": "2012",
        "period": "Q3",
        "revenue": 594400000,
        "costOfRevenue": 199500000,
        "grossProfit": 394900000,
        "grossProfitRatio": 0.6643674293,
        "researchAndDevelopmentExpenses": 0,
        "generalAndAdministrativeExpenses": 0,
        "sellingAndMarketingExpenses": 0,
        "sellingGeneralAndAdministrativeExpenses": 318000000,
        "otherExpenses": 0,
        "operatingExpenses": 318000000,
        "costAndExpenses": 517500000,
        "interestIncome": 600000,
        "interestExpense": 8500000,
        "depreciationAndAmortization": 12500000,
        "ebitda": 88300000,
        "ebitdaratio": 0.1485531629,
        "operatingIncome": 75200000,
        "operatingIncomeRatio": 0.1265141319,
        "totalOtherIncomeExpensesNet": -7900000,
        "incomeBeforeTax": 67300000,
        "incomeBeforeTaxRatio": 0.1132234186,
        "incomeTaxExpense": 19800000,
        "netIncome": 47500000,
        "netIncomeRatio": 0.0799125168,
        "eps": 0.8605072463768116,
        "epsdiluted": 0.8451957295373665,
        "weightedAverageShsOut": 55200000,
        "weightedAverageShsOutDil": 56200000,
        "link": "https://www.sec.gov/Archives/edgar/data/1008654/000100865412000017/0001008654-12-000017-index.htm",
        "finalLink": "https://www.sec.gov/Archives/edgar/data/1008654/000100865412000017/tup10q92912.htm"
    },
    {
        "date": "2012-06-30",
        "symbol": "TUP",
        "reportedCurrency": "USD",
        "cik": "0001008654",
        "fillingDate": "2012-08-07",
        "acceptedDate": "2012-08-07 16:18:03",
        "calendarYear": "2012",
        "period": "Q2",
        "revenue": 638900000,
        "costOfRevenue": 206700000,
        "grossProfit": 432200000,
        "grossProfitRatio": 0.6764751917,
        "researchAndDevelopmentExpenses": 0,
        "generalAndAdministrativeExpenses": 291500000,
        "sellingAndMarketingExpenses": 37000000,
        "sellingGeneralAndAdministrativeExpenses": 328500000,
        "otherExpenses": -7500000,
        "operatingExpenses": 321000000,
        "costAndExpenses": 527700000,
        "interestIncome": 600000,
        "interestExpense": 8700000,
        "depreciationAndAmortization": 11900000,
        "ebitda": 45300000,
        "ebitdaratio": 0.0709031147,
        "operatingIncome": 33200000,
        "operatingIncomeRatio": 0.0519643137,
        "totalOtherIncomeExpensesNet": -8500000,
        "incomeBeforeTax": 24700000,
        "incomeBeforeTaxRatio": 0.0386601972,
        "incomeTaxExpense": 12000000,
        "netIncome": 12700000,
        "netIncomeRatio": 0.0198779152,
        "eps": 0.23,
        "epsdiluted": 0.22,
        "weightedAverageShsOut": 55500000,
        "weightedAverageShsOutDil": 56500000,
        "link": "https://www.sec.gov/Archives/edgar/data/1008654/000100865412000015/0001008654-12-000015-index.htm",
        "finalLink": "https://www.sec.gov/Archives/edgar/data/1008654/000100865412000015/tup10q63012.htm"
    },
    {
        "date": "2012-03-31",
        "symbol": "TUP",
        "reportedCurrency": "USD",
        "cik": "0001008654",
        "fillingDate": "2012-05-08",
        "acceptedDate": "2012-05-08 15:11:39",
        "calendarYear": "2012",
        "period": "Q1",
        "revenue": 639500000,
        "costOfRevenue": 213100000,
        "grossProfit": 426400000,
        "grossProfitRatio": 0.6667709148,
        "researchAndDevelopmentExpenses": 0,
        "generalAndAdministrativeExpenses": 302200000,
        "sellingAndMarketingExpenses": 37400000,
        "sellingGeneralAndAdministrativeExpenses": 339600000,
        "otherExpenses": -400000,
        "operatingExpenses": 339400000,
        "costAndExpenses": 552500000,
        "interestIncome": 700000,
        "interestExpense": 9800000,
        "depreciationAndAmortization": 12100000,
        "ebitda": 99200000,
        "ebitdaratio": 0.1551211884,
        "operatingIncome": 86100000,
        "operatingIncomeRatio": 0.1346364347,
        "totalOtherIncomeExpensesNet": -8800000,
        "incomeBeforeTax": 77300000,
        "incomeBeforeTaxRatio": 0.1208756841,
        "incomeTaxExpense": 19000000,
        "netIncome": 58300000,
        "netIncomeRatio": 0.0911649726,
        "eps": 1.04,
        "epsdiluted": 1.02,
        "weightedAverageShsOut": 55900000,
        "weightedAverageShsOutDil": 57100000,
        "link": "https://www.sec.gov/Archives/edgar/data/1008654/000100865412000011/0001008654-12-000011-index.htm",
        "finalLink": "https://www.sec.gov/Archives/edgar/data/1008654/000100865412000011/tup10q33112.htm"
    },
    {
        "date": "2011-12-31",
        "symbol": "TUP",
        "reportedCurrency": "USD",
        "cik": "0001008654",
        "fillingDate": "2012-02-28",
        "acceptedDate": "2012-02-28 16:11:57",
        "calendarYear": "2011",
        "period": "Q4",
        "revenue": 676100000,
        "costOfRevenue": 226300000,
        "grossProfit": 449800000,
        "grossProfitRatio": 0.6652862003,
        "researchAndDevelopmentExpenses": 0,
        "generalAndAdministrativeExpenses": 0,
        "sellingAndMarketingExpenses": 0,
        "sellingGeneralAndAdministrativeExpenses": 327700000,
        "otherExpenses": 0,
        "operatingExpenses": 327700000,
        "costAndExpenses": 554000000,
        "interestIncome": 700000,
        "interestExpense": 7900000,
        "depreciationAndAmortization": 11500000,
        "ebitda": 83800000,
        "ebitdaratio": 0.1239461618,
        "operatingIncome": 122000000,
        "operatingIncomeRatio": 0.1804466795,
        "totalOtherIncomeExpensesNet": -7800000,
        "incomeBeforeTax": 114200000,
        "incomeBeforeTaxRatio": 0.1689099246,
        "incomeTaxExpense": 27300000,
        "netIncome": 86900000,
        "netIncomeRatio": 0.1285312824,
        "eps": 1.55,
        "epsdiluted": 1.52,
        "weightedAverageShsOut": 56057692,
        "weightedAverageShsOutDil": 57100000,
        "link": "https://www.sec.gov/Archives/edgar/data/1008654/000100865412000005/0001008654-12-000005-index.htm",
        "finalLink": "https://www.sec.gov/Archives/edgar/data/1008654/000100865412000005/tup10k123111.htm"
    },
    {
        "date": "2011-10-01",
        "symbol": "TUP",
        "reportedCurrency": "USD",
        "cik": "0001008654",
        "fillingDate": "2011-11-08",
        "acceptedDate": "2011-11-08 15:08:58",
        "calendarYear": "2011",
        "period": "Q3",
        "revenue": 602600000,
        "costOfRevenue": 201700000,
        "grossProfit": 400900000,
        "grossProfitRatio": 0.6652837703,
        "researchAndDevelopmentExpenses": 0,
        "generalAndAdministrativeExpenses": 0,
        "sellingAndMarketingExpenses": 0,
        "sellingGeneralAndAdministrativeExpenses": 328700000,
        "otherExpenses": 0,
        "operatingExpenses": 328700000,
        "costAndExpenses": 530400000,
        "interestIncome": 800000,
        "interestExpense": 8000000,
        "depreciationAndAmortization": 12500000,
        "ebitda": 46500000,
        "ebitdaratio": 0.0771656157,
        "operatingIncome": 33900000,
        "operatingIncomeRatio": 0.056256223,
        "totalOtherIncomeExpensesNet": -7900000,
        "incomeBeforeTax": 26000000,
        "incomeBeforeTaxRatio": 0.0431463657,
        "incomeTaxExpense": 15500000,
        "netIncome": 10500000,
        "netIncomeRatio": 0.0174244939,
        "eps": 0.17766497461928935,
        "epsdiluted": 0.17355371900826447,
        "weightedAverageShsOut": 59100000,
        "weightedAverageShsOutDil": 60500000,
        "link": "https://www.sec.gov/Archives/edgar/data/1008654/000100865411000026/0001008654-11-000026-index.htm",
        "finalLink": "https://www.sec.gov/Archives/edgar/data/1008654/000100865411000026/tup10q10111.htm"
    },
    {
        "date": "2011-07-02",
        "symbol": "TUP",
        "reportedCurrency": "USD",
        "cik": "0001008654",
        "fillingDate": "2011-08-09",
        "acceptedDate": "2011-08-09 16:35:12",
        "calendarYear": "2011",
        "period": "Q2",
        "revenue": 669900000,
        "costOfRevenue": 219600000,
        "grossProfit": 450300000,
        "grossProfitRatio": 0.6721898791,
        "researchAndDevelopmentExpenses": 0,
        "generalAndAdministrativeExpenses": 0,
        "sellingAndMarketingExpenses": 0,
        "sellingGeneralAndAdministrativeExpenses": 344200000,
        "otherExpenses": 0,
        "operatingExpenses": 343500000,
        "costAndExpenses": 563100000,
        "interestIncome": 800000,
        "interestExpense": 25600000,
        "depreciationAndAmortization": 13000000,
        "ebitda": 119700000,
        "ebitdaratio": 0.1786833856,
        "operatingIncome": 105700000,
        "operatingIncomeRatio": 0.157784744,
        "totalOtherIncomeExpensesNet": -24600000,
        "incomeBeforeTax": 81100000,
        "incomeBeforeTaxRatio": 0.1210628452,
        "incomeTaxExpense": 16000000,
        "netIncome": 65100000,
        "netIncomeRatio": 0.0971786834,
        "eps": 1.05,
        "epsdiluted": 1.03,
        "weightedAverageShsOut": 61700000,
        "weightedAverageShsOutDil": 63100000,
        "link": "https://www.sec.gov/Archives/edgar/data/1008654/000100865411000015/0001008654-11-000015-index.htm",
        "finalLink": "https://www.sec.gov/Archives/edgar/data/1008654/000100865411000015/tup10q7211.htm"
    },
    {
        "date": "2011-04-02",
        "symbol": "TUP",
        "reportedCurrency": "USD",
        "cik": "0001008654",
        "fillingDate": "2011-05-10",
        "acceptedDate": "2011-05-10 16:57:06",
        "calendarYear": "2011",
        "period": "Q1",
        "revenue": 636400000,
        "costOfRevenue": 214900000,
        "grossProfit": 421500000,
        "grossProfitRatio": 0.662319296,
        "researchAndDevelopmentExpenses": 0,
        "generalAndAdministrativeExpenses": 0,
        "sellingAndMarketingExpenses": 0,
        "sellingGeneralAndAdministrativeExpenses": 339400000,
        "otherExpenses": 0,
        "operatingExpenses": 339400000,
        "costAndExpenses": 554300000,
        "interestIncome": 900000,
        "interestExpense": 7500000,
        "depreciationAndAmortization": 12800000,
        "ebitda": 83000000,
        "ebitdaratio": 0.1304211188,
        "operatingIncome": 80700000,
        "operatingIncomeRatio": 0.1268070396,
        "totalOtherIncomeExpensesNet": -6700000,
        "incomeBeforeTax": 74000000,
        "incomeBeforeTaxRatio": 0.1162790698,
        "incomeTaxExpense": 18200000,
        "netIncome": 55800000,
        "netIncomeRatio": 0.087680704,
        "eps": 0.9,
        "epsdiluted": 0.88,
        "weightedAverageShsOut": 62300000,
        "weightedAverageShsOutDil": 63500000,
        "link": "https://www.sec.gov/Archives/edgar/data/1008654/000144530511000873/0001445305-11-000873-index.htm",
        "finalLink": "https://www.sec.gov/Archives/edgar/data/1008654/000144530511000873/tup10q4211.htm"
    },
    {
        "date": "2010-12-25",
        "symbol": "TUP",
        "reportedCurrency": "USD",
        "cik": "0001008654",
        "fillingDate": "2011-02-22",
        "acceptedDate": "2011-02-22 17:05:07",
        "calendarYear": "2010",
        "period": "Q4",
        "revenue": 655000000,
        "costOfRevenue": 223600000,
        "grossProfit": 431400000,
        "grossProfitRatio": 0.6586259542,
        "researchAndDevelopmentExpenses": 0,
        "generalAndAdministrativeExpenses": 0,
        "sellingAndMarketingExpenses": 0,
        "sellingGeneralAndAdministrativeExpenses": 306400000,
        "otherExpenses": 200000,
        "operatingExpenses": 306600000,
        "costAndExpenses": 530200000,
        "interestIncome": 800000,
        "interestExpense": 7700000,
        "depreciationAndAmortization": 12700000,
        "ebitda": 80600000,
        "ebitdaratio": 0.1230534351,
        "operatingIncome": 117100000,
        "operatingIncomeRatio": 0.178778626,
        "totalOtherIncomeExpensesNet": -7200000,
        "incomeBeforeTax": 109900000,
        "incomeBeforeTaxRatio": 0.1677862595,
        "incomeTaxExpense": 29200000,
        "netIncome": 80700000,
        "netIncomeRatio": 0.1232061069,
        "eps": 1.3,
        "epsdiluted": 1.27,
        "weightedAverageShsOut": 62000000,
        "weightedAverageShsOutDil": 63409091,
        "link": "https://www.sec.gov/Archives/edgar/data/1008654/000119312511042252/0001193125-11-042252-index.htm",
        "finalLink": "https://www.sec.gov/Archives/edgar/data/1008654/000119312511042252/d10k.htm"
    },
    {
        "date": "2010-09-25",
        "symbol": "TUP",
        "reportedCurrency": "USD",
        "cik": "0001008654",
        "fillingDate": "2010-11-02",
        "acceptedDate": "2010-11-02 11:48:51",
        "calendarYear": "2010",
        "period": "Q3",
        "revenue": 523200000,
        "costOfRevenue": 176800000,
        "grossProfit": 346400000,
        "grossProfitRatio": 0.6620795107,
        "researchAndDevelopmentExpenses": 0,
        "generalAndAdministrativeExpenses": 0,
        "sellingAndMarketingExpenses": 0,
        "sellingGeneralAndAdministrativeExpenses": 284600000,
        "otherExpenses": -200000,
        "operatingExpenses": 284800000,
        "costAndExpenses": 461600000,
        "interestIncome": 600000,
        "interestExpense": 7100000,
        "depreciationAndAmortization": 12200000,
        "ebitda": 72400000,
        "ebitdaratio": 0.1383792049,
        "operatingIncome": 61600000,
        "operatingIncomeRatio": 0.1177370031,
        "totalOtherIncomeExpensesNet": -8500000,
        "incomeBeforeTax": 53100000,
        "incomeBeforeTaxRatio": 0.1014908257,
        "incomeTaxExpense": 13200000,
        "netIncome": 39900000,
        "netIncomeRatio": 0.0762614679,
        "eps": 0.64,
        "epsdiluted": 0.62,
        "weightedAverageShsOut": 62600000,
        "weightedAverageShsOutDil": 63800000,
        "link": "https://www.sec.gov/Archives/edgar/data/1008654/000119312510243869/0001193125-10-243869-index.htm",
        "finalLink": "https://www.sec.gov/Archives/edgar/data/1008654/000119312510243869/d10q.htm"
    },
    {
        "date": "2010-06-26",
        "symbol": "TUP",
        "reportedCurrency": "USD",
        "cik": "0001008654",
        "fillingDate": "2010-08-04",
        "acceptedDate": "2010-08-04 11:21:19",
        "calendarYear": "2010",
        "period": "Q2",
        "revenue": 565100000,
        "costOfRevenue": 181600000,
        "grossProfit": 383500000,
        "grossProfitRatio": 0.6786409485,
        "researchAndDevelopmentExpenses": 0,
        "generalAndAdministrativeExpenses": 0,
        "sellingAndMarketingExpenses": 0,
        "sellingGeneralAndAdministrativeExpenses": 301400000,
        "otherExpenses": 0,
        "operatingExpenses": 301400000,
        "costAndExpenses": 483000000,
        "interestIncome": 700000,
        "interestExpense": 7100000,
        "depreciationAndAmortization": 12200000,
        "ebitda": 93000000,
        "ebitdaratio": 0.164572642,
        "operatingIncome": 80100000,
        "operatingIncomeRatio": 0.1417448239,
        "totalOtherIncomeExpensesNet": -6400000,
        "incomeBeforeTax": 73700000,
        "incomeBeforeTaxRatio": 0.1304193948,
        "incomeTaxExpense": 15800000,
        "netIncome": 57900000,
        "netIncomeRatio": 0.1024597416,
        "eps": 0.92,
        "epsdiluted": 0.9,
        "weightedAverageShsOut": 62600000,
        "weightedAverageShsOutDil": 63900000,
        "link": "https://www.sec.gov/Archives/edgar/data/1008654/000119312510176567/0001193125-10-176567-index.htm",
        "finalLink": "https://www.sec.gov/Archives/edgar/data/1008654/000119312510176567/d10q.htm"
    },
    {
        "date": "2010-03-27",
        "symbol": "TUP",
        "reportedCurrency": "USD",
        "cik": "0001008654",
        "fillingDate": "2010-05-04",
        "acceptedDate": "2010-05-04 14:43:22",
        "calendarYear": "2010",
        "period": "Q1",
        "revenue": 557100000,
        "costOfRevenue": 184200000,
        "grossProfit": 372900000,
        "grossProfitRatio": 0.6693591815,
        "researchAndDevelopmentExpenses": 0,
        "generalAndAdministrativeExpenses": 0,
        "sellingAndMarketingExpenses": 0,
        "sellingGeneralAndAdministrativeExpenses": 300700000,
        "otherExpenses": 0,
        "operatingExpenses": 300700000,
        "costAndExpenses": 484900000,
        "interestIncome": 400000,
        "interestExpense": 7400000,
        "depreciationAndAmortization": 12600000,
        "ebitda": 83000000,
        "ebitdaratio": 0.1489858194,
        "operatingIncome": 70600000,
        "operatingIncomeRatio": 0.126727697,
        "totalOtherIncomeExpensesNet": -7600000,
        "incomeBeforeTax": 63000000,
        "incomeBeforeTaxRatio": 0.113085622,
        "incomeTaxExpense": 15900000,
        "netIncome": 47100000,
        "netIncomeRatio": 0.084544965,
        "eps": 0.75,
        "epsdiluted": 0.73,
        "weightedAverageShsOut": 62500000,
        "weightedAverageShsOutDil": 63900000,
        "link": "https://www.sec.gov/Archives/edgar/data/1008654/000119312510106289/0001193125-10-106289-index.htm",
        "finalLink": "https://www.sec.gov/Archives/edgar/data/1008654/000119312510106289/d10q.htm"
    },
    {
        "date": "2009-12-26",
        "symbol": "TUP",
        "reportedCurrency": "USD",
        "cik": "0001008654",
        "fillingDate": "2010-02-23",
        "acceptedDate": "2010-02-23 15:32:26",
        "calendarYear": "2009",
        "period": "Q4",
        "revenue": 626000000,
        "costOfRevenue": 210100000,
        "grossProfit": 415900000,
        "grossProfitRatio": 0.6643769968,
        "researchAndDevelopmentExpenses": 0,
        "generalAndAdministrativeExpenses": 0,
        "sellingAndMarketingExpenses": 0,
        "sellingGeneralAndAdministrativeExpenses": 301700000,
        "otherExpenses": 11800000,
        "operatingExpenses": 313500000,
        "costAndExpenses": 523600000,
        "interestIncome": 300000,
        "interestExpense": 7800000,
        "depreciationAndAmortization": 14000000,
        "ebitda": 83600000,
        "ebitdaratio": 0.1335463259,
        "operatingIncome": 124500000,
        "operatingIncomeRatio": 0.1988817891,
        "totalOtherIncomeExpensesNet": -11000000,
        "incomeBeforeTax": 113500000,
        "incomeBeforeTaxRatio": 0.1813099042,
        "incomeTaxExpense": 29300000,
        "netIncome": 84200000,
        "netIncomeRatio": 0.1345047923,
        "eps": 1.34,
        "epsdiluted": 1.32,
        "weightedAverageShsOut": 62800000,
        "weightedAverageShsOutDil": 63900000,
        "link": "https://www.sec.gov/Archives/edgar/data/1008654/000119312510037512/0001193125-10-037512-index.htm",
        "finalLink": "https://www.sec.gov/Archives/edgar/data/1008654/000119312510037512/d10k.htm"
    },
    {
        "date": "2009-09-26",
        "symbol": "TUP",
        "reportedCurrency": "USD",
        "cik": "0001008654",
        "fillingDate": "2009-11-03",
        "acceptedDate": "2009-11-03 16:27:27",
        "calendarYear": "2009",
        "period": "Q3",
        "revenue": 514000000,
        "costOfRevenue": 172400000,
        "grossProfit": 341600000,
        "grossProfitRatio": 0.6645914397,
        "researchAndDevelopmentExpenses": 0,
        "generalAndAdministrativeExpenses": 0,
        "sellingAndMarketingExpenses": 0,
        "sellingGeneralAndAdministrativeExpenses": 284400000,
        "otherExpenses": 0,
        "operatingExpenses": 284400000,
        "costAndExpenses": 456800000,
        "interestIncome": 800000,
        "interestExpense": 8400000,
        "depreciationAndAmortization": 13500000,
        "ebitda": 64200000,
        "ebitdaratio": 0.1249027237,
        "operatingIncome": 54800000,
        "operatingIncomeRatio": 0.106614786,
        "totalOtherIncomeExpensesNet": -12500000,
        "incomeBeforeTax": 42300000,
        "incomeBeforeTaxRatio": 0.0822957198,
        "incomeTaxExpense": 10000000,
        "netIncome": 32300000,
        "netIncomeRatio": 0.0628404669,
        "eps": 0.52,
        "epsdiluted": 0.5,
        "weightedAverageShsOut": 62500000,
        "weightedAverageShsOutDil": 64000000,
        "link": "https://www.sec.gov/Archives/edgar/data/1008654/000119312509222136/0001193125-09-222136-index.htm",
        "finalLink": "https://www.sec.gov/Archives/edgar/data/1008654/000119312509222136/d10q.htm"
    },
    {
        "date": "2009-06-27",
        "symbol": "TUP",
        "reportedCurrency": "USD",
        "cik": "0001008654",
        "fillingDate": "2009-08-04",
        "acceptedDate": "2009-08-04 13:34:15",
        "calendarYear": "2009",
        "period": "Q2",
        "revenue": 524700000,
        "costOfRevenue": 175900000,
        "grossProfit": 348800000,
        "grossProfitRatio": 0.6647608157,
        "researchAndDevelopmentExpenses": 0,
        "generalAndAdministrativeExpenses": 0,
        "sellingAndMarketingExpenses": 0,
        "sellingGeneralAndAdministrativeExpenses": 274200000,
        "otherExpenses": 10100000,
        "operatingExpenses": 284300000,
        "costAndExpenses": 460200000,
        "interestIncome": 1100000,
        "interestExpense": 7300000,
        "depreciationAndAmortization": 12600000,
        "ebitda": 68900000,
        "ebitdaratio": 0.1313131313,
        "operatingIncome": 55200000,
        "operatingIncomeRatio": 0.1052029731,
        "totalOtherIncomeExpensesNet": -6200000,
        "incomeBeforeTax": 49000000,
        "incomeBeforeTaxRatio": 0.0933866972,
        "incomeTaxExpense": 15900000,
        "netIncome": 33100000,
        "netIncomeRatio": 0.0630836669,
        "eps": 0.53,
        "epsdiluted": 0.52,
        "weightedAverageShsOut": 62200000,
        "weightedAverageShsOutDil": 63000000,
        "link": "https://www.sec.gov/Archives/edgar/data/1008654/000119312509163534/0001193125-09-163534-index.htm",
        "finalLink": "https://www.sec.gov/Archives/edgar/data/1008654/000119312509163534/d10q.htm"
    },
    {
        "date": "2009-03-28",
        "symbol": "TUP",
        "reportedCurrency": "USD",
        "cik": "0001008654",
        "fillingDate": "2009-05-06",
        "acceptedDate": "2009-05-06 10:29:26",
        "calendarYear": "2009",
        "period": "Q1",
        "revenue": 462800000,
        "costOfRevenue": 160100000,
        "grossProfit": 302700000,
        "grossProfitRatio": 0.6540622299,
        "researchAndDevelopmentExpenses": 0,
        "generalAndAdministrativeExpenses": 0,
        "sellingAndMarketingExpenses": 0,
        "sellingGeneralAndAdministrativeExpenses": 258800000,
        "otherExpenses": 0,
        "operatingExpenses": 258800000,
        "costAndExpenses": 418900000,
        "interestIncome": 700000,
        "interestExpense": 8100000,
        "depreciationAndAmortization": 11600000,
        "ebitda": 52000000,
        "ebitdaratio": 0.1123595506,
        "operatingIncome": 41200000,
        "operatingIncomeRatio": 0.0890233362,
        "totalOtherIncomeExpensesNet": -8900000,
        "incomeBeforeTax": 32300000,
        "incomeBeforeTaxRatio": 0.069792567,
        "incomeTaxExpense": 6700000,
        "netIncome": 25600000,
        "netIncomeRatio": 0.055315471,
        "eps": 0.41,
        "epsdiluted": 0.41,
        "weightedAverageShsOut": 62200000,
        "weightedAverageShsOutDil": 62500000,
        "link": "https://www.sec.gov/Archives/edgar/data/1008654/000119312509100987/0001193125-09-100987-index.htm",
        "finalLink": "https://www.sec.gov/Archives/edgar/data/1008654/000119312509100987/d10q.htm"
    },
    {
        "date": "2008-12-27",
        "symbol": "TUP",
        "reportedCurrency": "USD",
        "cik": "0001008654",
        "fillingDate": "2009-02-25",
        "acceptedDate": "2009-02-25 08:05:06",
        "calendarYear": "2008",
        "period": "Q4",
        "revenue": 521700000,
        "costOfRevenue": 183900000,
        "grossProfit": 337800000,
        "grossProfitRatio": 0.6474985624,
        "researchAndDevelopmentExpenses": 0,
        "generalAndAdministrativeExpenses": 0,
        "sellingAndMarketingExpenses": 0,
        "sellingGeneralAndAdministrativeExpenses": 261600000,
        "otherExpenses": 11800000,
        "operatingExpenses": 273400000,
        "costAndExpenses": 457300000,
        "interestIncome": 0,
        "interestExpense": 41700000,
        "depreciationAndAmortization": 13200000,
        "ebitda": 109400000,
        "ebitdaratio": 0.2096990608,
        "operatingIncome": 96200000,
        "operatingIncomeRatio": 0.1843971631,
        "totalOtherIncomeExpensesNet": -12600000,
        "incomeBeforeTax": 83600000,
        "incomeBeforeTaxRatio": 0.1602453517,
        "incomeTaxExpense": 17800000,
        "netIncome": 65800000,
        "netIncomeRatio": 0.1261261261,
        "eps": 1.06,
        "epsdiluted": 1.05,
        "weightedAverageShsOut": 62200000,
        "weightedAverageShsOutDil": 62500000,
        "link": "https://www.sec.gov/Archives/edgar/data/1008654/000119312509036814/0001193125-09-036814-index.htm",
        "finalLink": "https://www.sec.gov/Archives/edgar/data/1008654/000119312509036814/d10k.htm"
    },
    {
        "date": "2008-09-27",
        "symbol": "TUP",
        "reportedCurrency": "USD",
        "cik": "0001008654",
        "fillingDate": "2008-11-04",
        "acceptedDate": "2008-11-04 12:52:21",
        "calendarYear": "2008",
        "period": "Q3",
        "revenue": 513100000,
        "costOfRevenue": 186100000,
        "grossProfit": 327000000,
        "grossProfitRatio": 0.63730267,
        "researchAndDevelopmentExpenses": 0,
        "generalAndAdministrativeExpenses": 0,
        "sellingAndMarketingExpenses": 0,
        "sellingGeneralAndAdministrativeExpenses": 284800000,
        "otherExpenses": -1000000,
        "operatingExpenses": 283800000,
        "costAndExpenses": 469900000,
        "interestIncome": 800000,
        "interestExpense": 10300000,
        "depreciationAndAmortization": 15100000,
        "ebitda": 57900000,
        "ebitdaratio": 0.1128435003,
        "operatingIncome": 43200000,
        "operatingIncomeRatio": 0.0841941142,
        "totalOtherIncomeExpensesNet": -10700000,
        "incomeBeforeTax": 32500000,
        "incomeBeforeTaxRatio": 0.0633404794,
        "incomeTaxExpense": 5000000,
        "netIncome": 27500000,
        "netIncomeRatio": 0.0535957903,
        "eps": 0.44,
        "epsdiluted": 0.43,
        "weightedAverageShsOut": 61600000,
        "weightedAverageShsOutDil": 63300000,
        "link": "https://www.sec.gov/Archives/edgar/data/1008654/000119312508224051/0001193125-08-224051-index.htm",
        "finalLink": "https://www.sec.gov/Archives/edgar/data/1008654/000119312508224051/d10q.htm"
    },
    {
        "date": "2008-06-28",
        "symbol": "TUP",
        "reportedCurrency": "USD",
        "cik": "0001008654",
        "fillingDate": "2008-08-05",
        "acceptedDate": "2008-08-05 16:41:15",
        "calendarYear": "2008",
        "period": "Q2",
        "revenue": 583600000,
        "costOfRevenue": 199300000,
        "grossProfit": 384300000,
        "grossProfitRatio": 0.6584989719,
        "researchAndDevelopmentExpenses": 0,
        "generalAndAdministrativeExpenses": 0,
        "sellingAndMarketingExpenses": 0,
        "sellingGeneralAndAdministrativeExpenses": 316800000,
        "otherExpenses": 8400000,
        "operatingExpenses": 325200000,
        "costAndExpenses": 524500000,
        "interestIncome": 0,
        "interestExpense": 0,
        "depreciationAndAmortization": 16300000,
        "ebitda": 75400000,
        "ebitdaratio": 0.1291980809,
        "operatingIncome": 55600000,
        "operatingIncomeRatio": 0.0952707334,
        "totalOtherIncomeExpensesNet": -9400000,
        "incomeBeforeTax": 46200000,
        "incomeBeforeTaxRatio": 0.0791638108,
        "incomeTaxExpense": 10200000,
        "netIncome": 36000000,
        "netIncomeRatio": 0.0616860864,
        "eps": 0.59,
        "epsdiluted": 0.56,
        "weightedAverageShsOut": 61600000,
        "weightedAverageShsOutDil": 63600000,
        "link": "https://www.sec.gov/Archives/edgar/data/1008654/000119312508166555/0001193125-08-166555-index.htm",
        "finalLink": "https://www.sec.gov/Archives/edgar/data/1008654/000119312508166555/d10q.htm"
    },
    {
        "date": "2008-03-29",
        "symbol": "TUP",
        "reportedCurrency": "USD",
        "cik": "0001008654",
        "fillingDate": "2008-05-06",
        "acceptedDate": "2008-05-06 16:34:16",
        "calendarYear": "2008",
        "period": "Q1",
        "revenue": 543400000,
        "costOfRevenue": 194800000,
        "grossProfit": 348600000,
        "grossProfitRatio": 0.6415163784,
        "researchAndDevelopmentExpenses": 0,
        "generalAndAdministrativeExpenses": 0,
        "sellingAndMarketingExpenses": 0,
        "sellingGeneralAndAdministrativeExpenses": 297800000,
        "otherExpenses": 2200000,
        "operatingExpenses": 300000000,
        "costAndExpenses": 494800000,
        "interestIncome": 0,
        "interestExpense": 0,
        "depreciationAndAmortization": 16000000,
        "ebitda": 48600000,
        "ebitdaratio": 0.0894368789,
        "operatingIncome": 48600000,
        "operatingIncomeRatio": 0.0894368789,
        "totalOtherIncomeExpensesNet": -9000000,
        "incomeBeforeTax": 39600000,
        "incomeBeforeTaxRatio": 0.0728744939,
        "incomeTaxExpense": 7500000,
        "netIncome": 32100000,
        "netIncomeRatio": 0.0590725064,
        "eps": 0.52,
        "epsdiluted": 0.51,
        "weightedAverageShsOut": 61200000,
        "weightedAverageShsOutDil": 63100000,
        "link": "https://www.sec.gov/Archives/edgar/data/1008654/000119312508104146/0001193125-08-104146-index.htm",
        "finalLink": "https://www.sec.gov/Archives/edgar/data/1008654/000119312508104146/d10q.htm"
    },
    {
        "date": "2007-12-29",
        "symbol": "TUP",
        "reportedCurrency": "USD",
        "cik": "0001008654",
        "fillingDate": "2008-02-26",
        "acceptedDate": "2008-02-26 16:38:01",
        "calendarYear": "2007",
        "period": "Q4",
        "revenue": 576900000,
        "costOfRevenue": 205700000,
        "grossProfit": 371200000,
        "grossProfitRatio": 0.6434390709,
        "researchAndDevelopmentExpenses": 0,
        "generalAndAdministrativeExpenses": 0,
        "sellingAndMarketingExpenses": 0,
        "sellingGeneralAndAdministrativeExpenses": 292700000,
        "otherExpenses": 4000000,
        "operatingExpenses": 296700000,
        "costAndExpenses": 502400000,
        "interestIncome": 0,
        "interestExpense": 53000000,
        "depreciationAndAmortization": 16700000,
        "ebitda": 91200000,
        "ebitdaratio": 0.1580863235,
        "operatingIncome": 77700000,
        "operatingIncomeRatio": 0.1346853874,
        "totalOtherIncomeExpensesNet": -11100000,
        "incomeBeforeTax": 66600000,
        "incomeBeforeTaxRatio": 0.1154446178,
        "incomeTaxExpense": 11700000,
        "netIncome": 54900000,
        "netIncomeRatio": 0.0951638066,
        "eps": 0.9,
        "epsdiluted": 0.87,
        "weightedAverageShsOut": 61200000,
        "weightedAverageShsOutDil": 63100000,
        "link": "https://www.sec.gov/Archives/edgar/data/1008654/000119312508038755/0001193125-08-038755-index.htm",
        "finalLink": "https://www.sec.gov/Archives/edgar/data/1008654/000119312508038755/d10k.htm"
    },
    {
        "date": "2007-09-29",
        "symbol": "TUP",
        "reportedCurrency": "USD",
        "cik": "0001008654",
        "fillingDate": "2007-11-07",
        "acceptedDate": "2007-11-07 16:15:27",
        "calendarYear": "2007",
        "period": "Q3",
        "revenue": 454700000,
        "costOfRevenue": 160900000,
        "grossProfit": 293800000,
        "grossProfitRatio": 0.6461403123,
        "researchAndDevelopmentExpenses": 0,
        "generalAndAdministrativeExpenses": 0,
        "sellingAndMarketingExpenses": 0,
        "sellingGeneralAndAdministrativeExpenses": 260900000,
        "otherExpenses": 5700000,
        "operatingExpenses": 266600000,
        "costAndExpenses": 427500000,
        "interestIncome": 0,
        "interestExpense": 0,
        "depreciationAndAmortization": 22500000,
        "ebitda": 49700000,
        "ebitdaratio": 0.109302837,
        "operatingIncome": 24200000,
        "operatingIncomeRatio": 0.0532219046,
        "totalOtherIncomeExpensesNet": -19400000,
        "incomeBeforeTax": 4800000,
        "incomeBeforeTaxRatio": 0.0105564108,
        "incomeTaxExpense": -2100000,
        "netIncome": 6900000,
        "netIncomeRatio": 0.0151748406,
        "eps": 0.11,
        "epsdiluted": 0.11,
        "weightedAverageShsOut": 61100000,
        "weightedAverageShsOutDil": 62900000,
        "link": "https://www.sec.gov/Archives/edgar/data/1008654/000119312507238456/0001193125-07-238456-index.htm",
        "finalLink": "https://www.sec.gov/Archives/edgar/data/1008654/000119312507238456/d10q.htm"
    },
    {
        "date": "2007-06-30",
        "symbol": "TUP",
        "reportedCurrency": "USD",
        "cik": "0001008654",
        "fillingDate": "2007-08-02",
        "acceptedDate": "2007-08-02 17:16:40",
        "calendarYear": "2007",
        "period": "Q2",
        "revenue": 492900000,
        "costOfRevenue": 167600000,
        "grossProfit": 325300000,
        "grossProfitRatio": 0.6599715967,
        "researchAndDevelopmentExpenses": 0,
        "generalAndAdministrativeExpenses": 0,
        "sellingAndMarketingExpenses": 0,
        "sellingGeneralAndAdministrativeExpenses": 272200000,
        "otherExpenses": -2100000,
        "operatingExpenses": 270100000,
        "costAndExpenses": 437700000,
        "interestIncome": 0,
        "interestExpense": 0,
        "depreciationAndAmortization": 16600000,
        "ebitda": 71800000,
        "ebitdaratio": 0.1456684926,
        "operatingIncome": 54400000,
        "operatingIncomeRatio": 0.1103672144,
        "totalOtherIncomeExpensesNet": -10600000,
        "incomeBeforeTax": 43800000,
        "incomeBeforeTaxRatio": 0.0888618381,
        "incomeTaxExpense": 8300000,
        "netIncome": 35500000,
        "netIncomeRatio": 0.0720227227,
        "eps": 0.58,
        "epsdiluted": 0.56,
        "weightedAverageShsOut": 61100000,
        "weightedAverageShsOutDil": 62900000,
        "link": "https://www.sec.gov/Archives/edgar/data/1008654/000119312507169578/0001193125-07-169578-index.htm",
        "finalLink": "https://www.sec.gov/Archives/edgar/data/1008654/000119312507169578/d10q.htm"
    },
    {
        "date": "2007-03-31",
        "symbol": "TUP",
        "reportedCurrency": "USD",
        "cik": "0001008654",
        "fillingDate": "2007-05-10",
        "acceptedDate": "2007-05-10 12:03:51",
        "calendarYear": "2007",
        "period": "Q1",
        "revenue": 456900000,
        "costOfRevenue": 161200000,
        "grossProfit": 295700000,
        "grossProfitRatio": 0.6471875684,
        "researchAndDevelopmentExpenses": 0,
        "generalAndAdministrativeExpenses": 0,
        "sellingAndMarketingExpenses": 0,
        "sellingGeneralAndAdministrativeExpenses": 257600000,
        "otherExpenses": 300000,
        "operatingExpenses": 257900000,
        "costAndExpenses": 419100000,
        "interestIncome": 0,
        "interestExpense": 0,
        "depreciationAndAmortization": 16400000,
        "ebitda": 37800000,
        "ebitdaratio": 0.0827314511,
        "operatingIncome": 37800000,
        "operatingIncomeRatio": 0.0827314511,
        "totalOtherIncomeExpensesNet": -11600000,
        "incomeBeforeTax": 26200000,
        "incomeBeforeTaxRatio": 0.0573429634,
        "incomeTaxExpense": 6600000,
        "netIncome": 19600000,
        "netIncomeRatio": 0.0428977895,
        "eps": 0.33,
        "epsdiluted": 0.32,
        "weightedAverageShsOut": 60400000,
        "weightedAverageShsOutDil": 61900000,
        "link": "https://www.sec.gov/Archives/edgar/data/1008654/000119312507109687/0001193125-07-109687-index.htm",
        "finalLink": "https://www.sec.gov/Archives/edgar/data/1008654/000119312507109687/d10q.htm"
    },
    {
        "date": "2006-12-30",
        "symbol": "TUP",
        "reportedCurrency": "USD",
        "cik": "0001008654",
        "fillingDate": "2007-02-28",
        "acceptedDate": "2007-02-28 17:09:38",
        "calendarYear": "2006",
        "period": "Q4",
        "revenue": 486500000,
        "costOfRevenue": 174400000,
        "grossProfit": 312100000,
        "grossProfitRatio": 0.6415210689,
        "researchAndDevelopmentExpenses": 0,
        "generalAndAdministrativeExpenses": 0,
        "sellingAndMarketingExpenses": 0,
        "sellingGeneralAndAdministrativeExpenses": 254500000,
        "otherExpenses": 6100000,
        "operatingExpenses": 260600000,
        "costAndExpenses": 435000000,
        "interestIncome": 0,
        "interestExpense": 55100000,
        "depreciationAndAmortization": 22600000,
        "ebitda": 74100000,
        "ebitdaratio": 0.1523124358,
        "operatingIncome": 56300000,
        "operatingIncomeRatio": 0.1157245632,
        "totalOtherIncomeExpensesNet": -13300000,
        "incomeBeforeTax": 43000000,
        "incomeBeforeTaxRatio": 0.0883864337,
        "incomeTaxExpense": 3100000,
        "netIncome": 39900000,
        "netIncomeRatio": 0.0820143885,
        "eps": 0.66,
        "epsdiluted": 0.64,
        "weightedAverageShsOut": 60400000,
        "weightedAverageShsOutDil": 61900000,
        "link": "https://www.sec.gov/Archives/edgar/data/1008654/000119312507042789/0001193125-07-042789-index.htm",
        "finalLink": "https://www.sec.gov/Archives/edgar/data/1008654/000119312507042789/d10k.htm"
    },
    {
        "date": "2006-09-30",
        "symbol": "TUP",
        "reportedCurrency": "USD",
        "cik": "0001008654",
        "fillingDate": "2006-11-09",
        "acceptedDate": "2006-11-09 14:42:56",
        "calendarYear": "2006",
        "period": "Q3",
        "revenue": 394900000,
        "costOfRevenue": 140000000,
        "grossProfit": 254900000,
        "grossProfitRatio": 0.6454798683,
        "researchAndDevelopmentExpenses": 0,
        "generalAndAdministrativeExpenses": 0,
        "sellingAndMarketingExpenses": 0,
        "sellingGeneralAndAdministrativeExpenses": 243800000,
        "otherExpenses": -11000000,
        "operatingExpenses": 232800000,
        "costAndExpenses": 372800000,
        "interestIncome": 0,
        "interestExpense": 0,
        "depreciationAndAmortization": 19600000,
        "ebitda": 41700000,
        "ebitdaratio": 0.1055963535,
        "operatingIncome": 20000000,
        "operatingIncomeRatio": 0.0506457331,
        "totalOtherIncomeExpensesNet": -11600000,
        "incomeBeforeTax": 8400000,
        "incomeBeforeTaxRatio": 0.0212712079,
        "incomeTaxExpense": -4700000,
        "netIncome": 13100000,
        "netIncomeRatio": 0.0331729552,
        "eps": 0.22,
        "epsdiluted": 0.22,
        "weightedAverageShsOut": 60200000,
        "weightedAverageShsOutDil": 60900000,
        "link": "https://www.sec.gov/Archives/edgar/data/1008654/000119312506230111/0001193125-06-230111-index.htm",
        "finalLink": "https://www.sec.gov/Archives/edgar/data/1008654/000119312506230111/d10q.htm"
    },
    {
        "date": "2006-07-01",
        "symbol": "TUP",
        "reportedCurrency": "USD",
        "cik": "0001008654",
        "fillingDate": "2006-08-10",
        "acceptedDate": "2006-08-10 11:10:04",
        "calendarYear": "2006",
        "period": "Q2",
        "revenue": 438600000,
        "costOfRevenue": 152400000,
        "grossProfit": 286200000,
        "grossProfitRatio": 0.6525307798,
        "researchAndDevelopmentExpenses": 0,
        "generalAndAdministrativeExpenses": 0,
        "sellingAndMarketingExpenses": 0,
        "sellingGeneralAndAdministrativeExpenses": 242000000,
        "otherExpenses": 0,
        "operatingExpenses": 242000000,
        "costAndExpenses": 394400000,
        "interestIncome": 0,
        "interestExpense": 0,
        "depreciationAndAmortization": 20300000,
        "ebitda": 64500000,
        "ebitdaratio": 0.1470588235,
        "operatingIncome": 43600000,
        "operatingIncomeRatio": 0.0994072047,
        "totalOtherIncomeExpensesNet": -12000000,
        "incomeBeforeTax": 31600000,
        "incomeBeforeTaxRatio": 0.0720474236,
        "incomeTaxExpense": 6400000,
        "netIncome": 25200000,
        "netIncomeRatio": 0.0574555404,
        "eps": 0.41,
        "epsdiluted": 0.41,
        "weightedAverageShsOut": 60200000,
        "weightedAverageShsOutDil": 61200000,
        "link": "https://www.sec.gov/Archives/edgar/data/1008654/000119312506168824/0001193125-06-168824-index.htm",
        "finalLink": "https://www.sec.gov/Archives/edgar/data/1008654/000119312506168824/d10q.htm"
    },
    {
        "date": "2006-04-01",
        "symbol": "TUP",
        "reportedCurrency": "USD",
        "cik": "0001008654",
        "fillingDate": "2006-05-11",
        "acceptedDate": "2006-05-11 12:34:40",
        "calendarYear": "2006",
        "period": "Q1",
        "revenue": 423700000,
        "costOfRevenue": 148200000,
        "grossProfit": 275500000,
        "grossProfitRatio": 0.6502242152,
        "researchAndDevelopmentExpenses": 0,
        "generalAndAdministrativeExpenses": 0,
        "sellingAndMarketingExpenses": 0,
        "sellingGeneralAndAdministrativeExpenses": 241200000,
        "otherExpenses": 2100000,
        "operatingExpenses": 243300000,
        "costAndExpenses": 391500000,
        "interestIncome": 0,
        "interestExpense": 0,
        "depreciationAndAmortization": 20200000,
        "ebitda": 52400000,
        "ebitdaratio": 0.1236724097,
        "operatingIncome": 32200000,
        "operatingIncomeRatio": 0.0759971678,
        "totalOtherIncomeExpensesNet": -11400000,
        "incomeBeforeTax": 20800000,
        "incomeBeforeTaxRatio": 0.0490913382,
        "incomeTaxExpense": 4800000,
        "netIncome": 16000000,
        "netIncomeRatio": 0.0377625679,
        "eps": 0.27,
        "epsdiluted": 0.26,
        "weightedAverageShsOut": 60100000,
        "weightedAverageShsOutDil": 61400000,
        "link": "https://www.sec.gov/Archives/edgar/data/1008654/000119312506108715/0001193125-06-108715-index.htm",
        "finalLink": "https://www.sec.gov/Archives/edgar/data/1008654/000119312506108715/d10q.htm"
    },
    {
        "date": "2005-12-31",
        "symbol": "TUP",
        "reportedCurrency": "USD",
        "cik": "0001008654",
        "fillingDate": "2006-03-16",
        "acceptedDate": "2006-03-16 13:33:44",
        "calendarYear": "2005",
        "period": "Q4",
        "revenue": 361800000,
        "costOfRevenue": 131500000,
        "grossProfit": 230300000,
        "grossProfitRatio": 0.6365395246,
        "researchAndDevelopmentExpenses": 0,
        "generalAndAdministrativeExpenses": 0,
        "sellingAndMarketingExpenses": 0,
        "sellingGeneralAndAdministrativeExpenses": 204100000,
        "otherExpenses": -8400000,
        "operatingExpenses": 195700000,
        "costAndExpenses": 327200000,
        "interestIncome": 0,
        "interestExpense": 48900000,
        "depreciationAndAmortization": 14200000,
        "ebitda": 48800000,
        "ebitdaratio": 0.1348811498,
        "operatingIncome": 34600000,
        "operatingIncomeRatio": 0.0956329464,
        "totalOtherIncomeExpensesNet": -32000000,
        "incomeBeforeTax": 2600000,
        "incomeBeforeTaxRatio": 0.0071862908,
        "incomeTaxExpense": -29400000,
        "netIncome": 31200000,
        "netIncomeRatio": 0.0862354892,
        "eps": 0.52,
        "epsdiluted": 0.51,
        "weightedAverageShsOut": 60100000,
        "weightedAverageShsOutDil": 61400000,
        "link": "https://www.sec.gov/Archives/edgar/data/1008654/000119312506056314/0001193125-06-056314-index.htm",
        "finalLink": "https://www.sec.gov/Archives/edgar/data/1008654/000119312506056314/d10k.htm"
    },
    {
        "date": "2005-10-01",
        "symbol": "TUP",
        "reportedCurrency": "USD",
        "cik": "0001008654",
        "fillingDate": "2005-11-10",
        "acceptedDate": "2005-11-10 11:06:23",
        "calendarYear": "2005",
        "period": "Q3",
        "revenue": 270700000,
        "costOfRevenue": 100500000,
        "grossProfit": 170200000,
        "grossProfitRatio": 0.6287403029,
        "researchAndDevelopmentExpenses": 0,
        "generalAndAdministrativeExpenses": 0,
        "sellingAndMarketingExpenses": 0,
        "sellingGeneralAndAdministrativeExpenses": 161100000,
        "otherExpenses": 600000,
        "operatingExpenses": 161700000,
        "costAndExpenses": 262200000,
        "interestIncome": 0,
        "interestExpense": 0,
        "depreciationAndAmortization": 11400000,
        "ebitda": 20400000,
        "ebitdaratio": 0.0753601773,
        "operatingIncome": 8500000,
        "operatingIncomeRatio": 0.0314000739,
        "totalOtherIncomeExpensesNet": -6900000,
        "incomeBeforeTax": 1600000,
        "incomeBeforeTaxRatio": 0.0059106021,
        "incomeTaxExpense": -1000000,
        "netIncome": 2600000,
        "netIncomeRatio": 0.0096047285,
        "eps": 0.04,
        "epsdiluted": 0.04,
        "weightedAverageShsOut": 59600000,
        "weightedAverageShsOutDil": 60900000,
        "link": "https://www.sec.gov/Archives/edgar/data/1008654/000119312505222614/0001193125-05-222614-index.htm",
        "finalLink": "https://www.sec.gov/Archives/edgar/data/1008654/000119312505222614/d10q.htm"
    },
    {
        "date": "2005-07-02",
        "symbol": "TUP",
        "reportedCurrency": "USD",
        "cik": "0001008654",
        "fillingDate": "2005-08-08",
        "acceptedDate": "2005-08-08 15:48:04",
        "calendarYear": "2005",
        "period": "Q2",
        "revenue": 320400000,
        "costOfRevenue": 109700000,
        "grossProfit": 210700000,
        "grossProfitRatio": 0.6576154806,
        "researchAndDevelopmentExpenses": 0,
        "generalAndAdministrativeExpenses": 0,
        "sellingAndMarketingExpenses": 0,
        "sellingGeneralAndAdministrativeExpenses": 174900000,
        "otherExpenses": 1200000,
        "operatingExpenses": 176100000,
        "costAndExpenses": 285800000,
        "interestIncome": 0,
        "interestExpense": 0,
        "depreciationAndAmortization": 11400000,
        "ebitda": 34600000,
        "ebitdaratio": 0.1079900125,
        "operatingIncome": 34600000,
        "operatingIncomeRatio": 0.1079900125,
        "totalOtherIncomeExpensesNet": -2900000,
        "incomeBeforeTax": 31700000,
        "incomeBeforeTaxRatio": 0.0989388265,
        "incomeTaxExpense": 4000000,
        "netIncome": 27700000,
        "netIncomeRatio": 0.086454432,
        "eps": 0.46,
        "epsdiluted": 0.46,
        "weightedAverageShsOut": 59400000,
        "weightedAverageShsOutDil": 60500000,
        "link": "https://www.sec.gov/Archives/edgar/data/1008654/000119312505160664/0001193125-05-160664-index.htm",
        "finalLink": "https://www.sec.gov/Archives/edgar/data/1008654/000119312505160664/d10q.htm"
    },
    {
        "date": "2005-04-02",
        "symbol": "TUP",
        "reportedCurrency": "USD",
        "cik": "0001008654",
        "fillingDate": "2005-05-10",
        "acceptedDate": "2005-05-10 15:38:20",
        "calendarYear": "2005",
        "period": "Q1",
        "revenue": 326400000,
        "costOfRevenue": 114500000,
        "grossProfit": 211900000,
        "grossProfitRatio": 0.6492034314,
        "researchAndDevelopmentExpenses": 0,
        "generalAndAdministrativeExpenses": 0,
        "sellingAndMarketingExpenses": 0,
        "sellingGeneralAndAdministrativeExpenses": 181600000,
        "otherExpenses": -3400000,
        "operatingExpenses": 178200000,
        "costAndExpenses": 292700000,
        "interestIncome": 0,
        "interestExpense": 0,
        "depreciationAndAmortization": 13000000,
        "ebitda": 46700000,
        "ebitdaratio": 0.1430759804,
        "operatingIncome": 33700000,
        "operatingIncomeRatio": 0.103247549,
        "totalOtherIncomeExpensesNet": -3900000,
        "incomeBeforeTax": 29800000,
        "incomeBeforeTaxRatio": 0.0912990196,
        "incomeTaxExpense": 5900000,
        "netIncome": 23900000,
        "netIncomeRatio": 0.0732230392,
        "eps": 0.41,
        "epsdiluted": 0.4,
        "weightedAverageShsOut": 55500000,
        "weightedAverageShsOutDil": 58900000,
        "link": "https://www.sec.gov/Archives/edgar/data/1008654/000119312505102659/0001193125-05-102659-index.htm",
        "finalLink": "https://www.sec.gov/Archives/edgar/data/1008654/000119312505102659/d10q.htm"
    },
    {
        "date": "2004-12-25",
        "symbol": "TUP",
        "reportedCurrency": "USD",
        "cik": "0001008654",
        "fillingDate": "2005-03-10",
        "acceptedDate": "2005-03-10 14:23:27",
        "calendarYear": "2004",
        "period": "Q4",
        "revenue": 370800000,
        "costOfRevenue": 138100000,
        "grossProfit": 232700000,
        "grossProfitRatio": 0.627562028,
        "researchAndDevelopmentExpenses": 0,
        "generalAndAdministrativeExpenses": 0,
        "sellingAndMarketingExpenses": 0,
        "sellingGeneralAndAdministrativeExpenses": 185500000,
        "otherExpenses": 3000000,
        "operatingExpenses": 188500000,
        "costAndExpenses": 326600000,
        "interestIncome": 0,
        "interestExpense": 0,
        "depreciationAndAmortization": 13500000,
        "ebitda": 57700000,
        "ebitdaratio": 0.155609493,
        "operatingIncome": 44200000,
        "operatingIncomeRatio": 0.119201726,
        "totalOtherIncomeExpensesNet": -3500000,
        "incomeBeforeTax": 40700000,
        "incomeBeforeTaxRatio": 0.1097626753,
        "incomeTaxExpense": 4900000,
        "netIncome": 35800000,
        "netIncomeRatio": 0.0965480043,
        "eps": 0.65,
        "epsdiluted": 0.61,
        "weightedAverageShsOut": 55500000,
        "weightedAverageShsOutDil": 58900000,
        "link": "https://www.sec.gov/Archives/edgar/data/1008654/000119312505046434/0001193125-05-046434-index.htm",
        "finalLink": "https://www.sec.gov/Archives/edgar/data/1008654/000119312505046434/d10k.htm"
    },
    {
        "date": "2004-09-25",
        "symbol": "TUP",
        "reportedCurrency": "USD",
        "cik": "0001008654",
        "fillingDate": "2004-11-03",
        "acceptedDate": "2004-11-03 14:59:31",
        "calendarYear": "2004",
        "period": "Q3",
        "revenue": 255000000,
        "costOfRevenue": 87500000,
        "grossProfit": 167500000,
        "grossProfitRatio": 0.6568627451,
        "researchAndDevelopmentExpenses": 0,
        "generalAndAdministrativeExpenses": 0,
        "sellingAndMarketingExpenses": 0,
        "sellingGeneralAndAdministrativeExpenses": 157400000,
        "otherExpenses": -8300000,
        "operatingExpenses": 149100000,
        "costAndExpenses": 236600000,
        "interestIncome": 0,
        "interestExpense": 0,
        "depreciationAndAmortization": 12300000,
        "ebitda": 18400000,
        "ebitdaratio": 0.0721568627,
        "operatingIncome": 18400000,
        "operatingIncomeRatio": 0.0721568627,
        "totalOtherIncomeExpensesNet": -4400000,
        "incomeBeforeTax": 14000000,
        "incomeBeforeTaxRatio": 0.0549019608,
        "incomeTaxExpense": 1100000,
        "netIncome": 12900000,
        "netIncomeRatio": 0.0505882353,
        "eps": 0.23,
        "epsdiluted": 0.22,
        "weightedAverageShsOut": 56086957,
        "weightedAverageShsOutDil": 58636364,
        "link": "https://www.sec.gov/Archives/edgar/data/1008654/000119312504184727/0001193125-04-184727-index.htm",
        "finalLink": "https://www.sec.gov/Archives/edgar/data/1008654/000119312504184727/d10q.htm"
    },
    {
        "date": "2004-06-26",
        "symbol": "TUP",
        "reportedCurrency": "USD",
        "cik": "0001008654",
        "fillingDate": "2004-08-05",
        "acceptedDate": "2004-08-05 13:39:33",
        "calendarYear": "2004",
        "period": "Q2",
        "revenue": 302100000,
        "costOfRevenue": 99700000,
        "grossProfit": 202400000,
        "grossProfitRatio": 0.6699768289,
        "researchAndDevelopmentExpenses": 0,
        "generalAndAdministrativeExpenses": 0,
        "sellingAndMarketingExpenses": 0,
        "sellingGeneralAndAdministrativeExpenses": 169100000,
        "otherExpenses": 600000,
        "operatingExpenses": 169700000,
        "costAndExpenses": 269400000,
        "interestIncome": 0,
        "interestExpense": 0,
        "depreciationAndAmortization": 12300000,
        "ebitda": 44600000,
        "ebitdaratio": 0.147633234,
        "operatingIncome": 32700000,
        "operatingIncomeRatio": 0.1082423039,
        "totalOtherIncomeExpensesNet": -3900000,
        "incomeBeforeTax": 28800000,
        "incomeBeforeTaxRatio": 0.0953326713,
        "incomeTaxExpense": 5100000,
        "netIncome": 23700000,
        "netIncomeRatio": 0.0784508441,
        "eps": 0.4,
        "epsdiluted": 0.4,
        "weightedAverageShsOut": 59250000,
        "weightedAverageShsOutDil": 59250000,
        "link": "https://www.sec.gov/Archives/edgar/data/1008654/000119312504132440/0001193125-04-132440-index.htm",
        "finalLink": "https://www.sec.gov/Archives/edgar/data/1008654/000119312504132440/d10q.htm"
    },
    {
        "date": "2004-03-27",
        "symbol": "TUP",
        "reportedCurrency": "USD",
        "cik": "0001008654",
        "fillingDate": "2004-05-05",
        "acceptedDate": "2004-05-05 12:09:26",
        "calendarYear": "2004",
        "period": "Q1",
        "revenue": 296400000,
        "costOfRevenue": 100100000,
        "grossProfit": 196300000,
        "grossProfitRatio": 0.6622807018,
        "researchAndDevelopmentExpenses": 0,
        "generalAndAdministrativeExpenses": 0,
        "sellingAndMarketingExpenses": 0,
        "sellingGeneralAndAdministrativeExpenses": 176800000,
        "otherExpenses": -1400000,
        "operatingExpenses": 175400000,
        "costAndExpenses": 275500000,
        "interestIncome": 0,
        "interestExpense": 0,
        "depreciationAndAmortization": 12700000,
        "ebitda": 20900000,
        "ebitdaratio": 0.0705128205,
        "operatingIncome": 20900000,
        "operatingIncomeRatio": 0.0705128205,
        "totalOtherIncomeExpensesNet": -2400000,
        "incomeBeforeTax": 18500000,
        "incomeBeforeTaxRatio": 0.0624156545,
        "incomeTaxExpense": 4000000,
        "netIncome": 14500000,
        "netIncomeRatio": 0.0489203779,
        "eps": 0.25,
        "epsdiluted": 0.25,
        "weightedAverageShsOut": 58400000,
        "weightedAverageShsOutDil": 58800000,
        "link": "https://www.sec.gov/Archives/edgar/data/1008654/000119312504078907/0001193125-04-078907-index.htm",
        "finalLink": "https://www.sec.gov/Archives/edgar/data/1008654/000119312504078907/d10q.htm"
    },
    {
        "date": "2003-12-27",
        "symbol": "TUP",
        "reportedCurrency": "USD",
        "cik": "0001008654",
        "fillingDate": "2004-03-10",
        "acceptedDate": "2004-03-10 16:53:18",
        "calendarYear": "2003",
        "period": "Q4",
        "revenue": 344100000,
        "costOfRevenue": 121600000,
        "grossProfit": 222500000,
        "grossProfitRatio": 0.6466143563,
        "researchAndDevelopmentExpenses": 0,
        "generalAndAdministrativeExpenses": 0,
        "sellingAndMarketingExpenses": 0,
        "sellingGeneralAndAdministrativeExpenses": 176800000,
        "otherExpenses": -2500000,
        "operatingExpenses": 174300000,
        "costAndExpenses": 295900000,
        "interestIncome": 0,
        "interestExpense": 0,
        "depreciationAndAmortization": 12900000,
        "ebitda": 61100000,
        "ebitdaratio": 0.1775646614,
        "operatingIncome": 41400000,
        "operatingIncomeRatio": 0.1203138622,
        "totalOtherIncomeExpensesNet": -10100000,
        "incomeBeforeTax": 31300000,
        "incomeBeforeTaxRatio": 0.0909619297,
        "incomeTaxExpense": 3900000,
        "netIncome": 27400000,
        "netIncomeRatio": 0.0796280151,
        "eps": 0.47,
        "epsdiluted": 0.47,
        "weightedAverageShsOut": 58400000,
        "weightedAverageShsOutDil": 58800000,
        "link": "https://www.sec.gov/Archives/edgar/data/1008654/000119312504038303/0001193125-04-038303-index.htm",
        "finalLink": "https://www.sec.gov/Archives/edgar/data/1008654/000119312504038303/d10k.htm"
    },
    {
        "date": "2003-09-27",
        "symbol": "TUP",
        "reportedCurrency": "USD",
        "cik": "0001008654",
        "fillingDate": "2003-11-12",
        "acceptedDate": "2003-11-12 10:42:03",
        "calendarYear": "2003",
        "period": "Q3",
        "revenue": 249200000,
        "costOfRevenue": 88500000,
        "grossProfit": 160700000,
        "grossProfitRatio": 0.6448635634,
        "researchAndDevelopmentExpenses": 0,
        "generalAndAdministrativeExpenses": 0,
        "sellingAndMarketingExpenses": 0,
        "sellingGeneralAndAdministrativeExpenses": 156400000,
        "otherExpenses": 0,
        "operatingExpenses": 156400000,
        "costAndExpenses": 244900000,
        "interestIncome": 0,
        "interestExpense": 0,
        "depreciationAndAmortization": 13300000,
        "ebitda": 4300000,
        "ebitdaratio": 0.0172552167,
        "operatingIncome": 4300000,
        "operatingIncomeRatio": 0.0172552167,
        "totalOtherIncomeExpensesNet": -5400000,
        "incomeBeforeTax": -1100000,
        "incomeBeforeTaxRatio": -0.0044141252,
        "incomeTaxExpense": -1100000,
        "netIncome": 0,
        "netIncomeRatio": 0,
        "eps": 0,
        "epsdiluted": 0,
        "weightedAverageShsOut": 58571429,
        "weightedAverageShsOutDil": 58571429,
        "link": "https://www.sec.gov/Archives/edgar/data/1008654/000119312503077782/0001193125-03-077782-index.htm",
        "finalLink": "https://www.sec.gov/Archives/edgar/data/1008654/000119312503077782/d10q.htm"
    },
    {
        "date": "2003-06-28",
        "symbol": "TUP",
        "reportedCurrency": "USD",
        "cik": "0001008654",
        "fillingDate": "2003-08-12",
        "acceptedDate": "2003-08-12 15:42:27",
        "calendarYear": "2003",
        "period": "Q2",
        "revenue": 310000000,
        "costOfRevenue": 108600000,
        "grossProfit": 201400000,
        "grossProfitRatio": 0.6496774194,
        "researchAndDevelopmentExpenses": 0,
        "generalAndAdministrativeExpenses": 0,
        "sellingAndMarketingExpenses": 0,
        "sellingGeneralAndAdministrativeExpenses": 179400000,
        "otherExpenses": 0,
        "operatingExpenses": 179400000,
        "costAndExpenses": 288000000,
        "interestIncome": 0,
        "interestExpense": 0,
        "depreciationAndAmortization": 12900000,
        "ebitda": 34900000,
        "ebitdaratio": 0.1125806452,
        "operatingIncome": 22000000,
        "operatingIncomeRatio": 0.0709677419,
        "totalOtherIncomeExpensesNet": -3800000,
        "incomeBeforeTax": 18200000,
        "incomeBeforeTaxRatio": 0.0587096774,
        "incomeTaxExpense": 4100000,
        "netIncome": 14100000,
        "netIncomeRatio": 0.045483871,
        "eps": 0.24,
        "epsdiluted": 0.24,
        "weightedAverageShsOut": 58750000,
        "weightedAverageShsOutDil": 58750000,
        "link": "https://www.sec.gov/Archives/edgar/data/1008654/000119312503034251/0001193125-03-034251-index.htm",
        "finalLink": "https://www.sec.gov/Archives/edgar/data/1008654/000119312503034251/d10q.htm"
    },
    {
        "date": "2003-03-29",
        "symbol": "TUP",
        "reportedCurrency": "USD",
        "cik": "0001008654",
        "fillingDate": "2003-05-13",
        "acceptedDate": "2003-05-13 12:52:51",
        "calendarYear": "2003",
        "period": "Q1",
        "revenue": 271500000,
        "costOfRevenue": 89300000,
        "grossProfit": 182200000,
        "grossProfitRatio": 0.6710865562,
        "researchAndDevelopmentExpenses": 0,
        "generalAndAdministrativeExpenses": 0,
        "sellingAndMarketingExpenses": 0,
        "sellingGeneralAndAdministrativeExpenses": 164800000,
        "otherExpenses": 9200000,
        "operatingExpenses": 174000000,
        "costAndExpenses": 263300000,
        "interestIncome": 0,
        "interestExpense": 0,
        "depreciationAndAmortization": 13500000,
        "ebitda": 21700000,
        "ebitdaratio": 0.0799263352,
        "operatingIncome": 8200000,
        "operatingIncomeRatio": 0.0302025783,
        "totalOtherIncomeExpensesNet": 0,
        "incomeBeforeTax": 8200000,
        "incomeBeforeTaxRatio": 0.0302025783,
        "incomeTaxExpense": 1800000,
        "netIncome": 6400000,
        "netIncomeRatio": 0.023572744,
        "eps": 0.11,
        "epsdiluted": 0.11,
        "weightedAverageShsOut": 58300000,
        "weightedAverageShsOutDil": 58400000,
        "link": "https://www.sec.gov/Archives/edgar/data/1008654/000095013003003617/0000950130-03-003617-index.htm",
        "finalLink": "https://www.sec.gov/Archives/edgar/data/1008654/000095013003003617/d10q.htm"
    },
    {
        "date": "2002-12-28",
        "symbol": "TUP",
        "reportedCurrency": "USD",
        "cik": "0001008654",
        "fillingDate": "2003-03-27",
        "acceptedDate": "2003-03-27 17:21:11",
        "calendarYear": "2002",
        "period": "Q4",
        "revenue": 321200000,
        "costOfRevenue": 105300000,
        "grossProfit": 215900000,
        "grossProfitRatio": 0.6721668742,
        "researchAndDevelopmentExpenses": 0,
        "generalAndAdministrativeExpenses": 0,
        "sellingAndMarketingExpenses": 0,
        "sellingGeneralAndAdministrativeExpenses": 174200000,
        "otherExpenses": 0,
        "operatingExpenses": 174200000,
        "costAndExpenses": 279500000,
        "interestIncome": 0,
        "interestExpense": 0,
        "depreciationAndAmortization": 13200000,
        "ebitda": 54900000,
        "ebitdaratio": 0.1709215442,
        "operatingIncome": 38600000,
        "operatingIncomeRatio": 0.1201743462,
        "totalOtherIncomeExpensesNet": 8800000,
        "incomeBeforeTax": 47400000,
        "incomeBeforeTaxRatio": 0.1475716065,
        "incomeTaxExpense": 12900000,
        "netIncome": 34500000,
        "netIncomeRatio": 0.1074097136,
        "eps": 0.59,
        "epsdiluted": 0.59,
        "weightedAverageShsOut": 58300000,
        "weightedAverageShsOutDil": 58400000,
        "link": "https://www.sec.gov/Archives/edgar/data/1008654/000091664103000817/0000916641-03-000817-index.htm",
        "finalLink": "https://www.sec.gov/Archives/edgar/data/1008654/000091664103000817/d10k.htm"
    },
    {
        "date": "2002-09-28",
        "symbol": "TUP",
        "reportedCurrency": "USD",
        "cik": "0001008654",
        "fillingDate": "2002-11-12",
        "acceptedDate": "2002-11-12 10:45:10",
        "calendarYear": "2002",
        "period": "Q3",
        "revenue": 244300000,
        "costOfRevenue": 82800000,
        "grossProfit": 161500000,
        "grossProfitRatio": 0.6610724519,
        "researchAndDevelopmentExpenses": 0,
        "generalAndAdministrativeExpenses": 0,
        "sellingAndMarketingExpenses": 0,
        "sellingGeneralAndAdministrativeExpenses": 148600000,
        "otherExpenses": 0,
        "operatingExpenses": 148600000,
        "costAndExpenses": 231400000,
        "interestIncome": 0,
        "interestExpense": 0,
        "depreciationAndAmortization": 12000000,
        "ebitda": 24900000,
        "ebitdaratio": 0.1019238641,
        "operatingIncome": 12900000,
        "operatingIncomeRatio": 0.0528039296,
        "totalOtherIncomeExpensesNet": -2900000,
        "incomeBeforeTax": 10000000,
        "incomeBeforeTaxRatio": 0.0409332788,
        "incomeTaxExpense": 2000000,
        "netIncome": 8000000,
        "netIncomeRatio": 0.032746623,
        "eps": 0.14,
        "epsdiluted": 0.14,
        "weightedAverageShsOut": 57142857,
        "weightedAverageShsOutDil": 57142857,
        "link": "https://www.sec.gov/Archives/edgar/data/1008654/000102140802013587/0001021408-02-013587-index.htm",
        "finalLink": "https://www.sec.gov/Archives/edgar/data/1008654/000102140802013587/d10q.htm"
    },
    {
        "date": "2002-06-29",
        "symbol": "TUP",
        "reportedCurrency": "USD",
        "cik": "0001008654",
        "fillingDate": "2002-08-13",
        "acceptedDate": "2002-08-13 16:18:33",
        "calendarYear": "2002",
        "period": "Q2",
        "revenue": 286100000,
        "costOfRevenue": 94700000,
        "grossProfit": 191400000,
        "grossProfitRatio": 0.6689968542,
        "researchAndDevelopmentExpenses": 0,
        "generalAndAdministrativeExpenses": 0,
        "sellingAndMarketingExpenses": 0,
        "sellingGeneralAndAdministrativeExpenses": 155200000,
        "otherExpenses": 0,
        "operatingExpenses": 155200000,
        "costAndExpenses": 249900000,
        "interestIncome": 0,
        "interestExpense": 0,
        "depreciationAndAmortization": 12000000,
        "ebitda": 48200000,
        "ebitdaratio": 0.168472562,
        "operatingIncome": 19900000,
        "operatingIncomeRatio": 0.0695560993,
        "totalOtherIncomeExpensesNet": 21000000,
        "incomeBeforeTax": 40900000,
        "incomeBeforeTaxRatio": 0.142957008,
        "incomeTaxExpense": 8900000,
        "netIncome": 32000000,
        "netIncomeRatio": 0.1118490038,
        "eps": 0.55,
        "epsdiluted": 0.54,
        "weightedAverageShsOut": 58181818,
        "weightedAverageShsOutDil": 59259259,
        "link": "https://www.sec.gov/Archives/edgar/data/1008654/000102140802010673/0001021408-02-010673-index.htm",
        "finalLink": "https://www.sec.gov/Archives/edgar/data/1008654/000102140802010673/d10q.htm"
    },
    {
        "date": "2002-03-30",
        "symbol": "TUP",
        "reportedCurrency": "USD",
        "cik": "0001008654",
        "fillingDate": "2002-05-14",
        "acceptedDate": "2002-05-14 10:47:12",
        "calendarYear": "2002",
        "period": "Q1",
        "revenue": 251900000,
        "costOfRevenue": 79800000,
        "grossProfit": 172100000,
        "grossProfitRatio": 0.6832076221,
        "researchAndDevelopmentExpenses": 0,
        "generalAndAdministrativeExpenses": 0,
        "sellingAndMarketingExpenses": 0,
        "sellingGeneralAndAdministrativeExpenses": 147200000,
        "otherExpenses": 4400000,
        "operatingExpenses": 151600000,
        "costAndExpenses": 231400000,
        "interestIncome": 0,
        "interestExpense": 0,
        "depreciationAndAmortization": 11600000,
        "ebitda": 32100000,
        "ebitdaratio": 0.1274315204,
        "operatingIncome": 19100000,
        "operatingIncomeRatio": 0.0758237396,
        "totalOtherIncomeExpensesNet": 0,
        "incomeBeforeTax": 19100000,
        "incomeBeforeTaxRatio": 0.0758237396,
        "incomeTaxExpense": 3500000,
        "netIncome": 15600000,
        "netIncomeRatio": 0.061929337,
        "eps": 0.27,
        "epsdiluted": 0.27,
        "weightedAverageShsOut": 58254489,
        "weightedAverageShsOutDil": 58254489,
        "link": "https://www.sec.gov/Archives/edgar/data/1008654/000095014402005292/0000950144-02-005292-index.htm",
        "finalLink": "https://www.sec.gov/Archives/edgar/data/1008654/000095014402005292/g76087e10-q.htm"
    },
    {
        "date": "2001-12-29",
        "symbol": "TUP",
        "reportedCurrency": "USD",
        "cik": "0001008654",
        "fillingDate": "2002-03-26",
        "acceptedDate": "2002-03-26 00:00:00",
        "calendarYear": "2001",
        "period": "Q4",
        "revenue": 326700000,
        "costOfRevenue": 109900000,
        "grossProfit": 216800000,
        "grossProfitRatio": 0.6636057545,
        "researchAndDevelopmentExpenses": 0,
        "generalAndAdministrativeExpenses": 0,
        "sellingAndMarketingExpenses": 0,
        "sellingGeneralAndAdministrativeExpenses": 167600000,
        "otherExpenses": 0,
        "operatingExpenses": 167600000,
        "costAndExpenses": 277500000,
        "interestIncome": 0,
        "interestExpense": 0,
        "depreciationAndAmortization": 13500000,
        "ebitda": 62700000,
        "ebitdaratio": 0.1919191919,
        "operatingIncome": 41700000,
        "operatingIncomeRatio": 0.1276400367,
        "totalOtherIncomeExpensesNet": -4800000,
        "incomeBeforeTax": 36900000,
        "incomeBeforeTaxRatio": 0.1129476584,
        "incomeTaxExpense": 8400000,
        "netIncome": 28500000,
        "netIncomeRatio": 0.0872359963,
        "eps": 0.49,
        "epsdiluted": 0.49,
        "weightedAverageShsOut": 58254489,
        "weightedAverageShsOutDil": 58254489,
        "link": "https://www.sec.gov/Archives/edgar/data/1008654/000100865402000060/0001008654-02-000060-index.htm",
        "finalLink": "https://www.sec.gov/Archives/edgar/data/1008654/000100865402000060/tup_10k2001.htm"
    },
    {
        "date": "2001-09-29",
        "symbol": "TUP",
        "reportedCurrency": "USD",
        "cik": "0001008654",
        "fillingDate": "2001-11-13",
        "acceptedDate": "2001-11-13 00:00:00",
        "calendarYear": "2001",
        "period": "Q3",
        "revenue": 238600000,
        "costOfRevenue": 82000000,
        "grossProfit": 156600000,
        "grossProfitRatio": 0.6563285834,
        "researchAndDevelopmentExpenses": 0,
        "generalAndAdministrativeExpenses": 0,
        "sellingAndMarketingExpenses": 0,
        "sellingGeneralAndAdministrativeExpenses": 147600000,
        "otherExpenses": 0,
        "operatingExpenses": 147600000,
        "costAndExpenses": 229600000,
        "interestIncome": 0,
        "interestExpense": 0,
        "depreciationAndAmortization": 12400000,
        "ebitda": 21400000,
        "ebitdaratio": 0.0896898575,
        "operatingIncome": -6800000,
        "operatingIncomeRatio": -0.0284995809,
        "totalOtherIncomeExpensesNet": -6000000,
        "incomeBeforeTax": -12800000,
        "incomeBeforeTaxRatio": -0.0536462699,
        "incomeTaxExpense": -200000,
        "netIncome": -12600000,
        "netIncomeRatio": -0.0528080469,
        "eps": -0.21,
        "epsdiluted": -0.21,
        "weightedAverageShsOut": 60000000,
        "weightedAverageShsOutDil": 60000000,
        "link": "https://www.sec.gov/Archives/edgar/data/1008654/000095014401508710/0000950144-01-508710-index.htm",
        "finalLink": "https://www.sec.gov/Archives/edgar/data/1008654/000095014401508710/g72554e10-q.htm"
    },
    {
        "date": "2001-06-30",
        "symbol": "TUP",
        "reportedCurrency": "USD",
        "cik": "0001008654",
        "fillingDate": "2001-08-14",
        "acceptedDate": "2001-08-14 00:00:00",
        "calendarYear": "2001",
        "period": "Q2",
        "revenue": 285400000,
        "costOfRevenue": 94000000,
        "grossProfit": 191400000,
        "grossProfitRatio": 0.6706377015,
        "researchAndDevelopmentExpenses": 0,
        "generalAndAdministrativeExpenses": 0,
        "sellingAndMarketingExpenses": 0,
        "sellingGeneralAndAdministrativeExpenses": 150700000,
        "otherExpenses": 0,
        "operatingExpenses": 150700000,
        "costAndExpenses": 244700000,
        "interestIncome": 0,
        "interestExpense": 0,
        "depreciationAndAmortization": 11300000,
        "ebitda": 52000000,
        "ebitdaratio": 0.1822004205,
        "operatingIncome": 40200000,
        "operatingIncomeRatio": 0.1408549404,
        "totalOtherIncomeExpensesNet": -4900000,
        "incomeBeforeTax": 35300000,
        "incomeBeforeTaxRatio": 0.1236860547,
        "incomeTaxExpense": 7600000,
        "netIncome": 27700000,
        "netIncomeRatio": 0.0970567624,
        "eps": 0.48,
        "epsdiluted": 0.47,
        "weightedAverageShsOut": 57708333,
        "weightedAverageShsOutDil": 58936170,
        "link": "https://www.sec.gov/Archives/edgar/data/1008654/000095014401505690/0000950144-01-505690-index.htm",
        "finalLink": "https://www.sec.gov/Archives/edgar/data/1008654/000095014401505690/g70916e10-q.htm"
    },
    {
        "date": "2001-03-31",
        "symbol": "TUP",
        "reportedCurrency": "USD",
        "cik": "0001008654",
        "fillingDate": "2001-05-15",
        "acceptedDate": "2001-05-15 00:00:00",
        "calendarYear": "2001",
        "period": "Q1",
        "revenue": 263700000,
        "costOfRevenue": 88100000,
        "grossProfit": 175600000,
        "grossProfitRatio": 0.665908229,
        "researchAndDevelopmentExpenses": 0,
        "generalAndAdministrativeExpenses": 0,
        "sellingAndMarketingExpenses": 0,
        "sellingGeneralAndAdministrativeExpenses": 144500000,
        "otherExpenses": 0,
        "operatingExpenses": 144500000,
        "costAndExpenses": 232600000,
        "interestIncome": 0,
        "interestExpense": 0,
        "depreciationAndAmortization": 12700000,
        "ebitda": 43800000,
        "ebitdaratio": 0.1660978385,
        "operatingIncome": 30100000,
        "operatingIncomeRatio": 0.1141448616,
        "totalOtherIncomeExpensesNet": -7300000,
        "incomeBeforeTax": 22800000,
        "incomeBeforeTaxRatio": 0.0864618885,
        "incomeTaxExpense": 4900000,
        "netIncome": 17900000,
        "netIncomeRatio": 0.0678801669,
        "eps": 0.31,
        "epsdiluted": 0.3,
        "weightedAverageShsOut": 57741935,
        "weightedAverageShsOutDil": 59666667,
        "link": "https://www.sec.gov/Archives/edgar/data/1008654/000095014401502499/0000950144-01-502499-index.htm",
        "finalLink": "https://www.sec.gov/Archives/edgar/data/1008654/000095014401502499/g69493e10-q.txt"
    },
    {
        "date": "2000-12-30",
        "symbol": "TUP",
        "reportedCurrency": "USD",
        "cik": "0001008654",
        "fillingDate": "2001-03-28",
        "acceptedDate": "2001-03-28 00:00:00",
        "calendarYear": "2000",
        "period": "Q4",
        "revenue": 311700000,
        "costOfRevenue": 96300000,
        "grossProfit": 215400000,
        "grossProfitRatio": 0.6910490857,
        "researchAndDevelopmentExpenses": 0,
        "generalAndAdministrativeExpenses": 0,
        "sellingAndMarketingExpenses": 0,
        "sellingGeneralAndAdministrativeExpenses": 164200000,
        "otherExpenses": 0,
        "operatingExpenses": 164200000,
        "costAndExpenses": 260500000,
        "interestIncome": 0,
        "interestExpense": 0,
        "depreciationAndAmortization": 11900000,
        "ebitda": 63100000,
        "ebitdaratio": 0.2024382419,
        "operatingIncome": 51200000,
        "operatingIncomeRatio": 0.1642605069,
        "totalOtherIncomeExpensesNet": -18500000,
        "incomeBeforeTax": 32700000,
        "incomeBeforeTaxRatio": 0.1049085659,
        "incomeTaxExpense": 10800000,
        "netIncome": 21900000,
        "netIncomeRatio": 0.0702598653,
        "eps": 0.38,
        "epsdiluted": 0.37,
        "weightedAverageShsOut": 57741935,
        "weightedAverageShsOutDil": 59666667,
        "link": "https://www.sec.gov/Archives/edgar/data/1008654/000100865401500011/0001008654-01-500011-index.htm",
        "finalLink": "https://www.sec.gov/Archives/edgar/data/1008654/000100865401500011/f10k00.txt"
    },
    {
        "date": "2000-09-30",
        "symbol": "TUP",
        "reportedCurrency": "USD",
        "cik": "0001008654",
        "fillingDate": "2000-11-14",
        "acceptedDate": "2000-11-14 00:00:00",
        "calendarYear": "2000",
        "period": "Q3",
        "revenue": 220200000,
        "costOfRevenue": 74800000,
        "grossProfit": 145400000,
        "grossProfitRatio": 0.6603088102,
        "researchAndDevelopmentExpenses": 0,
        "generalAndAdministrativeExpenses": 0,
        "sellingAndMarketingExpenses": 0,
        "sellingGeneralAndAdministrativeExpenses": 133700000,
        "otherExpenses": 0,
        "operatingExpenses": 133700000,
        "costAndExpenses": 208500000,
        "interestIncome": 0,
        "interestExpense": 0,
        "depreciationAndAmortization": 12100000,
        "ebitda": 23800000,
        "ebitdaratio": 0.1080835604,
        "operatingIncome": 11700000,
        "operatingIncomeRatio": 0.053133515,
        "totalOtherIncomeExpensesNet": -5600000,
        "incomeBeforeTax": 6100000,
        "incomeBeforeTaxRatio": 0.027702089,
        "incomeTaxExpense": 1400000,
        "netIncome": 4700000,
        "netIncomeRatio": 0.0213442325,
        "eps": 0.09,
        "epsdiluted": 0.08,
        "weightedAverageShsOut": 57700000,
        "weightedAverageShsOutDil": 58000000,
        "link": "https://www.sec.gov/Archives/edgar/data/1008654/000095014400013745/0000950144-00-013745-index.htm",
        "finalLink": "https://www.sec.gov/Archives/edgar/data/1008654/000095014400013745/g65418e10-q.txt"
    },
    {
        "date": "2000-07-01",
        "symbol": "TUP",
        "reportedCurrency": "USD",
        "cik": "0001008654",
        "fillingDate": "2000-08-15",
        "acceptedDate": "2000-08-15 00:00:00",
        "calendarYear": "2000",
        "period": "Q2",
        "revenue": 272600000,
        "costOfRevenue": 93500000,
        "grossProfit": 179100000,
        "grossProfitRatio": 0.6570066031,
        "researchAndDevelopmentExpenses": 0,
        "generalAndAdministrativeExpenses": 0,
        "sellingAndMarketingExpenses": 0,
        "sellingGeneralAndAdministrativeExpenses": 137000000,
        "otherExpenses": 0,
        "operatingExpenses": 137000000,
        "costAndExpenses": 230500000,
        "interestIncome": 0,
        "interestExpense": 0,
        "depreciationAndAmortization": 12700000,
        "ebitda": 54800000,
        "ebitdaratio": 0.201027146,
        "operatingIncome": 42100000,
        "operatingIncomeRatio": 0.1544387381,
        "totalOtherIncomeExpensesNet": -4600000,
        "incomeBeforeTax": 37500000,
        "incomeBeforeTaxRatio": 0.1375641966,
        "incomeTaxExpense": 8400000,
        "netIncome": 29100000,
        "netIncomeRatio": 0.1067498166,
        "eps": 0.5,
        "epsdiluted": 0.5,
        "weightedAverageShsOut": 58200000,
        "weightedAverageShsOutDil": 58200000,
        "link": "https://www.sec.gov/Archives/edgar/data/1008654/000095014400010424/0000950144-00-010424-index.htm",
        "finalLink": "https://www.sec.gov/Archives/edgar/data/1008654/000095014400010424/e10-q.txt"
    },
    {
        "date": "2000-04-01",
        "symbol": "TUP",
        "reportedCurrency": "USD",
        "cik": "0001008654",
        "fillingDate": "2000-05-12",
        "acceptedDate": "2000-05-12 00:00:00",
        "calendarYear": "2000",
        "period": "Q1",
        "revenue": 268600000,
        "costOfRevenue": 93800000,
        "grossProfit": 174800000,
        "grossProfitRatio": 0.6507818317,
        "researchAndDevelopmentExpenses": 0,
        "generalAndAdministrativeExpenses": 0,
        "sellingAndMarketingExpenses": 0,
        "sellingGeneralAndAdministrativeExpenses": 143500000,
        "otherExpenses": 0,
        "operatingExpenses": 143500000,
        "costAndExpenses": 237300000,
        "interestIncome": 0,
        "interestExpense": 0,
        "depreciationAndAmortization": 15400000,
        "ebitda": 46700000,
        "ebitdaratio": 0.1738644825,
        "operatingIncome": 31300000,
        "operatingIncomeRatio": 0.1165301564,
        "totalOtherIncomeExpensesNet": -6500000,
        "incomeBeforeTax": 24800000,
        "incomeBeforeTaxRatio": 0.0923306031,
        "incomeTaxExpense": 5600000,
        "netIncome": 19200000,
        "netIncomeRatio": 0.0714817573,
        "eps": 0.33,
        "epsdiluted": 0.33,
        "weightedAverageShsOut": 57600000,
        "weightedAverageShsOutDil": 57800000,
        "link": "https://www.sec.gov/Archives/edgar/data/1008654/000095014400006528/0000950144-00-006528-index.html",
        "finalLink": "https://www.sec.gov/Archives/edgar/data/1008654/000095014400006528/"
    },
    {
        "date": "1999-12-25",
        "symbol": "TUP",
        "reportedCurrency": "USD",
        "cik": "0001008654",
        "fillingDate": "2000-03-17",
        "acceptedDate": "2000-03-17 00:00:00",
        "calendarYear": "1999",
        "period": "Q4",
        "revenue": 309700000,
        "costOfRevenue": 108800000,
        "grossProfit": 200900000,
        "grossProfitRatio": 0.6486922829,
        "researchAndDevelopmentExpenses": 0,
        "generalAndAdministrativeExpenses": 0,
        "sellingAndMarketingExpenses": 0,
        "sellingGeneralAndAdministrativeExpenses": 138500000,
        "otherExpenses": 0,
        "operatingExpenses": 138500000,
        "costAndExpenses": 247300000,
        "interestIncome": 0,
        "interestExpense": 0,
        "depreciationAndAmortization": 12700000,
        "ebitda": 75100000,
        "ebitdaratio": 0.2424927349,
        "operatingIncome": 62400000,
        "operatingIncomeRatio": 0.2014853084,
        "totalOtherIncomeExpensesNet": -5700000,
        "incomeBeforeTax": 56700000,
        "incomeBeforeTaxRatio": 0.1830804004,
        "incomeTaxExpense": 13300000,
        "netIncome": 43400000,
        "netIncomeRatio": 0.1401356151,
        "eps": 0.75,
        "epsdiluted": 0.75,
        "weightedAverageShsOut": 57600000,
        "weightedAverageShsOutDil": 57800000,
        "link": "https://www.sec.gov/Archives/edgar/data/1008654/000100865400000038/0001008654-00-000038-index.html",
        "finalLink": "https://www.sec.gov/Archives/edgar/data/1008654/000100865400000038/"
    },
    {
        "date": "1999-09-25",
        "symbol": "TUP",
        "reportedCurrency": "USD",
        "cik": "0001008654",
        "fillingDate": "1999-11-05",
        "acceptedDate": "1999-11-05 00:00:00",
        "calendarYear": "1999",
        "period": "Q3",
        "revenue": 211900000,
        "costOfRevenue": 79100000,
        "grossProfit": 132800000,
        "grossProfitRatio": 0.6267107126,
        "researchAndDevelopmentExpenses": 0,
        "generalAndAdministrativeExpenses": 0,
        "sellingAndMarketingExpenses": 0,
        "sellingGeneralAndAdministrativeExpenses": 121700000,
        "otherExpenses": 0,
        "operatingExpenses": 121700000,
        "costAndExpenses": 200800000,
        "interestIncome": 0,
        "interestExpense": 0,
        "depreciationAndAmortization": 13100000,
        "ebitda": 24200000,
        "ebitdaratio": 0.1142048136,
        "operatingIncome": 11100000,
        "operatingIncomeRatio": 0.0523831996,
        "totalOtherIncomeExpensesNet": -6500000,
        "incomeBeforeTax": 4600000,
        "incomeBeforeTaxRatio": 0.021708353,
        "incomeTaxExpense": 1100000,
        "netIncome": 3500000,
        "netIncomeRatio": 0.0165172251,
        "eps": 0.06,
        "epsdiluted": 0.06,
        "weightedAverageShsOut": 57500000,
        "weightedAverageShsOutDil": 57900000,
        "link": "https://www.sec.gov/Archives/edgar/data/1008654/000095014499012422/0000950144-99-012422-index.html",
        "finalLink": "https://www.sec.gov/Archives/edgar/data/1008654/000095014499012422/"
    },
    {
        "date": "1999-06-26",
        "symbol": "TUP",
        "reportedCurrency": "USD",
        "cik": "0001008654",
        "fillingDate": "1999-08-09",
        "acceptedDate": "1999-08-09 00:00:00",
        "calendarYear": "1999",
        "period": "Q2",
        "revenue": 271300000,
        "costOfRevenue": 93100000,
        "grossProfit": 178200000,
        "grossProfitRatio": 0.6568374493,
        "researchAndDevelopmentExpenses": 0,
        "generalAndAdministrativeExpenses": 0,
        "sellingAndMarketingExpenses": 0,
        "sellingGeneralAndAdministrativeExpenses": 138900000,
        "otherExpenses": 0,
        "operatingExpenses": 138900000,
        "costAndExpenses": 232000000,
        "interestIncome": 0,
        "interestExpense": 0,
        "depreciationAndAmortization": 15100000,
        "ebitda": 54400000,
        "ebitdaratio": 0.2005160339,
        "operatingIncome": 24200000,
        "operatingIncomeRatio": 0.0892001474,
        "totalOtherIncomeExpensesNet": -5500000,
        "incomeBeforeTax": 18700000,
        "incomeBeforeTaxRatio": 0.0689273867,
        "incomeTaxExpense": 4400000,
        "netIncome": 14300000,
        "netIncomeRatio": 0.052709178,
        "eps": 0.25,
        "epsdiluted": 0.25,
        "weightedAverageShsOut": 57500000,
        "weightedAverageShsOutDil": 57900000,
        "link": "https://www.sec.gov/Archives/edgar/data/1008654/000100865499000054/0001008654-99-000054-index.html",
        "finalLink": "https://www.sec.gov/Archives/edgar/data/1008654/000100865499000054/"
    },
    {
        "date": "1999-03-27",
        "symbol": "TUP",
        "reportedCurrency": "USD",
        "cik": "0001008654",
        "fillingDate": "1999-05-06",
        "acceptedDate": "1999-05-06 00:00:00",
        "calendarYear": "1999",
        "period": "Q1",
        "revenue": 250900000,
        "costOfRevenue": 84100000,
        "grossProfit": 166800000,
        "grossProfitRatio": 0.6648066959,
        "researchAndDevelopmentExpenses": 0,
        "generalAndAdministrativeExpenses": 0,
        "sellingAndMarketingExpenses": 0,
        "sellingGeneralAndAdministrativeExpenses": 137700000,
        "otherExpenses": 0,
        "operatingExpenses": 137700000,
        "costAndExpenses": 221800000,
        "interestIncome": 0,
        "interestExpense": 0,
        "depreciationAndAmortization": 14700000,
        "ebitda": 43800000,
        "ebitdaratio": 0.1745715424,
        "operatingIncome": 29100000,
        "operatingIncomeRatio": 0.1159824631,
        "totalOtherIncomeExpensesNet": -5800000,
        "incomeBeforeTax": 23300000,
        "incomeBeforeTaxRatio": 0.0928656835,
        "incomeTaxExpense": 5500000,
        "netIncome": 17800000,
        "netIncomeRatio": 0.0709445994,
        "eps": 0.31,
        "epsdiluted": 0.31,
        "weightedAverageShsOut": 57600000,
        "weightedAverageShsOutDil": 57800000,
        "link": "https://www.sec.gov/Archives/edgar/data/1008654/000100865499000039/0001008654-99-000039-index.html",
        "finalLink": "https://www.sec.gov/Archives/edgar/data/1008654/"
    },
    {
        "date": "1998-12-26",
        "symbol": "TUP",
        "reportedCurrency": "USD",
        "cik": "0001008654",
        "fillingDate": "1999-03-24",
        "acceptedDate": "1999-03-24 00:00:00",
        "calendarYear": "1998",
        "period": "Q4",
        "revenue": 313700000,
        "costOfRevenue": 111000000,
        "grossProfit": 202700000,
        "grossProfitRatio": 0.6461587504,
        "researchAndDevelopmentExpenses": 0,
        "generalAndAdministrativeExpenses": 0,
        "sellingAndMarketingExpenses": 0,
        "sellingGeneralAndAdministrativeExpenses": 150200000,
        "otherExpenses": 0,
        "operatingExpenses": 150200000,
        "costAndExpenses": 261200000,
        "interestIncome": 0,
        "interestExpense": 0,
        "depreciationAndAmortization": 16600000,
        "ebitda": 69100000,
        "ebitdaratio": 0.2202741473,
        "operatingIncome": 52500000,
        "operatingIncomeRatio": 0.1673573478,
        "totalOtherIncomeExpensesNet": -3200000,
        "incomeBeforeTax": 49300000,
        "incomeBeforeTaxRatio": 0.157156519,
        "incomeTaxExpense": 12100000,
        "netIncome": 37200000,
        "netIncomeRatio": 0.118584635,
        "eps": 0.65,
        "epsdiluted": 0.64,
        "weightedAverageShsOut": 57600000,
        "weightedAverageShsOutDil": 57800000,
        "link": "https://www.sec.gov/Archives/edgar/data/1008654/000100865499000029/0001008654-99-000029-index.html",
        "finalLink": "https://www.sec.gov/Archives/edgar/data/1008654/"
    },
    {
        "date": "1998-09-26",
        "symbol": "TUP",
        "reportedCurrency": "USD",
        "cik": "0001008654",
        "fillingDate": "1998-11-09",
        "acceptedDate": "1998-11-09 00:00:00",
        "calendarYear": "1998",
        "period": "Q3",
        "revenue": 217400000,
        "costOfRevenue": 90600000,
        "grossProfit": 126800000,
        "grossProfitRatio": 0.5832566697,
        "researchAndDevelopmentExpenses": 0,
        "generalAndAdministrativeExpenses": 0,
        "sellingAndMarketingExpenses": 0,
        "sellingGeneralAndAdministrativeExpenses": 127000000,
        "otherExpenses": 0,
        "operatingExpenses": 127000000,
        "costAndExpenses": 217600000,
        "interestIncome": 0,
        "interestExpense": 0,
        "depreciationAndAmortization": 16500000,
        "ebitda": 16300000,
        "ebitdaratio": 0.0749770009,
        "operatingIncome": -200000,
        "operatingIncomeRatio": -0.0009199632,
        "totalOtherIncomeExpensesNet": -8400000,
        "incomeBeforeTax": -8600000,
        "incomeBeforeTaxRatio": -0.0395584177,
        "incomeTaxExpense": -2100000,
        "netIncome": -6500000,
        "netIncomeRatio": -0.029898804,
        "eps": -0.11,
        "epsdiluted": -0.11,
        "weightedAverageShsOut": 57600000,
        "weightedAverageShsOutDil": 57600000,
        "link": "https://www.sec.gov/Archives/edgar/data/1008654/000100865498000086/0001008654-98-000086-index.html",
        "finalLink": "https://www.sec.gov/Archives/edgar/data/1008654/"
    },
    {
        "date": "1998-06-27",
        "symbol": "TUP",
        "reportedCurrency": "USD",
        "cik": "0001008654",
        "fillingDate": "1998-08-11",
        "acceptedDate": "1998-08-11 00:00:00",
        "calendarYear": "1998",
        "period": "Q2",
        "revenue": 282900000,
        "costOfRevenue": 108400000,
        "grossProfit": 174500000,
        "grossProfitRatio": 0.6168257335,
        "researchAndDevelopmentExpenses": 0,
        "generalAndAdministrativeExpenses": 0,
        "sellingAndMarketingExpenses": 0,
        "sellingGeneralAndAdministrativeExpenses": 137200000,
        "otherExpenses": 0,
        "operatingExpenses": 137200000,
        "costAndExpenses": 245600000,
        "interestIncome": 0,
        "interestExpense": 0,
        "depreciationAndAmortization": 15100000,
        "ebitda": 52400000,
        "ebitdaratio": 0.1852244609,
        "operatingIncome": 37300000,
        "operatingIncomeRatio": 0.1318487098,
        "totalOtherIncomeExpensesNet": -6900000,
        "incomeBeforeTax": 30400000,
        "incomeBeforeTaxRatio": 0.1074584659,
        "incomeTaxExpense": 7400000,
        "netIncome": 23000000,
        "netIncomeRatio": 0.081300813,
        "eps": 0.4,
        "epsdiluted": 0.39,
        "weightedAverageShsOut": 57900000,
        "weightedAverageShsOutDil": 58500000,
        "link": "https://www.sec.gov/Archives/edgar/data/1008654/000100865498000067/0001008654-98-000067-index.html",
        "finalLink": "https://www.sec.gov/Archives/edgar/data/1008654/"
    },
    {
        "date": "1998-03-28",
        "symbol": "TUP",
        "reportedCurrency": "USD",
        "cik": "0001008654",
        "fillingDate": "1998-05-15",
        "acceptedDate": "1998-05-15 00:00:00",
        "calendarYear": "1998",
        "period": "Q1",
        "revenue": 268800000,
        "costOfRevenue": 96300000,
        "grossProfit": 172500000,
        "grossProfitRatio": 0.6417410714,
        "researchAndDevelopmentExpenses": 0,
        "generalAndAdministrativeExpenses": 0,
        "sellingAndMarketingExpenses": 0,
        "sellingGeneralAndAdministrativeExpenses": 147900000,
        "otherExpenses": 0,
        "operatingExpenses": 147900000,
        "costAndExpenses": 244200000,
        "interestIncome": 0,
        "interestExpense": 0,
        "depreciationAndAmortization": 15800000,
        "ebitda": 40400000,
        "ebitdaratio": 0.150297619,
        "operatingIncome": 24600000,
        "operatingIncomeRatio": 0.0915178571,
        "totalOtherIncomeExpensesNet": -4200000,
        "incomeBeforeTax": 20400000,
        "incomeBeforeTaxRatio": 0.0758928571,
        "incomeTaxExpense": 5000000,
        "netIncome": 15400000,
        "netIncomeRatio": 0.0572916667,
        "eps": 0.26,
        "epsdiluted": 0.26,
        "weightedAverageShsOut": 60500000,
        "weightedAverageShsOutDil": 61000000,
        "link": "https://www.sec.gov/Archives/edgar/data/1008654/000100865498000048/0001008654-98-000048-index.html",
        "finalLink": "https://www.sec.gov/Archives/edgar/data/1008654/"
    },
    {
        "date": "1997-12-27",
        "symbol": "TUP",
        "reportedCurrency": "USD",
        "cik": "0001008654",
        "fillingDate": "1998-03-24",
        "acceptedDate": "1998-03-24 00:00:00",
        "calendarYear": "1997",
        "period": "Q4",
        "revenue": 320100000,
        "costOfRevenue": 133100000,
        "grossProfit": 187000000,
        "grossProfitRatio": 0.5841924399,
        "researchAndDevelopmentExpenses": 0,
        "generalAndAdministrativeExpenses": 0,
        "sellingAndMarketingExpenses": 0,
        "sellingGeneralAndAdministrativeExpenses": 161900000,
        "otherExpenses": 0,
        "operatingExpenses": 161900000,
        "costAndExpenses": 295000000,
        "interestIncome": 0,
        "interestExpense": 0,
        "depreciationAndAmortization": 16800000,
        "ebitda": 41900000,
        "ebitdaratio": 0.1308965948,
        "operatingIncome": 25100000,
        "operatingIncomeRatio": 0.0784129959,
        "totalOtherIncomeExpensesNet": -3900000,
        "incomeBeforeTax": 21200000,
        "incomeBeforeTaxRatio": 0.0662293033,
        "incomeTaxExpense": 5500000,
        "netIncome": 15700000,
        "netIncomeRatio": 0.0490471728,
        "eps": 0.26,
        "epsdiluted": 0.26,
        "weightedAverageShsOut": 60500000,
        "weightedAverageShsOutDil": 61000000,
        "link": "https://www.sec.gov/Archives/edgar/data/1008654/000100865498000036/0001008654-98-000036-index.html",
        "finalLink": "https://www.sec.gov/Archives/edgar/data/1008654/"
    },
    {
        "date": "1997-09-27",
        "symbol": "TUP",
        "reportedCurrency": "USD",
        "cik": "0001008654",
        "fillingDate": "1997-11-06",
        "acceptedDate": "1997-11-06 00:00:00",
        "calendarYear": "1997",
        "period": "Q3",
        "revenue": 251400000,
        "costOfRevenue": 95700000,
        "grossProfit": 155700000,
        "grossProfitRatio": 0.6193317422,
        "researchAndDevelopmentExpenses": 0,
        "generalAndAdministrativeExpenses": 0,
        "sellingAndMarketingExpenses": 0,
        "sellingGeneralAndAdministrativeExpenses": 143800000,
        "otherExpenses": 0,
        "operatingExpenses": 143800000,
        "costAndExpenses": 239500000,
        "interestIncome": 0,
        "interestExpense": 0,
        "depreciationAndAmortization": 16600000,
        "ebitda": 28500000,
        "ebitdaratio": 0.1133651551,
        "operatingIncome": 11900000,
        "operatingIncomeRatio": 0.0473349244,
        "totalOtherIncomeExpensesNet": -7300000,
        "incomeBeforeTax": 4600000,
        "incomeBeforeTaxRatio": 0.0182975338,
        "incomeTaxExpense": 1200000,
        "netIncome": 3400000,
        "netIncomeRatio": 0.0135242641,
        "eps": 0.06,
        "epsdiluted": 0.06,
        "weightedAverageShsOut": 61216000,
        "weightedAverageShsOutDil": 61734000,
        "link": "https://www.sec.gov/Archives/edgar/data/1008654/000100865497000019/0001008654-97-000019-index.html",
        "finalLink": "https://www.sec.gov/Archives/edgar/data/1008654/"
    },
    {
        "date": "1997-06-28",
        "symbol": "TUP",
        "reportedCurrency": "USD",
        "cik": "0001008654",
        "fillingDate": "1997-08-21",
        "acceptedDate": "1997-08-21 00:00:00",
        "calendarYear": "1997",
        "period": "Q2",
        "revenue": 342500000,
        "costOfRevenue": 131100000,
        "grossProfit": 211400000,
        "grossProfitRatio": 0.6172262774,
        "researchAndDevelopmentExpenses": 0,
        "generalAndAdministrativeExpenses": 0,
        "sellingAndMarketingExpenses": 0,
        "sellingGeneralAndAdministrativeExpenses": 154500000,
        "otherExpenses": 0,
        "operatingExpenses": 154500000,
        "costAndExpenses": 285600000,
        "interestIncome": 0,
        "interestExpense": 0,
        "depreciationAndAmortization": 16400000,
        "ebitda": 73300000,
        "ebitdaratio": 0.2140145985,
        "operatingIncome": 56900000,
        "operatingIncomeRatio": 0.1661313869,
        "totalOtherIncomeExpensesNet": -6000000,
        "incomeBeforeTax": 50900000,
        "incomeBeforeTaxRatio": 0.1486131387,
        "incomeTaxExpense": 12900000,
        "netIncome": 38000000,
        "netIncomeRatio": 0.1109489051,
        "eps": 0.62,
        "epsdiluted": 0.61,
        "weightedAverageShsOut": 61547000,
        "weightedAverageShsOutDil": 62121000,
        "link": "https://www.sec.gov/Archives/edgar/data/1008654/000100865497000016/0001008654-97-000016-index.html",
        "finalLink": "https://www.sec.gov/Archives/edgar/data/1008654/"
    },
    {
        "date": "1997-03-29",
        "symbol": "TUP",
        "reportedCurrency": "USD",
        "cik": "0001008654",
        "fillingDate": "1997-05-07",
        "acceptedDate": "1997-05-07 00:00:00",
        "calendarYear": "1997",
        "period": "Q1",
        "revenue": 315300000,
        "costOfRevenue": 114000000,
        "grossProfit": 201300000,
        "grossProfitRatio": 0.6384395814,
        "researchAndDevelopmentExpenses": 0,
        "generalAndAdministrativeExpenses": 0,
        "sellingAndMarketingExpenses": 0,
        "sellingGeneralAndAdministrativeExpenses": 160500000,
        "otherExpenses": 0,
        "operatingExpenses": 160500000,
        "costAndExpenses": 274500000,
        "interestIncome": 0,
        "interestExpense": 0,
        "depreciationAndAmortization": 16300000,
        "ebitda": 57100000,
        "ebitdaratio": 0.1810973676,
        "operatingIncome": 40800000,
        "operatingIncomeRatio": 0.1294005709,
        "totalOtherIncomeExpensesNet": -6700000,
        "incomeBeforeTax": 34100000,
        "incomeBeforeTaxRatio": 0.1081509673,
        "incomeTaxExpense": 9200000,
        "netIncome": 24900000,
        "netIncomeRatio": 0.0789724072,
        "eps": 0.4,
        "epsdiluted": 0.4,
        "weightedAverageShsOut": 62087000,
        "weightedAverageShsOutDil": 62999000,
        "link": "https://www.sec.gov/Archives/edgar/data/1008654/000100865497000008/0001008654-97-000008-index.html",
        "finalLink": "https://www.sec.gov/Archives/edgar/data/1008654/"
    },
    {
        "date": "1996-12-28",
        "symbol": "TUP",
        "reportedCurrency": "USD",
        "cik": "0001008654",
        "fillingDate": "1997-03-25",
        "acceptedDate": "1997-03-25 00:00:00",
        "calendarYear": "1996",
        "period": "Q4",
        "revenue": 370700000,
        "costOfRevenue": 111500000,
        "grossProfit": 259200000,
        "grossProfitRatio": 0.6992176963,
        "researchAndDevelopmentExpenses": 0,
        "generalAndAdministrativeExpenses": 0,
        "sellingAndMarketingExpenses": 0,
        "sellingGeneralAndAdministrativeExpenses": 136000000,
        "otherExpenses": 16500000,
        "operatingExpenses": 152500000,
        "costAndExpenses": 264000000,
        "interestIncome": 0,
        "interestExpense": 0,
        "depreciationAndAmortization": 16500000,
        "ebitda": 123200000,
        "ebitdaratio": 0.3323442136,
        "operatingIncome": 106700000,
        "operatingIncomeRatio": 0.2878338279,
        "totalOtherIncomeExpensesNet": -8600000,
        "incomeBeforeTax": 98100000,
        "incomeBeforeTaxRatio": 0.2646344753,
        "incomeTaxExpense": 23700000,
        "netIncome": 74400000,
        "netIncomeRatio": 0.2007013758,
        "eps": 1.2,
        "epsdiluted": 1.18,
        "weightedAverageShsOut": 62087000,
        "weightedAverageShsOutDil": 62999000,
        "link": "https://www.sec.gov/Archives/edgar/data/1008654/000100865497000006/0001008654-97-000006-index.html",
        "finalLink": "https://www.sec.gov/Archives/edgar/data/1008654/"
    },
    {
        "date": "1996-09-28",
        "symbol": "TUP",
        "reportedCurrency": "USD",
        "cik": "0001008654",
        "fillingDate": "1996-11-08",
        "acceptedDate": "1996-11-08 00:00:00",
        "calendarYear": "1996",
        "period": "Q3",
        "revenue": 290600000,
        "costOfRevenue": 87200000,
        "grossProfit": 203400000,
        "grossProfitRatio": 0.6999311769,
        "researchAndDevelopmentExpenses": 0,
        "generalAndAdministrativeExpenses": 0,
        "sellingAndMarketingExpenses": 0,
        "sellingGeneralAndAdministrativeExpenses": 154900000,
        "otherExpenses": 17400000,
        "operatingExpenses": 172300000,
        "costAndExpenses": 259500000,
        "interestIncome": 0,
        "interestExpense": 0,
        "depreciationAndAmortization": 17400000,
        "ebitda": 48500000,
        "ebitdaratio": 0.1668960771,
        "operatingIncome": 31100000,
        "operatingIncomeRatio": 0.1070199587,
        "totalOtherIncomeExpensesNet": -6800000,
        "incomeBeforeTax": 24300000,
        "incomeBeforeTaxRatio": 0.0836200964,
        "incomeTaxExpense": 6200000,
        "netIncome": 18100000,
        "netIncomeRatio": 0.0622849277,
        "eps": 0.29,
        "epsdiluted": 0.29,
        "weightedAverageShsOut": 62132000,
        "weightedAverageShsOutDil": 63146000,
        "link": "https://www.sec.gov/Archives/edgar/data/1008654/000100865496000015/0001008654-96-000015-index.html",
        "finalLink": "https://www.sec.gov/Archives/edgar/data/1008654/"
    },
    {
        "date": "1996-06-29",
        "symbol": "TUP",
        "reportedCurrency": "USD",
        "cik": "0001008654",
        "fillingDate": "1996-08-09",
        "acceptedDate": "1996-08-09 00:00:00",
        "calendarYear": "1996",
        "period": "Q2",
        "revenue": 379000000,
        "costOfRevenue": 117900000,
        "grossProfit": 261100000,
        "grossProfitRatio": 0.6889182058,
        "researchAndDevelopmentExpenses": 0,
        "generalAndAdministrativeExpenses": 0,
        "sellingAndMarketingExpenses": 0,
        "sellingGeneralAndAdministrativeExpenses": 170000000,
        "otherExpenses": 16500000,
        "operatingExpenses": 186500000,
        "costAndExpenses": 304400000,
        "interestIncome": 0,
        "interestExpense": 0,
        "depreciationAndAmortization": 16500000,
        "ebitda": 91100000,
        "ebitdaratio": 0.2403693931,
        "operatingIncome": 74600000,
        "operatingIncomeRatio": 0.1968337731,
        "totalOtherIncomeExpensesNet": -5800000,
        "incomeBeforeTax": 68800000,
        "incomeBeforeTaxRatio": 0.181530343,
        "incomeTaxExpense": 18200000,
        "netIncome": 50600000,
        "netIncomeRatio": 0.1335092348,
        "eps": 0.77,
        "epsdiluted": 0.77,
        "weightedAverageShsOut": 62030000,
        "weightedAverageShsOutDil": 63081000,
        "link": "https://www.sec.gov/Archives/edgar/data/1008654/000100865496000009/0001008654-96-000009-index.html",
        "finalLink": "https://www.sec.gov/Archives/edgar/data/1008654/"
    },
    {
        "date": "1996-03-30",
        "symbol": "TUP",
        "reportedCurrency": "USD",
        "cik": "0001008654",
        "fillingDate": "1996-05-30",
        "acceptedDate": "1996-05-30 00:00:00",
        "calendarYear": "1996",
        "period": "Q1",
        "revenue": 329000000,
        "costOfRevenue": 105500000,
        "grossProfit": 223500000,
        "grossProfitRatio": 0.679331307,
        "researchAndDevelopmentExpenses": 0,
        "generalAndAdministrativeExpenses": 0,
        "sellingAndMarketingExpenses": 0,
        "sellingGeneralAndAdministrativeExpenses": 166200000,
        "otherExpenses": 14900000,
        "operatingExpenses": 181100000,
        "costAndExpenses": 286600000,
        "interestIncome": 0,
        "interestExpense": 0,
        "depreciationAndAmortization": 14900000,
        "ebitda": 57300000,
        "ebitdaratio": 0.1741641337,
        "operatingIncome": 42400000,
        "operatingIncomeRatio": 0.1288753799,
        "totalOtherIncomeExpensesNet": 900000,
        "incomeBeforeTax": 43300000,
        "incomeBeforeTaxRatio": 0.1316109422,
        "incomeTaxExpense": 11700000,
        "netIncome": 31600000,
        "netIncomeRatio": 0.0960486322,
        "eps": 0.46,
        "epsdiluted": 0.46,
        "weightedAverageShsOut": 62030000,
        "weightedAverageShsOutDil": 63095000,
        "link": "https://www.sec.gov/Archives/edgar/data/1008654/000100865496000006/0001008654-96-000006-index.html",
        "finalLink": "https://www.sec.gov/Archives/edgar/data/1008654/"
    }
]