[
    {
        "date": "2018-03-31",
        "symbol": "TWX",
        "reportedCurrency": "USD",
        "cik": "0001105705",
        "fillingDate": "2018-03-31",
        "acceptedDate": "2018-03-31 00:00:00",
        "calendarYear": "2018",
        "period": "Q1",
        "revenue": 7996000000,
        "costOfRevenue": 4717000000,
        "grossProfit": 3279000000,
        "grossProfitRatio": 0.41008004,
        "researchAndDevelopmentExpenses": 0,
        "generalAndAdministrativeExpenses": 0,
        "sellingAndMarketingExpenses": 0,
        "sellingGeneralAndAdministrativeExpenses": 1402000000,
        "otherExpenses": 43000000,
        "operatingExpenses": 1445000000,
        "costAndExpenses": 6162000000,
        "interestIncome": 48000000,
        "interestExpense": 255000000,
        "depreciationAndAmortization": 2685000000,
        "ebitda": 4496000000,
        "ebitdaratio": 0.5622811406,
        "operatingIncome": 1811000000,
        "operatingIncomeRatio": 0.2264882441,
        "totalOtherIncomeExpensesNet": -301000000,
        "incomeBeforeTax": 1510000000,
        "incomeBeforeTaxRatio": 0.1888444222,
        "incomeTaxExpense": -132000000,
        "netIncome": 1643000000,
        "netIncomeRatio": 0.2054777389,
        "eps": 2.1,
        "epsdiluted": 2.07,
        "weightedAverageShsOut": 780900000,
        "weightedAverageShsOutDil": 792000000,
        "link": null,
        "finalLink": null
    },
    {
        "date": "2017-12-31",
        "symbol": "TWX",
        "reportedCurrency": "USD",
        "cik": "0001105705",
        "fillingDate": "2017-12-31",
        "acceptedDate": "2017-12-31 00:00:00",
        "calendarYear": "2017",
        "period": "Q4",
        "revenue": 8611000000,
        "costOfRevenue": 5181000000,
        "grossProfit": 3430000000,
        "grossProfitRatio": 0.3983277204,
        "researchAndDevelopmentExpenses": 0,
        "generalAndAdministrativeExpenses": 0,
        "sellingAndMarketingExpenses": 0,
        "sellingGeneralAndAdministrativeExpenses": 1358000000,
        "otherExpenses": 61000000,
        "operatingExpenses": 1419000000,
        "costAndExpenses": 6600000000,
        "interestIncome": 52000000,
        "interestExpense": 295000000,
        "depreciationAndAmortization": 3127000000,
        "ebitda": 5034000000,
        "ebitdaratio": 0.5846010916,
        "operatingIncome": 1907000000,
        "operatingIncomeRatio": 0.2214609221,
        "totalOtherIncomeExpensesNet": -1290000000,
        "incomeBeforeTax": 617000000,
        "incomeBeforeTaxRatio": 0.0716525375,
        "incomeTaxExpense": -771000000,
        "netIncome": 1389000000,
        "netIncomeRatio": 0.1613053072,
        "eps": 1.78,
        "epsdiluted": 1.75,
        "weightedAverageShsOut": 778900000,
        "weightedAverageShsOutDil": 791600000,
        "link": null,
        "finalLink": null
    },
    {
        "date": "2017-09-30",
        "symbol": "TWX",
        "reportedCurrency": "USD",
        "cik": "0001105705",
        "fillingDate": "2017-09-30",
        "acceptedDate": "2017-09-30 00:00:00",
        "calendarYear": "2017",
        "period": "Q3",
        "revenue": 7595000000,
        "costOfRevenue": 3928000000,
        "grossProfit": 3667000000,
        "grossProfitRatio": 0.4828176432,
        "researchAndDevelopmentExpenses": 0,
        "generalAndAdministrativeExpenses": 0,
        "sellingAndMarketingExpenses": 0,
        "sellingGeneralAndAdministrativeExpenses": 1378000000,
        "otherExpenses": 45000000,
        "operatingExpenses": 1423000000,
        "costAndExpenses": 5351000000,
        "interestIncome": 51000000,
        "interestExpense": 305000000,
        "depreciationAndAmortization": 1979000000,
        "ebitda": 4221000000,
        "ebitdaratio": 0.5557603687,
        "operatingIncome": 2245000000,
        "operatingIncomeRatio": 0.2955892034,
        "totalOtherIncomeExpensesNet": -324000000,
        "incomeBeforeTax": 1921000000,
        "incomeBeforeTaxRatio": 0.2529295589,
        "incomeTaxExpense": 550000000,
        "netIncome": 1372000000,
        "netIncomeRatio": 0.1806451613,
        "eps": 1.76,
        "epsdiluted": 1.73,
        "weightedAverageShsOut": 778000000,
        "weightedAverageShsOutDil": 791700000,
        "link": null,
        "finalLink": null
    },
    {
        "date": "2017-06-30",
        "symbol": "TWX",
        "reportedCurrency": "USD",
        "cik": "0001105705",
        "fillingDate": "2017-06-30",
        "acceptedDate": "2017-06-30 00:00:00",
        "calendarYear": "2017",
        "period": "Q2",
        "revenue": 7330000000,
        "costOfRevenue": 4205000000,
        "grossProfit": 3125000000,
        "grossProfitRatio": 0.4263301501,
        "researchAndDevelopmentExpenses": 0,
        "generalAndAdministrativeExpenses": 0,
        "sellingAndMarketingExpenses": 0,
        "sellingGeneralAndAdministrativeExpenses": 1427000000,
        "otherExpenses": 46000000,
        "operatingExpenses": 1473000000,
        "costAndExpenses": 5678000000,
        "interestIncome": 57000000,
        "interestExpense": 306000000,
        "depreciationAndAmortization": 2513000000,
        "ebitda": 4205000000,
        "ebitdaratio": 0.5736698499,
        "operatingIncome": 1692000000,
        "operatingIncomeRatio": 0.2308321965,
        "totalOtherIncomeExpensesNet": -178000000,
        "incomeBeforeTax": 1514000000,
        "incomeBeforeTaxRatio": 0.2065484311,
        "incomeTaxExpense": 452000000,
        "netIncome": 1062000000,
        "netIncomeRatio": 0.1448840382,
        "eps": 1.37,
        "epsdiluted": 1.34,
        "weightedAverageShsOut": 775800000,
        "weightedAverageShsOutDil": 790000000,
        "link": null,
        "finalLink": null
    },
    {
        "date": "2017-03-31",
        "symbol": "TWX",
        "reportedCurrency": "USD",
        "cik": "0001105705",
        "fillingDate": "2017-03-31",
        "acceptedDate": "2017-03-31 00:00:00",
        "calendarYear": "2017",
        "period": "Q1",
        "revenue": 7735000000,
        "costOfRevenue": 4333000000,
        "grossProfit": 3402000000,
        "grossProfitRatio": 0.4398190045,
        "researchAndDevelopmentExpenses": 0,
        "generalAndAdministrativeExpenses": 0,
        "sellingAndMarketingExpenses": 0,
        "sellingGeneralAndAdministrativeExpenses": 1275000000,
        "otherExpenses": 45000000,
        "operatingExpenses": 1320000000,
        "costAndExpenses": 5653000000,
        "interestIncome": 49000000,
        "interestExpense": 308000000,
        "depreciationAndAmortization": 2344000000,
        "ebitda": 4420000000,
        "ebitdaratio": 0.5714285714,
        "operatingIncome": 2076000000,
        "operatingIncomeRatio": 0.2683904331,
        "totalOtherIncomeExpensesNet": -183000000,
        "incomeBeforeTax": 1893000000,
        "incomeBeforeTaxRatio": 0.2447317388,
        "incomeTaxExpense": 470000000,
        "netIncome": 1424000000,
        "netIncomeRatio": 0.1840982547,
        "eps": 1.84,
        "epsdiluted": 1.8,
        "weightedAverageShsOut": 773600000,
        "weightedAverageShsOutDil": 789300000,
        "link": null,
        "finalLink": null
    },
    {
        "date": "2016-12-31",
        "symbol": "TWX",
        "reportedCurrency": "USD",
        "cik": "0001105705",
        "fillingDate": "2016-12-31",
        "acceptedDate": "2016-12-30 19:00:00",
        "calendarYear": "2016",
        "period": "Q4",
        "revenue": 7891000000,
        "costOfRevenue": 4658000000,
        "grossProfit": 3233000000,
        "grossProfitRatio": 0.4097072614,
        "researchAndDevelopmentExpenses": 0,
        "generalAndAdministrativeExpenses": 0,
        "sellingAndMarketingExpenses": 0,
        "sellingGeneralAndAdministrativeExpenses": 1435000000,
        "otherExpenses": -16000000,
        "operatingExpenses": 1482000000,
        "costAndExpenses": 6140000000,
        "interestIncome": 56000000,
        "interestExpense": 343000000,
        "depreciationAndAmortization": 2607000000,
        "ebitda": 4376000000,
        "ebitdaratio": 0.5545558231,
        "operatingIncome": 1691000000,
        "operatingIncomeRatio": 0.2142947662,
        "totalOtherIncomeExpensesNet": -1280000000,
        "incomeBeforeTax": 411000000,
        "incomeBeforeTaxRatio": 0.0520846534,
        "incomeTaxExpense": 94000000,
        "netIncome": 293000000,
        "netIncomeRatio": 0.0371309086,
        "eps": 0.37,
        "epsdiluted": 0.37,
        "weightedAverageShsOut": 771600000,
        "weightedAverageShsOutDil": 783700000,
        "link": null,
        "finalLink": null
    },
    {
        "date": "2016-09-30",
        "symbol": "TWX",
        "reportedCurrency": "USD",
        "cik": "0001105705",
        "fillingDate": "2016-09-30",
        "acceptedDate": "2016-09-29 20:00:00",
        "calendarYear": "2016",
        "period": "Q3",
        "revenue": 7167000000,
        "costOfRevenue": 3873000000,
        "grossProfit": 3294000000,
        "grossProfitRatio": 0.4596065299,
        "researchAndDevelopmentExpenses": 0,
        "generalAndAdministrativeExpenses": 0,
        "sellingAndMarketingExpenses": 0,
        "sellingGeneralAndAdministrativeExpenses": 1179000000,
        "otherExpenses": -17000000,
        "operatingExpenses": 1227000000,
        "costAndExpenses": 5100000000,
        "interestIncome": 52000000,
        "interestExpense": 350000000,
        "depreciationAndAmortization": 1892000000,
        "ebitda": 3931000000,
        "ebitdaratio": 0.5484861169,
        "operatingIncome": 2014000000,
        "operatingIncomeRatio": 0.2810101856,
        "totalOtherIncomeExpensesNet": -325000000,
        "incomeBeforeTax": 1689000000,
        "incomeBeforeTaxRatio": 0.2356634575,
        "incomeTaxExpense": 217000000,
        "netIncome": 1467000000,
        "netIncomeRatio": 0.204688154,
        "eps": 1.89,
        "epsdiluted": 1.86,
        "weightedAverageShsOut": 776200000,
        "weightedAverageShsOutDil": 787500000,
        "link": null,
        "finalLink": null
    },
    {
        "date": "2016-06-30",
        "symbol": "TWX",
        "reportedCurrency": "USD",
        "cik": "0001105705",
        "fillingDate": "2016-06-30",
        "acceptedDate": "2016-06-29 20:00:00",
        "calendarYear": "2016",
        "period": "Q2",
        "revenue": 6952000000,
        "costOfRevenue": 3840000000,
        "grossProfit": 3112000000,
        "grossProfitRatio": 0.4476409666,
        "researchAndDevelopmentExpenses": 0,
        "generalAndAdministrativeExpenses": 0,
        "sellingAndMarketingExpenses": 0,
        "sellingGeneralAndAdministrativeExpenses": 1258000000,
        "otherExpenses": -10000000,
        "operatingExpenses": 1305000000,
        "costAndExpenses": 5145000000,
        "interestIncome": 56000000,
        "interestExpense": 348000000,
        "depreciationAndAmortization": 2215000000,
        "ebitda": 3986000000,
        "ebitdaratio": 0.5733601841,
        "operatingIncome": 1846000000,
        "operatingIncomeRatio": 0.2655350978,
        "totalOtherIncomeExpensesNet": -423000000,
        "incomeBeforeTax": 1423000000,
        "incomeBeforeTaxRatio": 0.204689298,
        "incomeTaxExpense": 472000000,
        "netIncome": 952000000,
        "netIncomeRatio": 0.1369390104,
        "eps": 1.21,
        "epsdiluted": 1.2,
        "weightedAverageShsOut": 784500000,
        "weightedAverageShsOutDil": 795400000,
        "link": null,
        "finalLink": null
    },
    {
        "date": "2016-03-31",
        "symbol": "TWX",
        "reportedCurrency": "USD",
        "cik": "0001105705",
        "fillingDate": "2016-03-31",
        "acceptedDate": "2016-03-30 20:00:00",
        "calendarYear": "2016",
        "period": "Q1",
        "revenue": 7308000000,
        "costOfRevenue": 4005000000,
        "grossProfit": 3303000000,
        "grossProfitRatio": 0.4519704433,
        "researchAndDevelopmentExpenses": 0,
        "generalAndAdministrativeExpenses": 0,
        "sellingAndMarketingExpenses": 0,
        "sellingGeneralAndAdministrativeExpenses": 1251000000,
        "otherExpenses": 5000000,
        "operatingExpenses": 1299000000,
        "costAndExpenses": 5304000000,
        "interestIncome": 63000000,
        "interestExpense": 347000000,
        "depreciationAndAmortization": 2279000000,
        "ebitda": 4298000000,
        "ebitdaratio": 0.5881226054,
        "operatingIncome": 1996000000,
        "operatingIncomeRatio": 0.2731253421,
        "totalOtherIncomeExpensesNet": -324000000,
        "incomeBeforeTax": 1672000000,
        "incomeBeforeTaxRatio": 0.2287903667,
        "incomeTaxExpense": 498000000,
        "netIncome": 1214000000,
        "netIncomeRatio": 0.1661193213,
        "eps": 1.53,
        "epsdiluted": 1.51,
        "weightedAverageShsOut": 790700000,
        "weightedAverageShsOutDil": 802300000,
        "link": null,
        "finalLink": null
    },
    {
        "date": "2015-12-31",
        "symbol": "TWX",
        "reportedCurrency": "USD",
        "cik": "0001105705",
        "fillingDate": "2015-12-31",
        "acceptedDate": "2015-12-30 19:00:00",
        "calendarYear": "2015",
        "period": "Q4",
        "revenue": 7079000000,
        "costOfRevenue": 4352000000,
        "grossProfit": 2727000000,
        "grossProfitRatio": 0.3852239017,
        "researchAndDevelopmentExpenses": 0,
        "generalAndAdministrativeExpenses": 0,
        "sellingAndMarketingExpenses": 0,
        "sellingGeneralAndAdministrativeExpenses": 1244000000,
        "otherExpenses": -6000000,
        "operatingExpenses": 1295000000,
        "costAndExpenses": 5647000000,
        "interestIncome": 58000000,
        "interestExpense": 347000000,
        "depreciationAndAmortization": 2471000000,
        "ebitda": 3955000000,
        "ebitdaratio": 0.5586947309,
        "operatingIncome": 1386000000,
        "operatingIncomeRatio": 0.1957903659,
        "totalOtherIncomeExpensesNet": -249000000,
        "incomeBeforeTax": 1137000000,
        "incomeBeforeTaxRatio": 0.1606159062,
        "incomeTaxExpense": 280000000,
        "netIncome": 857000000,
        "netIncomeRatio": 0.1210622969,
        "eps": 1.07,
        "epsdiluted": 1.06,
        "weightedAverageShsOut": 798300000,
        "weightedAverageShsOutDil": 811700000,
        "link": null,
        "finalLink": null
    },
    {
        "date": "2015-09-30",
        "symbol": "TWX",
        "reportedCurrency": "USD",
        "cik": "0001105705",
        "fillingDate": "2015-09-30",
        "acceptedDate": "2015-09-29 20:00:00",
        "calendarYear": "2015",
        "period": "Q3",
        "revenue": 6564000000,
        "costOfRevenue": 3526000000,
        "grossProfit": 3038000000,
        "grossProfitRatio": 0.4628275442,
        "researchAndDevelopmentExpenses": 0,
        "generalAndAdministrativeExpenses": 0,
        "sellingAndMarketingExpenses": 0,
        "sellingGeneralAndAdministrativeExpenses": 1143000000,
        "otherExpenses": -13000000,
        "operatingExpenses": 1190000000,
        "costAndExpenses": 4716000000,
        "interestIncome": 52000000,
        "interestExpense": 346000000,
        "depreciationAndAmortization": 1819000000,
        "ebitda": 3651000000,
        "ebitdaratio": 0.5562157221,
        "operatingIncome": 1834000000,
        "operatingIncomeRatio": 0.2794028032,
        "totalOtherIncomeExpensesNet": -348000000,
        "incomeBeforeTax": 1486000000,
        "incomeBeforeTaxRatio": 0.2263863498,
        "incomeTaxExpense": 452000000,
        "netIncome": 1035000000,
        "netIncomeRatio": 0.157678245,
        "eps": 1.27,
        "epsdiluted": 1.26,
        "weightedAverageShsOut": 810200000,
        "weightedAverageShsOutDil": 824100000,
        "link": null,
        "finalLink": null
    },
    {
        "date": "2015-06-30",
        "symbol": "TWX",
        "reportedCurrency": "USD",
        "cik": "0001105705",
        "fillingDate": "2015-06-30",
        "acceptedDate": "2015-06-29 20:00:00",
        "calendarYear": "2015",
        "period": "Q2",
        "revenue": 7348000000,
        "costOfRevenue": 4188000000,
        "grossProfit": 3160000000,
        "grossProfitRatio": 0.4300489929,
        "researchAndDevelopmentExpenses": 0,
        "generalAndAdministrativeExpenses": 0,
        "sellingAndMarketingExpenses": 0,
        "sellingGeneralAndAdministrativeExpenses": 1248000000,
        "otherExpenses": -2000000,
        "operatingExpenses": 1291000000,
        "costAndExpenses": 5479000000,
        "interestIncome": 58000000,
        "interestExpense": 344000000,
        "depreciationAndAmortization": 2217000000,
        "ebitda": 4096000000,
        "ebitdaratio": 0.5574305934,
        "operatingIncome": 1859000000,
        "operatingIncomeRatio": 0.252994012,
        "totalOtherIncomeExpensesNet": -411000000,
        "incomeBeforeTax": 1448000000,
        "incomeBeforeTaxRatio": 0.1970604246,
        "incomeTaxExpense": 477000000,
        "netIncome": 971000000,
        "netIncomeRatio": 0.1321448013,
        "eps": 1.18,
        "epsdiluted": 1.16,
        "weightedAverageShsOut": 821600000,
        "weightedAverageShsOutDil": 836300000,
        "link": null,
        "finalLink": null
    },
    {
        "date": "2015-03-31",
        "symbol": "TWX",
        "reportedCurrency": "USD",
        "cik": "0001105705",
        "fillingDate": "2015-03-31",
        "acceptedDate": "2015-03-30 20:00:00",
        "calendarYear": "2015",
        "period": "Q1",
        "revenue": 7127000000,
        "costOfRevenue": 4088000000,
        "grossProfit": 3039000000,
        "grossProfitRatio": 0.4264066227,
        "researchAndDevelopmentExpenses": 0,
        "generalAndAdministrativeExpenses": 0,
        "sellingAndMarketingExpenses": 0,
        "sellingGeneralAndAdministrativeExpenses": 1189000000,
        "otherExpenses": -9000000,
        "operatingExpenses": 1237000000,
        "costAndExpenses": 5325000000,
        "interestIncome": 51000000,
        "interestExpense": 345000000,
        "depreciationAndAmortization": 2204000000,
        "ebitda": 3999000000,
        "ebitdaratio": 0.5611056546,
        "operatingIncome": 1786000000,
        "operatingIncomeRatio": 0.2505963238,
        "totalOtherIncomeExpensesNet": -411000000,
        "incomeBeforeTax": 1375000000,
        "incomeBeforeTaxRatio": 0.1929283008,
        "incomeTaxExpense": 442000000,
        "netIncome": 970000000,
        "netIncomeRatio": 0.1361021468,
        "eps": 1.17,
        "epsdiluted": 1.15,
        "weightedAverageShsOut": 829400000,
        "weightedAverageShsOutDil": 845900000,
        "link": null,
        "finalLink": null
    },
    {
        "date": "2014-12-31",
        "symbol": "TWX",
        "reportedCurrency": "USD",
        "cik": "0001105705",
        "fillingDate": "2014-12-31",
        "acceptedDate": "2014-12-30 19:00:00",
        "calendarYear": "2014",
        "period": "Q4",
        "revenue": 7525000000,
        "costOfRevenue": 4418000000,
        "grossProfit": 3107000000,
        "grossProfitRatio": 0.4128903654,
        "researchAndDevelopmentExpenses": 0,
        "generalAndAdministrativeExpenses": 0,
        "sellingAndMarketingExpenses": 0,
        "sellingGeneralAndAdministrativeExpenses": 1477000000,
        "otherExpenses": 0,
        "operatingExpenses": 1527000000,
        "costAndExpenses": 5945000000,
        "interestIncome": 45000000,
        "interestExpense": 346000000,
        "depreciationAndAmortization": 2289000000,
        "ebitda": 3736000000,
        "ebitdaratio": 0.4964784053,
        "operatingIncome": 1389000000,
        "operatingIncomeRatio": 0.1845847176,
        "totalOtherIncomeExpensesNet": -288000000,
        "incomeBeforeTax": 1101000000,
        "incomeBeforeTaxRatio": 0.1463122924,
        "incomeTaxExpense": 381000000,
        "netIncome": 718000000,
        "netIncomeRatio": 0.0954152824,
        "eps": 0.85,
        "epsdiluted": 0.84,
        "weightedAverageShsOut": 836700000,
        "weightedAverageShsOutDil": 855700000,
        "link": null,
        "finalLink": null
    },
    {
        "date": "2014-09-30",
        "symbol": "TWX",
        "reportedCurrency": "USD",
        "cik": "0001105705",
        "fillingDate": "2014-09-30",
        "acceptedDate": "2014-09-29 20:00:00",
        "calendarYear": "2014",
        "period": "Q3",
        "revenue": 6243000000,
        "costOfRevenue": 3681000000,
        "grossProfit": 2562000000,
        "grossProfitRatio": 0.4103796252,
        "researchAndDevelopmentExpenses": 0,
        "generalAndAdministrativeExpenses": 0,
        "sellingAndMarketingExpenses": 0,
        "sellingGeneralAndAdministrativeExpenses": 1226000000,
        "otherExpenses": 6000000,
        "operatingExpenses": 1278000000,
        "costAndExpenses": 4959000000,
        "interestIncome": 39000000,
        "interestExpense": 346000000,
        "depreciationAndAmortization": 2203000000,
        "ebitda": 3078000000,
        "ebitdaratio": 0.4930321961,
        "operatingIncome": 971000000,
        "operatingIncomeRatio": 0.1555341983,
        "totalOtherIncomeExpensesNet": -442000000,
        "incomeBeforeTax": 529000000,
        "incomeBeforeTaxRatio": 0.0847349031,
        "incomeTaxExpense": -437000000,
        "netIncome": 967000000,
        "netIncomeRatio": 0.1548934807,
        "eps": 1.13,
        "epsdiluted": 1.11,
        "weightedAverageShsOut": 850900000,
        "weightedAverageShsOutDil": 870200000,
        "link": null,
        "finalLink": null
    },
    {
        "date": "2014-06-30",
        "symbol": "TWX",
        "reportedCurrency": "USD",
        "cik": "0001105705",
        "fillingDate": "2014-06-30",
        "acceptedDate": "2014-06-29 20:00:00",
        "calendarYear": "2014",
        "period": "Q2",
        "revenue": 6788000000,
        "costOfRevenue": 3925000000,
        "grossProfit": 2863000000,
        "grossProfitRatio": 0.4217737183,
        "researchAndDevelopmentExpenses": 0,
        "generalAndAdministrativeExpenses": 0,
        "sellingAndMarketingExpenses": 0,
        "sellingGeneralAndAdministrativeExpenses": 1217000000,
        "otherExpenses": 1000000,
        "operatingExpenses": 1267000000,
        "costAndExpenses": 5192000000,
        "interestIncome": 38000000,
        "interestExpense": 334000000,
        "depreciationAndAmortization": 2098000000,
        "ebitda": 3709000000,
        "ebitdaratio": 0.5464054213,
        "operatingIncome": 1567000000,
        "operatingIncomeRatio": 0.2308485563,
        "totalOtherIncomeExpensesNet": -290000000,
        "incomeBeforeTax": 1277000000,
        "incomeBeforeTaxRatio": 0.1881261049,
        "incomeTaxExpense": 434000000,
        "netIncome": 850000000,
        "netIncomeRatio": 0.1252209782,
        "eps": 0.97,
        "epsdiluted": 0.95,
        "weightedAverageShsOut": 874800000,
        "weightedAverageShsOutDil": 894200000,
        "link": null,
        "finalLink": null
    },
    {
        "date": "2014-03-31",
        "symbol": "TWX",
        "reportedCurrency": "USD",
        "cik": "0001105705",
        "fillingDate": "2014-03-31",
        "acceptedDate": "2014-03-30 20:00:00",
        "calendarYear": "2014",
        "period": "Q1",
        "revenue": 7545000000,
        "costOfRevenue": 4160000000,
        "grossProfit": 3385000000,
        "grossProfitRatio": 0.4486414844,
        "researchAndDevelopmentExpenses": 0,
        "generalAndAdministrativeExpenses": 0,
        "sellingAndMarketingExpenses": 0,
        "sellingGeneralAndAdministrativeExpenses": 1663000000,
        "otherExpenses": 0,
        "operatingExpenses": 1732000000,
        "costAndExpenses": 5892000000,
        "interestIncome": 62000000,
        "interestExpense": 328000000,
        "depreciationAndAmortization": 2183000000,
        "ebitda": 4171000000,
        "ebitdaratio": 0.5528164347,
        "operatingIncome": 1932000000,
        "operatingIncomeRatio": 0.2560636183,
        "totalOtherIncomeExpensesNet": -272000000,
        "incomeBeforeTax": 1660000000,
        "incomeBeforeTaxRatio": 0.2200132538,
        "incomeTaxExpense": 368000000,
        "netIncome": 1292000000,
        "netIncomeRatio": 0.1712392313,
        "eps": 1.45,
        "epsdiluted": 1.42,
        "weightedAverageShsOut": 891000000,
        "weightedAverageShsOutDil": 910600000,
        "link": null,
        "finalLink": null
    },
    {
        "date": "2013-12-31",
        "symbol": "TWX",
        "reportedCurrency": "USD",
        "cik": "0001105705",
        "fillingDate": "2013-12-31",
        "acceptedDate": "2013-12-30 19:00:00",
        "calendarYear": "2013",
        "period": "Q4",
        "revenue": 8565000000,
        "costOfRevenue": 4776000000,
        "grossProfit": 3789000000,
        "grossProfitRatio": 0.4423817863,
        "researchAndDevelopmentExpenses": 0,
        "generalAndAdministrativeExpenses": 0,
        "sellingAndMarketingExpenses": 0,
        "sellingGeneralAndAdministrativeExpenses": 1730000000,
        "otherExpenses": -11000000,
        "operatingExpenses": 1800000000,
        "costAndExpenses": 6576000000,
        "interestIncome": 21000000,
        "interestExpense": 321000000,
        "depreciationAndAmortization": 2293000000,
        "ebitda": 4105000000,
        "ebitdaratio": 0.4792761238,
        "operatingIncome": 1840000000,
        "operatingIncomeRatio": 0.2148277875,
        "totalOtherIncomeExpensesNet": -349000000,
        "incomeBeforeTax": 1491000000,
        "incomeBeforeTaxRatio": 0.1740805604,
        "incomeTaxExpense": 508000000,
        "netIncome": 983000000,
        "netIncomeRatio": 0.1147694104,
        "eps": 1.09,
        "epsdiluted": 1.06,
        "weightedAverageShsOut": 901900000,
        "weightedAverageShsOutDil": 924300000,
        "link": null,
        "finalLink": null
    },
    {
        "date": "2013-09-30",
        "symbol": "TWX",
        "reportedCurrency": "USD",
        "cik": "0001105705",
        "fillingDate": "2013-09-30",
        "acceptedDate": "2013-09-29 20:00:00",
        "calendarYear": "2013",
        "period": "Q3",
        "revenue": 6856000000,
        "costOfRevenue": 3483000000,
        "grossProfit": 3373000000,
        "grossProfitRatio": 0.4919778296,
        "researchAndDevelopmentExpenses": 0,
        "generalAndAdministrativeExpenses": 0,
        "sellingAndMarketingExpenses": 0,
        "sellingGeneralAndAdministrativeExpenses": 1517000000,
        "otherExpenses": -5000000,
        "operatingExpenses": 1577000000,
        "costAndExpenses": 5060000000,
        "interestIncome": 21000000,
        "interestExpense": 322000000,
        "depreciationAndAmortization": 1649000000,
        "ebitda": 3494000000,
        "ebitdaratio": 0.5096266044,
        "operatingIncome": 1844000000,
        "operatingIncomeRatio": 0.2689614936,
        "totalOtherIncomeExpensesNet": -321000000,
        "incomeBeforeTax": 1523000000,
        "incomeBeforeTaxRatio": 0.2221411902,
        "incomeTaxExpense": 477000000,
        "netIncome": 1183000000,
        "netIncomeRatio": 0.1725495916,
        "eps": 1.29,
        "epsdiluted": 1.26,
        "weightedAverageShsOut": 916800000,
        "weightedAverageShsOutDil": 938800000,
        "link": null,
        "finalLink": null
    },
    {
        "date": "2013-06-30",
        "symbol": "TWX",
        "reportedCurrency": "USD",
        "cik": "0001105705",
        "fillingDate": "2013-06-30",
        "acceptedDate": "2013-06-29 20:00:00",
        "calendarYear": "2013",
        "period": "Q2",
        "revenue": 7435000000,
        "costOfRevenue": 4221000000,
        "grossProfit": 3214000000,
        "grossProfitRatio": 0.4322797579,
        "researchAndDevelopmentExpenses": 0,
        "generalAndAdministrativeExpenses": 0,
        "sellingAndMarketingExpenses": 0,
        "sellingGeneralAndAdministrativeExpenses": 1598000000,
        "otherExpenses": -12000000,
        "operatingExpenses": 1659000000,
        "costAndExpenses": 5880000000,
        "interestIncome": 25000000,
        "interestExpense": 324000000,
        "depreciationAndAmortization": 2197000000,
        "ebitda": 3732000000,
        "ebitdaratio": 0.5019502354,
        "operatingIncome": 1511000000,
        "operatingIncomeRatio": 0.2032279758,
        "totalOtherIncomeExpensesNet": -358000000,
        "incomeBeforeTax": 1153000000,
        "incomeBeforeTaxRatio": 0.1550773369,
        "incomeTaxExpense": 382000000,
        "netIncome": 771000000,
        "netIncomeRatio": 0.1036987223,
        "eps": 0.83,
        "epsdiluted": 0.81,
        "weightedAverageShsOut": 928600000,
        "weightedAverageShsOutDil": 950800000,
        "link": null,
        "finalLink": null
    },
    {
        "date": "2013-03-31",
        "symbol": "TWX",
        "reportedCurrency": "USD",
        "cik": "0001105705",
        "fillingDate": "2013-03-31",
        "acceptedDate": "2013-03-30 20:00:00",
        "calendarYear": "2013",
        "period": "Q1",
        "revenue": 6939000000,
        "costOfRevenue": 3750000000,
        "grossProfit": 3189000000,
        "grossProfitRatio": 0.4595763078,
        "researchAndDevelopmentExpenses": 0,
        "generalAndAdministrativeExpenses": 0,
        "sellingAndMarketingExpenses": 0,
        "sellingGeneralAndAdministrativeExpenses": 1620000000,
        "otherExpenses": 5000000,
        "operatingExpenses": 1680000000,
        "costAndExpenses": 5430000000,
        "interestIncome": 26000000,
        "interestExpense": 316000000,
        "depreciationAndAmortization": 2009000000,
        "ebitda": 3427000000,
        "ebitdaratio": 0.4938751982,
        "operatingIncome": 1410000000,
        "operatingIncomeRatio": 0.2031993083,
        "totalOtherIncomeExpensesNet": -308000000,
        "incomeBeforeTax": 1102000000,
        "incomeBeforeTaxRatio": 0.158812509,
        "incomeTaxExpense": 382000000,
        "netIncome": 720000000,
        "netIncomeRatio": 0.1037613489,
        "eps": 0.77,
        "epsdiluted": 0.75,
        "weightedAverageShsOut": 932800000,
        "weightedAverageShsOutDil": 956400000,
        "link": null,
        "finalLink": null
    },
    {
        "date": "2012-12-31",
        "symbol": "TWX",
        "reportedCurrency": "USD",
        "cik": "0001105705",
        "fillingDate": "2012-12-31",
        "acceptedDate": "2012-12-30 19:00:00",
        "calendarYear": "2012",
        "period": "Q4",
        "revenue": 8164000000,
        "costOfRevenue": 4436000000,
        "grossProfit": 3728000000,
        "grossProfitRatio": 0.4566389025,
        "researchAndDevelopmentExpenses": 0,
        "generalAndAdministrativeExpenses": 0,
        "sellingAndMarketingExpenses": 0,
        "sellingGeneralAndAdministrativeExpenses": 1641000000,
        "otherExpenses": 30000000,
        "operatingExpenses": 1671000000,
        "costAndExpenses": 6107000000,
        "interestIncome": 32000000,
        "interestExpense": 339000000,
        "depreciationAndAmortization": 7444000000,
        "ebitda": 9434000000,
        "ebitdaratio": 1.1555609995,
        "operatingIncome": 1990000000,
        "operatingIncomeRatio": 0.2437530622,
        "totalOtherIncomeExpensesNet": -339000000,
        "incomeBeforeTax": 1651000000,
        "incomeBeforeTaxRatio": 0.2022292994,
        "incomeTaxExpense": 483000000,
        "netIncome": 1168000000,
        "netIncomeRatio": 0.143067124,
        "eps": 1.24,
        "epsdiluted": 1.21,
        "weightedAverageShsOut": 942100000,
        "weightedAverageShsOutDil": 966900000,
        "link": "",
        "finalLink": ""
    },
    {
        "date": "2012-09-30",
        "symbol": "TWX",
        "reportedCurrency": "USD",
        "cik": "0001105705",
        "fillingDate": "2012-09-30",
        "acceptedDate": "2012-09-29 20:00:00",
        "calendarYear": "2012",
        "period": "Q3",
        "revenue": 6842000000,
        "costOfRevenue": 3657000000,
        "grossProfit": 3185000000,
        "grossProfitRatio": 0.4655071616,
        "researchAndDevelopmentExpenses": 0,
        "generalAndAdministrativeExpenses": 0,
        "sellingAndMarketingExpenses": 0,
        "sellingGeneralAndAdministrativeExpenses": 1511000000,
        "otherExpenses": 55000000,
        "operatingExpenses": 1566000000,
        "costAndExpenses": 5223000000,
        "interestIncome": 22000000,
        "interestExpense": 340000000,
        "depreciationAndAmortization": 222000000,
        "ebitda": 1818000000,
        "ebitdaratio": 0.2657117802,
        "operatingIncome": 1596000000,
        "operatingIncomeRatio": 0.2332651272,
        "totalOtherIncomeExpensesNet": -340000000,
        "incomeBeforeTax": 1256000000,
        "incomeBeforeTaxRatio": 0.183572055,
        "incomeTaxExpense": 418000000,
        "netIncome": 838000000,
        "netIncomeRatio": 0.1224788074,
        "eps": 0.88,
        "epsdiluted": 0.86,
        "weightedAverageShsOut": 950400000,
        "weightedAverageShsOutDil": 973900000,
        "link": "",
        "finalLink": ""
    },
    {
        "date": "2012-06-30",
        "symbol": "TWX",
        "reportedCurrency": "USD",
        "cik": "0001105705",
        "fillingDate": "2012-06-30",
        "acceptedDate": "2012-06-29 20:00:00",
        "calendarYear": "2012",
        "period": "Q2",
        "revenue": 6744000000,
        "costOfRevenue": 3865000000,
        "grossProfit": 2879000000,
        "grossProfitRatio": 0.4268979834,
        "researchAndDevelopmentExpenses": 0,
        "generalAndAdministrativeExpenses": 0,
        "sellingAndMarketingExpenses": 0,
        "sellingGeneralAndAdministrativeExpenses": 1606000000,
        "otherExpenses": 60000000,
        "operatingExpenses": 1666000000,
        "costAndExpenses": 5531000000,
        "interestIncome": 25000000,
        "interestExpense": 333000000,
        "depreciationAndAmortization": 221000000,
        "ebitda": 1263000000,
        "ebitdaratio": 0.1872775801,
        "operatingIncome": 1042000000,
        "operatingIncomeRatio": 0.1545077106,
        "totalOtherIncomeExpensesNet": -334000000,
        "incomeBeforeTax": 708000000,
        "incomeBeforeTaxRatio": 0.1049822064,
        "incomeTaxExpense": 279000000,
        "netIncome": 429000000,
        "netIncomeRatio": 0.0636120996,
        "eps": 0.45,
        "epsdiluted": 0.44,
        "weightedAverageShsOut": 956800000,
        "weightedAverageShsOutDil": 974200000,
        "link": "",
        "finalLink": ""
    },
    {
        "date": "2012-03-31",
        "symbol": "TWX",
        "reportedCurrency": "USD",
        "cik": "0001105705",
        "fillingDate": "2012-03-31",
        "acceptedDate": "2012-03-30 20:00:00",
        "calendarYear": "2012",
        "period": "Q1",
        "revenue": 6979000000,
        "costOfRevenue": 3976000000,
        "grossProfit": 3003000000,
        "grossProfitRatio": 0.4302908726,
        "researchAndDevelopmentExpenses": 0,
        "generalAndAdministrativeExpenses": 0,
        "sellingAndMarketingExpenses": 0,
        "sellingGeneralAndAdministrativeExpenses": 1575000000,
        "otherExpenses": 61000000,
        "operatingExpenses": 1636000000,
        "costAndExpenses": 5612000000,
        "interestIncome": 28000000,
        "interestExpense": 348000000,
        "depreciationAndAmortization": 215000000,
        "ebitda": 1492000000,
        "ebitdaratio": 0.2137842098,
        "operatingIncome": 1277000000,
        "operatingIncomeRatio": 0.1829775039,
        "totalOtherIncomeExpensesNet": -350000000,
        "incomeBeforeTax": 927000000,
        "incomeBeforeTaxRatio": 0.1328270526,
        "incomeTaxExpense": 346000000,
        "netIncome": 581000000,
        "netIncomeRatio": 0.0832497492,
        "eps": 0.6,
        "epsdiluted": 0.59,
        "weightedAverageShsOut": 968300000,
        "weightedAverageShsOutDil": 990100000,
        "link": "",
        "finalLink": ""
    },
    {
        "date": "2011-12-31",
        "symbol": "TWX",
        "reportedCurrency": "USD",
        "cik": "0001105705",
        "fillingDate": "2011-12-31",
        "acceptedDate": "2011-12-30 19:00:00",
        "calendarYear": "2011",
        "period": "Q4",
        "revenue": 8193000000,
        "costOfRevenue": 4732000000,
        "grossProfit": 3461000000,
        "grossProfitRatio": 0.4224337849,
        "researchAndDevelopmentExpenses": 0,
        "generalAndAdministrativeExpenses": 0,
        "sellingAndMarketingExpenses": 0,
        "sellingGeneralAndAdministrativeExpenses": 1664000000,
        "otherExpenses": 66000000,
        "operatingExpenses": 1730000000,
        "costAndExpenses": 6462000000,
        "interestIncome": 32000000,
        "interestExpense": 344000000,
        "depreciationAndAmortization": 233000000,
        "ebitda": 1759000000,
        "ebitdaratio": 0.2146954717,
        "operatingIncome": 1526000000,
        "operatingIncomeRatio": 0.1862565605,
        "totalOtherIncomeExpensesNet": -345000000,
        "incomeBeforeTax": 1181000000,
        "incomeBeforeTaxRatio": 0.1441474429,
        "incomeTaxExpense": 409000000,
        "netIncome": 772000000,
        "netIncomeRatio": 0.094226779,
        "eps": 0.8,
        "epsdiluted": 0.78,
        "weightedAverageShsOut": 968300000,
        "weightedAverageShsOutDil": 990100000,
        "link": "",
        "finalLink": ""
    },
    {
        "date": "2011-09-30",
        "symbol": "TWX",
        "reportedCurrency": "USD",
        "cik": "0001105705",
        "fillingDate": "2011-09-30",
        "acceptedDate": "2011-09-29 20:00:00",
        "calendarYear": "2011",
        "period": "Q3",
        "revenue": 7068000000,
        "costOfRevenue": 3808000000,
        "grossProfit": 3260000000,
        "grossProfitRatio": 0.4612337295,
        "researchAndDevelopmentExpenses": 0,
        "generalAndAdministrativeExpenses": 0,
        "sellingAndMarketingExpenses": 0,
        "sellingGeneralAndAdministrativeExpenses": 1563000000,
        "otherExpenses": 67000000,
        "operatingExpenses": 1630000000,
        "costAndExpenses": 5438000000,
        "interestIncome": 22000000,
        "interestExpense": 332000000,
        "depreciationAndAmortization": 228000000,
        "ebitda": 1813000000,
        "ebitdaratio": 0.256508206,
        "operatingIncome": 1585000000,
        "operatingIncomeRatio": 0.2242501415,
        "totalOtherIncomeExpensesNet": -332000000,
        "incomeBeforeTax": 1253000000,
        "incomeBeforeTaxRatio": 0.1772778721,
        "incomeTaxExpense": 431000000,
        "netIncome": 822000000,
        "netIncomeRatio": 0.1162988115,
        "eps": 0.79,
        "epsdiluted": 0.78,
        "weightedAverageShsOut": 1036400000,
        "weightedAverageShsOutDil": 1053300000,
        "link": "",
        "finalLink": ""
    },
    {
        "date": "2011-06-30",
        "symbol": "TWX",
        "reportedCurrency": "USD",
        "cik": "0001105705",
        "fillingDate": "2011-06-30",
        "acceptedDate": "2011-06-29 20:00:00",
        "calendarYear": "2011",
        "period": "Q2",
        "revenue": 7030000000,
        "costOfRevenue": 4044000000,
        "grossProfit": 2986000000,
        "grossProfitRatio": 0.4247510669,
        "researchAndDevelopmentExpenses": 0,
        "generalAndAdministrativeExpenses": 0,
        "sellingAndMarketingExpenses": 0,
        "sellingGeneralAndAdministrativeExpenses": 1621000000,
        "otherExpenses": 64000000,
        "operatingExpenses": 1685000000,
        "costAndExpenses": 5729000000,
        "interestIncome": 20000000,
        "interestExpense": 334000000,
        "depreciationAndAmortization": -1574000000,
        "ebitda": -289000000,
        "ebitdaratio": -0.0411095306,
        "operatingIncome": 1285000000,
        "operatingIncomeRatio": 0.1827880512,
        "totalOtherIncomeExpensesNet": -335000000,
        "incomeBeforeTax": 950000000,
        "incomeBeforeTaxRatio": 0.1351351351,
        "incomeTaxExpense": 313000000,
        "netIncome": 637000000,
        "netIncomeRatio": 0.0906116643,
        "eps": 0.6,
        "epsdiluted": 0.59,
        "weightedAverageShsOut": 1065400000,
        "weightedAverageShsOutDil": 1083900000,
        "link": "",
        "finalLink": ""
    },
    {
        "date": "2011-03-31",
        "symbol": "TWX",
        "reportedCurrency": "USD",
        "cik": "0001105705",
        "fillingDate": "2011-03-31",
        "acceptedDate": "2011-03-30 20:00:00",
        "calendarYear": "2011",
        "period": "Q1",
        "revenue": 6683000000,
        "costOfRevenue": 3727000000,
        "grossProfit": 2956000000,
        "grossProfitRatio": 0.442316325,
        "researchAndDevelopmentExpenses": 0,
        "generalAndAdministrativeExpenses": 0,
        "sellingAndMarketingExpenses": 0,
        "sellingGeneralAndAdministrativeExpenses": 1591000000,
        "otherExpenses": 68000000,
        "operatingExpenses": 1659000000,
        "costAndExpenses": 5386000000,
        "interestIncome": 37000000,
        "interestExpense": 311000000,
        "depreciationAndAmortization": 2035000000,
        "ebitda": 3330000000,
        "ebitdaratio": 0.4982792159,
        "operatingIncome": 1295000000,
        "operatingIncomeRatio": 0.1937752506,
        "totalOtherIncomeExpensesNet": -313000000,
        "incomeBeforeTax": 982000000,
        "incomeBeforeTaxRatio": 0.146939997,
        "incomeTaxExpense": 331000000,
        "netIncome": 651000000,
        "netIncomeRatio": 0.0974113422,
        "eps": 0.6,
        "epsdiluted": 0.59,
        "weightedAverageShsOut": 1090800000,
        "weightedAverageShsOutDil": 1110100000,
        "link": "",
        "finalLink": ""
    },
    {
        "date": "2010-12-31",
        "symbol": "TWX",
        "reportedCurrency": "USD",
        "cik": "0001105705",
        "fillingDate": "2010-12-31",
        "acceptedDate": "2010-12-30 19:00:00",
        "calendarYear": "2010",
        "period": "Q4",
        "revenue": 7812000000,
        "costOfRevenue": 4542000000,
        "grossProfit": 3270000000,
        "grossProfitRatio": 0.4185867896,
        "researchAndDevelopmentExpenses": 0,
        "generalAndAdministrativeExpenses": 0,
        "sellingAndMarketingExpenses": 0,
        "sellingGeneralAndAdministrativeExpenses": 1717000000,
        "otherExpenses": 56000000,
        "operatingExpenses": 1773000000,
        "costAndExpenses": 6315000000,
        "interestIncome": 25000000,
        "interestExpense": 308000000,
        "depreciationAndAmortization": 2241000000,
        "ebitda": 3739000000,
        "ebitdaratio": 0.4786226318,
        "operatingIncome": 1498000000,
        "operatingIncomeRatio": 0.1917562724,
        "totalOtherIncomeExpensesNet": -311000000,
        "incomeBeforeTax": 1187000000,
        "incomeBeforeTaxRatio": 0.1519457245,
        "incomeTaxExpense": 421000000,
        "netIncome": 766000000,
        "netIncomeRatio": 0.0980542755,
        "eps": 0.7,
        "epsdiluted": 0.69,
        "weightedAverageShsOut": 1090800000,
        "weightedAverageShsOutDil": 1110100000,
        "link": "",
        "finalLink": ""
    },
    {
        "date": "2010-09-30",
        "symbol": "TWX",
        "reportedCurrency": "USD",
        "cik": "0001105705",
        "fillingDate": "2010-09-30",
        "acceptedDate": "2010-09-29 20:00:00",
        "calendarYear": "2010",
        "period": "Q3",
        "revenue": 6377000000,
        "costOfRevenue": 3529000000,
        "grossProfit": 2848000000,
        "grossProfitRatio": 0.4466049867,
        "researchAndDevelopmentExpenses": 0,
        "generalAndAdministrativeExpenses": 0,
        "sellingAndMarketingExpenses": 0,
        "sellingGeneralAndAdministrativeExpenses": 1409000000,
        "otherExpenses": 54000000,
        "operatingExpenses": 1463000000,
        "costAndExpenses": 4992000000,
        "interestIncome": 23000000,
        "interestExpense": 322000000,
        "depreciationAndAmortization": 1781000000,
        "ebitda": 2846000000,
        "ebitdaratio": 0.4462913596,
        "operatingIncome": 1065000000,
        "operatingIncomeRatio": 0.1670064294,
        "totalOtherIncomeExpensesNet": -324000000,
        "incomeBeforeTax": 741000000,
        "incomeBeforeTaxRatio": 0.1161988396,
        "incomeTaxExpense": 221000000,
        "netIncome": 520000000,
        "netIncomeRatio": 0.0815430453,
        "eps": 0.46,
        "epsdiluted": 0.46,
        "weightedAverageShsOut": 1121000000,
        "weightedAverageShsOutDil": 1138000000,
        "link": "",
        "finalLink": ""
    },
    {
        "date": "2010-06-30",
        "symbol": "TWX",
        "reportedCurrency": "USD",
        "cik": "0001105705",
        "fillingDate": "2010-06-30",
        "acceptedDate": "2010-06-29 20:00:00",
        "calendarYear": "2010",
        "period": "Q2",
        "revenue": 6377000000,
        "costOfRevenue": 3599000000,
        "grossProfit": 2778000000,
        "grossProfitRatio": 0.4356280383,
        "researchAndDevelopmentExpenses": 0,
        "generalAndAdministrativeExpenses": 0,
        "sellingAndMarketingExpenses": 0,
        "sellingGeneralAndAdministrativeExpenses": 1512000000,
        "otherExpenses": 66000000,
        "operatingExpenses": 1578000000,
        "costAndExpenses": 5177000000,
        "interestIncome": 26000000,
        "interestExpense": 326000000,
        "depreciationAndAmortization": 1963000000,
        "ebitda": 3168000000,
        "ebitdaratio": 0.4967853223,
        "operatingIncome": 1205000000,
        "operatingIncomeRatio": 0.1889603262,
        "totalOtherIncomeExpensesNet": -328000000,
        "incomeBeforeTax": 877000000,
        "incomeBeforeTaxRatio": 0.1375254822,
        "incomeTaxExpense": 317000000,
        "netIncome": 560000000,
        "netIncomeRatio": 0.0878155873,
        "eps": 0.49,
        "epsdiluted": 0.49,
        "weightedAverageShsOut": 1136500000,
        "weightedAverageShsOutDil": 1153800000,
        "link": "",
        "finalLink": ""
    },
    {
        "date": "2010-03-31",
        "symbol": "TWX",
        "reportedCurrency": "USD",
        "cik": "0001105705",
        "fillingDate": "2010-03-31",
        "acceptedDate": "2010-03-30 20:00:00",
        "calendarYear": "2010",
        "period": "Q1",
        "revenue": 6322000000,
        "costOfRevenue": 3353000000,
        "grossProfit": 2969000000,
        "grossProfitRatio": 0.469629864,
        "researchAndDevelopmentExpenses": 0,
        "generalAndAdministrativeExpenses": 0,
        "sellingAndMarketingExpenses": 0,
        "sellingGeneralAndAdministrativeExpenses": 1488000000,
        "otherExpenses": 9000000,
        "operatingExpenses": 1497000000,
        "costAndExpenses": 4850000000,
        "interestIncome": 25000000,
        "interestExpense": 321000000,
        "depreciationAndAmortization": 1616000000,
        "ebitda": 3051000000,
        "ebitdaratio": 0.4826004429,
        "operatingIncome": 1435000000,
        "operatingIncomeRatio": 0.2269851313,
        "totalOtherIncomeExpensesNet": -321000000,
        "incomeBeforeTax": 1114000000,
        "incomeBeforeTaxRatio": 0.1762100601,
        "incomeTaxExpense": 389000000,
        "netIncome": 725000000,
        "netIncomeRatio": 0.1146788991,
        "eps": 0.63,
        "epsdiluted": 0.62,
        "weightedAverageShsOut": 1149800000,
        "weightedAverageShsOutDil": 1165400000,
        "link": "",
        "finalLink": ""
    },
    {
        "date": "2009-12-31",
        "symbol": "TWX",
        "reportedCurrency": "USD",
        "cik": "0001105705",
        "fillingDate": "2009-12-31",
        "acceptedDate": "2009-12-30 19:00:00",
        "calendarYear": "2009",
        "period": "Q4",
        "revenue": 4896000000,
        "costOfRevenue": 2793000000,
        "grossProfit": 2103000000,
        "grossProfitRatio": 0.4295343137,
        "researchAndDevelopmentExpenses": 0,
        "generalAndAdministrativeExpenses": 0,
        "sellingAndMarketingExpenses": 0,
        "sellingGeneralAndAdministrativeExpenses": 1291000000,
        "otherExpenses": -29000000,
        "operatingExpenses": 1262000000,
        "costAndExpenses": 4055000000,
        "interestIncome": 34000000,
        "interestExpense": 285000000,
        "depreciationAndAmortization": 1744000000,
        "ebitda": 2808000000,
        "ebitdaratio": 0.5735294118,
        "operatingIncome": 1064000000,
        "operatingIncomeRatio": 0.2173202614,
        "totalOtherIncomeExpensesNet": -575000000,
        "incomeBeforeTax": 489000000,
        "incomeBeforeTaxRatio": 0.099877451,
        "incomeTaxExpense": 152000000,
        "netIncome": 337000000,
        "netIncomeRatio": 0.0688316993,
        "eps": 0.29,
        "epsdiluted": 0.29,
        "weightedAverageShsOut": 1149800000,
        "weightedAverageShsOutDil": 1165400000,
        "link": "",
        "finalLink": ""
    },
    {
        "date": "2009-09-30",
        "symbol": "TWX",
        "reportedCurrency": "USD",
        "cik": "0001105705",
        "fillingDate": "2009-09-30",
        "acceptedDate": "2009-09-29 20:00:00",
        "calendarYear": "2009",
        "period": "Q3",
        "revenue": 7135000000,
        "costOfRevenue": 3924000000,
        "grossProfit": 3211000000,
        "grossProfitRatio": 0.4500350385,
        "researchAndDevelopmentExpenses": 0,
        "generalAndAdministrativeExpenses": 0,
        "sellingAndMarketingExpenses": 0,
        "sellingGeneralAndAdministrativeExpenses": 1612000000,
        "otherExpenses": 115000000,
        "operatingExpenses": 1727000000,
        "costAndExpenses": 5651000000,
        "interestIncome": 31000000,
        "interestExpense": 328000000,
        "depreciationAndAmortization": 1927000000,
        "ebitda": 3293000000,
        "ebitdaratio": 0.4615276804,
        "operatingIncome": 1366000000,
        "operatingIncomeRatio": 0.1914505957,
        "totalOtherIncomeExpensesNet": -326000000,
        "incomeBeforeTax": 1040000000,
        "incomeBeforeTaxRatio": 0.1457603364,
        "incomeTaxExpense": 377000000,
        "netIncome": 663000000,
        "netIncomeRatio": 0.0929222144,
        "eps": 0.56,
        "epsdiluted": 0.56,
        "weightedAverageShsOut": 1179900000,
        "weightedAverageShsOutDil": 1193300000,
        "link": "",
        "finalLink": ""
    },
    {
        "date": "2009-06-30",
        "symbol": "TWX",
        "reportedCurrency": "USD",
        "cik": "0001105705",
        "fillingDate": "2009-06-30",
        "acceptedDate": "2009-06-29 20:00:00",
        "calendarYear": "2009",
        "period": "Q2",
        "revenue": 6809000000,
        "costOfRevenue": 3841000000,
        "grossProfit": 2968000000,
        "grossProfitRatio": 0.4358936701,
        "researchAndDevelopmentExpenses": 0,
        "generalAndAdministrativeExpenses": 0,
        "sellingAndMarketingExpenses": 0,
        "sellingGeneralAndAdministrativeExpenses": 1598000000,
        "otherExpenses": 145000000,
        "operatingExpenses": 1743000000,
        "costAndExpenses": 5584000000,
        "interestIncome": 39000000,
        "interestExpense": 334000000,
        "depreciationAndAmortization": 1969000000,
        "ebitda": 3199000000,
        "ebitdaratio": 0.4698193567,
        "operatingIncome": 1230000000,
        "operatingIncomeRatio": 0.1806432663,
        "totalOtherIncomeExpensesNet": -323000000,
        "incomeBeforeTax": 907000000,
        "incomeBeforeTaxRatio": 0.1332060508,
        "incomeTaxExpense": 377000000,
        "netIncome": 530000000,
        "netIncomeRatio": 0.0778381554,
        "eps": 0.44,
        "epsdiluted": 0.44,
        "weightedAverageShsOut": 1195200000,
        "weightedAverageShsOutDil": 1205400000,
        "link": "",
        "finalLink": ""
    },
    {
        "date": "2009-03-31",
        "symbol": "TWX",
        "reportedCurrency": "USD",
        "cik": "0001105705",
        "fillingDate": "2009-03-31",
        "acceptedDate": "2009-03-30 20:00:00",
        "calendarYear": "2009",
        "period": "Q1",
        "revenue": 6945000000,
        "costOfRevenue": 3880000000,
        "grossProfit": 3065000000,
        "grossProfitRatio": 0.441324694,
        "researchAndDevelopmentExpenses": 0,
        "generalAndAdministrativeExpenses": 0,
        "sellingAndMarketingExpenses": 0,
        "sellingGeneralAndAdministrativeExpenses": 1652000000,
        "otherExpenses": 121000000,
        "operatingExpenses": 1773000000,
        "costAndExpenses": 5653000000,
        "interestIncome": 34000000,
        "interestExpense": 346000000,
        "depreciationAndAmortization": 1981000000,
        "ebitda": 3276000000,
        "ebitdaratio": 0.4717062635,
        "operatingIncome": 1295000000,
        "operatingIncomeRatio": 0.1864650828,
        "totalOtherIncomeExpensesNet": -448000000,
        "incomeBeforeTax": 847000000,
        "incomeBeforeTaxRatio": 0.1219582433,
        "incomeTaxExpense": 288000000,
        "netIncome": 559000000,
        "netIncomeRatio": 0.0804895608,
        "eps": 0.47,
        "epsdiluted": 0.47,
        "weightedAverageShsOut": 1196100000,
        "weightedAverageShsOutDil": 1200300000,
        "link": "",
        "finalLink": ""
    },
    {
        "date": "2008-12-31",
        "symbol": "TWX",
        "reportedCurrency": "USD",
        "cik": "0001105705",
        "fillingDate": "2008-12-31",
        "acceptedDate": "2008-12-30 19:00:00",
        "calendarYear": "2008",
        "period": "Q4",
        "revenue": 12306000000,
        "costOfRevenue": 7092000000,
        "grossProfit": 5214000000,
        "grossProfitRatio": 0.4236957582,
        "researchAndDevelopmentExpenses": 0,
        "generalAndAdministrativeExpenses": 0,
        "sellingAndMarketingExpenses": 0,
        "sellingGeneralAndAdministrativeExpenses": 2794000000,
        "otherExpenses": 83000000,
        "operatingExpenses": 2877000000,
        "costAndExpenses": 9969000000,
        "interestIncome": 40000000,
        "interestExpense": 644000000,
        "depreciationAndAmortization": -3185000000,
        "ebitda": -23483000000,
        "ebitdaratio": -1.9082561352,
        "operatingIncome": -20298000000,
        "operatingIncomeRatio": -1.6494392979,
        "totalOtherIncomeExpensesNet": -646000000,
        "incomeBeforeTax": -20944000000,
        "incomeBeforeTaxRatio": -1.7019340159,
        "incomeTaxExpense": -4910000000,
        "netIncome": -16034000000,
        "netIncomeRatio": -1.3029416545,
        "eps": -13.41,
        "epsdiluted": -13.36,
        "weightedAverageShsOut": 1196100000,
        "weightedAverageShsOutDil": 1200300000,
        "link": "",
        "finalLink": ""
    },
    {
        "date": "2008-09-30",
        "symbol": "TWX",
        "reportedCurrency": "USD",
        "cik": "0001105705",
        "fillingDate": "2008-09-30",
        "acceptedDate": "2008-09-29 20:00:00",
        "calendarYear": "2008",
        "period": "Q3",
        "revenue": 11706000000,
        "costOfRevenue": 6664000000,
        "grossProfit": 5042000000,
        "grossProfitRatio": 0.4307192893,
        "researchAndDevelopmentExpenses": 0,
        "generalAndAdministrativeExpenses": 0,
        "sellingAndMarketingExpenses": 0,
        "sellingGeneralAndAdministrativeExpenses": 2425000000,
        "otherExpenses": 253000000,
        "operatingExpenses": 2678000000,
        "costAndExpenses": 9342000000,
        "interestIncome": 73000000,
        "interestExpense": 623000000,
        "depreciationAndAmortization": 2522000000,
        "ebitda": 4867000000,
        "ebitdaratio": 0.4157696908,
        "operatingIncome": 2345000000,
        "operatingIncomeRatio": 0.2003246199,
        "totalOtherIncomeExpensesNet": -624000000,
        "incomeBeforeTax": 1721000000,
        "incomeBeforeTaxRatio": 0.1470186229,
        "incomeTaxExpense": 655000000,
        "netIncome": 1066000000,
        "netIncomeRatio": 0.0910644114,
        "eps": 0.89,
        "epsdiluted": 0.89,
        "weightedAverageShsOut": 1194798805,
        "weightedAverageShsOutDil": 1202032131,
        "link": "",
        "finalLink": ""
    },
    {
        "date": "2008-06-30",
        "symbol": "TWX",
        "reportedCurrency": "USD",
        "cik": "0001105705",
        "fillingDate": "2008-06-30",
        "acceptedDate": "2008-06-29 20:00:00",
        "calendarYear": "2008",
        "period": "Q2",
        "revenue": 11555000000,
        "costOfRevenue": 6870000000,
        "grossProfit": 4685000000,
        "grossProfitRatio": 0.4054521852,
        "researchAndDevelopmentExpenses": 0,
        "generalAndAdministrativeExpenses": 0,
        "sellingAndMarketingExpenses": 0,
        "sellingGeneralAndAdministrativeExpenses": 2472000000,
        "otherExpenses": 261000000,
        "operatingExpenses": 2733000000,
        "costAndExpenses": 9603000000,
        "interestIncome": 50000000,
        "interestExpense": 600000000,
        "depreciationAndAmortization": 2745000000,
        "ebitda": 4646000000,
        "ebitdaratio": 0.4020770229,
        "operatingIncome": 1901000000,
        "operatingIncomeRatio": 0.1645175249,
        "totalOtherIncomeExpensesNet": -597000000,
        "incomeBeforeTax": 1304000000,
        "incomeBeforeTaxRatio": 0.1128515794,
        "incomeTaxExpense": 509000000,
        "netIncome": 795000000,
        "netIncomeRatio": 0.0688013847,
        "eps": 0.67,
        "epsdiluted": 0.66,
        "weightedAverageShsOut": 1193265473,
        "weightedAverageShsOutDil": 1200998799,
        "link": "",
        "finalLink": ""
    },
    {
        "date": "2008-03-31",
        "symbol": "TWX",
        "reportedCurrency": "USD",
        "cik": "0001105705",
        "fillingDate": "2008-03-31",
        "acceptedDate": "2008-03-30 20:00:00",
        "calendarYear": "2008",
        "period": "Q1",
        "revenue": 11417000000,
        "costOfRevenue": 6663000000,
        "grossProfit": 4754000000,
        "grossProfitRatio": 0.4163966016,
        "researchAndDevelopmentExpenses": 0,
        "generalAndAdministrativeExpenses": 0,
        "sellingAndMarketingExpenses": 0,
        "sellingGeneralAndAdministrativeExpenses": 2478000000,
        "otherExpenses": 187000000,
        "operatingExpenses": 2665000000,
        "costAndExpenses": 9328000000,
        "interestIncome": 50000000,
        "interestExpense": 596000000,
        "depreciationAndAmortization": 2508000000,
        "ebitda": 4374000000,
        "ebitdaratio": 0.3831129018,
        "operatingIncome": 1866000000,
        "operatingIncomeRatio": 0.1634404835,
        "totalOtherIncomeExpensesNet": -596000000,
        "incomeBeforeTax": 1270000000,
        "incomeBeforeTaxRatio": 0.1112376281,
        "incomeTaxExpense": 499000000,
        "netIncome": 771000000,
        "netIncomeRatio": 0.067530875,
        "eps": 0.65,
        "epsdiluted": 0.64,
        "weightedAverageShsOut": 1193032140,
        "weightedAverageShsOutDil": 1200232133,
        "link": "",
        "finalLink": ""
    },
    {
        "date": "2007-12-31",
        "symbol": "TWX",
        "reportedCurrency": "USD",
        "cik": "0001105705",
        "fillingDate": "2007-12-31",
        "acceptedDate": "2007-12-30 19:00:00",
        "calendarYear": "2007",
        "period": "Q4",
        "revenue": 12642000000,
        "costOfRevenue": 7552000000,
        "grossProfit": 5090000000,
        "grossProfitRatio": 0.4026261667,
        "researchAndDevelopmentExpenses": 0,
        "generalAndAdministrativeExpenses": 0,
        "sellingAndMarketingExpenses": 0,
        "sellingGeneralAndAdministrativeExpenses": 2440000000,
        "otherExpenses": 158000000,
        "operatingExpenses": 2598000000,
        "costAndExpenses": 10150000000,
        "interestIncome": 56000000,
        "interestExpense": 641000000,
        "depreciationAndAmortization": 2717000000,
        "ebitda": 4939000000,
        "ebitdaratio": 0.3906818541,
        "operatingIncome": 2222000000,
        "operatingIncomeRatio": 0.1757633286,
        "totalOtherIncomeExpensesNet": -653000000,
        "incomeBeforeTax": 1569000000,
        "incomeBeforeTaxRatio": 0.1241101092,
        "incomeTaxExpense": 550000000,
        "netIncome": 1019000000,
        "netIncomeRatio": 0.0806043348,
        "eps": 0.85,
        "epsdiluted": 0.85,
        "weightedAverageShsOut": 1193032140,
        "weightedAverageShsOutDil": 1200232133,
        "link": "",
        "finalLink": ""
    },
    {
        "date": "2007-09-30",
        "symbol": "TWX",
        "reportedCurrency": "USD",
        "cik": "0001105705",
        "fillingDate": "2007-09-30",
        "acceptedDate": "2007-09-29 20:00:00",
        "calendarYear": "2007",
        "period": "Q3",
        "revenue": 11676000000,
        "costOfRevenue": 6961000000,
        "grossProfit": 4715000000,
        "grossProfitRatio": 0.4038198013,
        "researchAndDevelopmentExpenses": 0,
        "generalAndAdministrativeExpenses": 0,
        "sellingAndMarketingExpenses": 0,
        "sellingGeneralAndAdministrativeExpenses": 2407000000,
        "otherExpenses": 166000000,
        "operatingExpenses": 2573000000,
        "costAndExpenses": 9534000000,
        "interestIncome": 55000000,
        "interestExpense": 644000000,
        "depreciationAndAmortization": 4146000000,
        "ebitda": 6431000000,
        "ebitdaratio": 0.5507879411,
        "operatingIncome": 2285000000,
        "operatingIncomeRatio": 0.1957005824,
        "totalOtherIncomeExpensesNet": -830000000,
        "incomeBeforeTax": 1455000000,
        "incomeBeforeTaxRatio": 0.124614594,
        "incomeTaxExpense": 555000000,
        "netIncome": 900000000,
        "netIncomeRatio": 0.0770811922,
        "eps": 0.73,
        "epsdiluted": 0.73,
        "weightedAverageShsOut": 1224565442,
        "weightedAverageShsOutDil": 1238098761,
        "link": "",
        "finalLink": ""
    },
    {
        "date": "2007-06-30",
        "symbol": "TWX",
        "reportedCurrency": "USD",
        "cik": "0001105705",
        "fillingDate": "2007-06-30",
        "acceptedDate": "2007-06-29 20:00:00",
        "calendarYear": "2007",
        "period": "Q2",
        "revenue": 10980000000,
        "costOfRevenue": 6417000000,
        "grossProfit": 4563000000,
        "grossProfitRatio": 0.4155737705,
        "researchAndDevelopmentExpenses": 0,
        "generalAndAdministrativeExpenses": 0,
        "sellingAndMarketingExpenses": 0,
        "sellingGeneralAndAdministrativeExpenses": 2397000000,
        "otherExpenses": 197000000,
        "operatingExpenses": 2594000000,
        "costAndExpenses": 9011000000,
        "interestIncome": 53000000,
        "interestExpense": 627000000,
        "depreciationAndAmortization": 1773000000,
        "ebitda": 3901000000,
        "ebitdaratio": 0.3552823315,
        "operatingIncome": 2128000000,
        "operatingIncomeRatio": 0.1938069217,
        "totalOtherIncomeExpensesNet": -749000000,
        "incomeBeforeTax": 1379000000,
        "incomeBeforeTaxRatio": 0.1255919854,
        "incomeTaxExpense": 434000000,
        "netIncome": 945000000,
        "netIncomeRatio": 0.0860655738,
        "eps": 0.75,
        "epsdiluted": 0.74,
        "weightedAverageShsOut": 1252232081,
        "weightedAverageShsOutDil": 1269032064,
        "link": "",
        "finalLink": ""
    },
    {
        "date": "2007-03-31",
        "symbol": "TWX",
        "reportedCurrency": "USD",
        "cik": "0001105705",
        "fillingDate": "2007-03-31",
        "acceptedDate": "2007-03-30 20:00:00",
        "calendarYear": "2007",
        "period": "Q1",
        "revenue": 11184000000,
        "costOfRevenue": 6496000000,
        "grossProfit": 4688000000,
        "grossProfitRatio": 0.4191702432,
        "researchAndDevelopmentExpenses": 0,
        "generalAndAdministrativeExpenses": 0,
        "sellingAndMarketingExpenses": 0,
        "sellingGeneralAndAdministrativeExpenses": 2409000000,
        "otherExpenses": -329000000,
        "operatingExpenses": 2080000000,
        "costAndExpenses": 8576000000,
        "interestIncome": 46000000,
        "interestExpense": 597000000,
        "depreciationAndAmortization": 1852000000,
        "ebitda": 4449000000,
        "ebitdaratio": 0.3978004292,
        "operatingIncome": 2597000000,
        "operatingIncomeRatio": 0.2322067239,
        "totalOtherIncomeExpensesNet": -613000000,
        "incomeBeforeTax": 1984000000,
        "incomeBeforeTaxRatio": 0.1773962804,
        "incomeTaxExpense": 797000000,
        "netIncome": 1187000000,
        "netIncomeRatio": 0.1061337625,
        "eps": 0.93,
        "epsdiluted": 0.91,
        "weightedAverageShsOut": 1279832053,
        "weightedAverageShsOutDil": 1297532035,
        "link": "",
        "finalLink": ""
    },
    {
        "date": "2006-12-31",
        "symbol": "TWX",
        "reportedCurrency": "USD",
        "cik": "0001105705",
        "fillingDate": "2006-12-31",
        "acceptedDate": "2006-12-30 19:00:00",
        "calendarYear": "2006",
        "period": "Q4",
        "revenue": 12466000000,
        "costOfRevenue": 7295000000,
        "grossProfit": 5171000000,
        "grossProfitRatio": 0.4148082785,
        "researchAndDevelopmentExpenses": 0,
        "generalAndAdministrativeExpenses": 0,
        "sellingAndMarketingExpenses": 0,
        "sellingGeneralAndAdministrativeExpenses": 2842000000,
        "otherExpenses": 25000000,
        "operatingExpenses": 2867000000,
        "costAndExpenses": 10162000000,
        "interestIncome": 57000000,
        "interestExpense": 617000000,
        "depreciationAndAmortization": 2124000000,
        "ebitda": 4268000000,
        "ebitdaratio": 0.3423712498,
        "operatingIncome": 2144000000,
        "operatingIncomeRatio": 0.1719878068,
        "totalOtherIncomeExpensesNet": -640000000,
        "incomeBeforeTax": 1504000000,
        "incomeBeforeTaxRatio": 0.120648163,
        "incomeTaxExpense": -226000000,
        "netIncome": 1730000000,
        "netIncomeRatio": 0.1387774747,
        "eps": 1.35,
        "epsdiluted": 1.33,
        "weightedAverageShsOut": 1279832053,
        "weightedAverageShsOutDil": 1297532035,
        "link": "",
        "finalLink": ""
    },
    {
        "date": "2006-09-30",
        "symbol": "TWX",
        "reportedCurrency": "USD",
        "cik": "0001105705",
        "fillingDate": "2006-09-30",
        "acceptedDate": "2006-09-29 20:00:00",
        "calendarYear": "2006",
        "period": "Q3",
        "revenue": 10912000000,
        "costOfRevenue": 6251000000,
        "grossProfit": 4661000000,
        "grossProfitRatio": 0.4271444282,
        "researchAndDevelopmentExpenses": 0,
        "generalAndAdministrativeExpenses": 0,
        "sellingAndMarketingExpenses": 0,
        "sellingGeneralAndAdministrativeExpenses": 2523000000,
        "otherExpenses": 398000000,
        "operatingExpenses": 2921000000,
        "costAndExpenses": 9172000000,
        "interestIncome": 63000000,
        "interestExpense": 542000000,
        "depreciationAndAmortization": 1612000000,
        "ebitda": 4928000000,
        "ebitdaratio": 0.4516129032,
        "operatingIncome": 3316000000,
        "operatingIncomeRatio": 0.3038856305,
        "totalOtherIncomeExpensesNet": -1503000000,
        "incomeBeforeTax": 1813000000,
        "incomeBeforeTaxRatio": 0.1661473607,
        "incomeTaxExpense": 452000000,
        "netIncome": 1361000000,
        "netIncomeRatio": 0.1247250733,
        "eps": 1.01,
        "epsdiluted": 1,
        "weightedAverageShsOut": 1349598650,
        "weightedAverageShsOutDil": 1361465305,
        "link": "",
        "finalLink": ""
    },
    {
        "date": "2006-06-30",
        "symbol": "TWX",
        "reportedCurrency": "USD",
        "cik": "0001105705",
        "fillingDate": "2006-06-30",
        "acceptedDate": "2006-06-29 20:00:00",
        "calendarYear": "2006",
        "period": "Q2",
        "revenue": 10708000000,
        "costOfRevenue": 6022000000,
        "grossProfit": 4686000000,
        "grossProfitRatio": 0.4376167352,
        "researchAndDevelopmentExpenses": 0,
        "generalAndAdministrativeExpenses": 0,
        "sellingAndMarketingExpenses": 0,
        "sellingGeneralAndAdministrativeExpenses": 2654000000,
        "otherExpenses": 135000000,
        "operatingExpenses": 2789000000,
        "costAndExpenses": 8811000000,
        "interestIncome": 83000000,
        "interestExpense": 420000000,
        "depreciationAndAmortization": 1573000000,
        "ebitda": 3527000000,
        "ebitdaratio": 0.3293799029,
        "operatingIncome": 1954000000,
        "operatingIncomeRatio": 0.1824803885,
        "totalOtherIncomeExpensesNet": -562000000,
        "incomeBeforeTax": 1392000000,
        "incomeBeforeTaxRatio": 0.1299962645,
        "incomeTaxExpense": 527000000,
        "netIncome": 865000000,
        "netIncomeRatio": 0.0807807247,
        "eps": 0.61,
        "epsdiluted": 0.61,
        "weightedAverageShsOut": 1409298590,
        "weightedAverageShsOutDil": 1422065244,
        "link": "",
        "finalLink": ""
    },
    {
        "date": "2006-03-31",
        "symbol": "TWX",
        "reportedCurrency": "USD",
        "cik": "0001105705",
        "fillingDate": "2006-03-31",
        "acceptedDate": "2006-03-30 19:00:00",
        "calendarYear": "2006",
        "period": "Q1",
        "revenue": 10455000000,
        "costOfRevenue": 5819000000,
        "grossProfit": 4636000000,
        "grossProfitRatio": 0.4434241989,
        "researchAndDevelopmentExpenses": 0,
        "generalAndAdministrativeExpenses": 0,
        "sellingAndMarketingExpenses": 0,
        "sellingGeneralAndAdministrativeExpenses": 2600000000,
        "otherExpenses": 140000000,
        "operatingExpenses": 2740000000,
        "costAndExpenses": 8559000000,
        "interestIncome": 0,
        "interestExpense": 299000000,
        "depreciationAndAmortization": 1644000000,
        "ebitda": 4006000000,
        "ebitdaratio": 0.3831659493,
        "operatingIncome": 2362000000,
        "operatingIncomeRatio": 0.2259206121,
        "totalOtherIncomeExpensesNet": -556000000,
        "incomeBeforeTax": 1806000000,
        "incomeBeforeTaxRatio": 0.1727403156,
        "incomeTaxExpense": 608000000,
        "netIncome": 1198000000,
        "netIncomeRatio": 0.1145863223,
        "eps": 0.8,
        "epsdiluted": 0.79,
        "weightedAverageShsOut": 1499831833,
        "weightedAverageShsOutDil": 1514298485,
        "link": "",
        "finalLink": ""
    },
    {
        "date": "2005-12-31",
        "symbol": "TWX",
        "reportedCurrency": "USD",
        "cik": "0001105705",
        "fillingDate": "2005-12-31",
        "acceptedDate": "2005-12-30 19:00:00",
        "calendarYear": "2005",
        "period": "Q4",
        "revenue": 11887000000,
        "costOfRevenue": 6772000000,
        "grossProfit": 5115000000,
        "grossProfitRatio": 0.4303020106,
        "researchAndDevelopmentExpenses": 0,
        "generalAndAdministrativeExpenses": 0,
        "sellingAndMarketingExpenses": 0,
        "sellingGeneralAndAdministrativeExpenses": 2815000000,
        "otherExpenses": 11000000,
        "operatingExpenses": 2826000000,
        "costAndExpenses": 9598000000,
        "interestIncome": 0,
        "interestExpense": 314000000,
        "depreciationAndAmortization": 2289000000,
        "ebitda": 4421000000,
        "ebitdaratio": 0.371918903,
        "operatingIncome": 2132000000,
        "operatingIncomeRatio": 0.1793555986,
        "totalOtherIncomeExpensesNet": -314000000,
        "incomeBeforeTax": 1818000000,
        "incomeBeforeTaxRatio": 0.1529401868,
        "incomeTaxExpense": 452000000,
        "netIncome": 1366000000,
        "netIncomeRatio": 0.1149154539,
        "eps": 0.91,
        "epsdiluted": 0.9,
        "weightedAverageShsOut": 1499831833,
        "weightedAverageShsOutDil": 1514298485,
        "link": "",
        "finalLink": ""
    },
    {
        "date": "2005-09-30",
        "symbol": "TWX",
        "reportedCurrency": "USD",
        "cik": "0001105705",
        "fillingDate": "2005-09-30",
        "acceptedDate": "2005-09-29 20:00:00",
        "calendarYear": "2005",
        "period": "Q3",
        "revenue": 10538000000,
        "costOfRevenue": 6054000000,
        "grossProfit": 4484000000,
        "grossProfitRatio": 0.4255076865,
        "researchAndDevelopmentExpenses": 0,
        "generalAndAdministrativeExpenses": 0,
        "sellingAndMarketingExpenses": 0,
        "sellingGeneralAndAdministrativeExpenses": 2564000000,
        "otherExpenses": 144000000,
        "operatingExpenses": 2708000000,
        "costAndExpenses": 8762000000,
        "interestIncome": 0,
        "interestExpense": 282000000,
        "depreciationAndAmortization": 1428000000,
        "ebitda": 3137000000,
        "ebitdaratio": 0.2976845701,
        "operatingIncome": 1709000000,
        "operatingIncomeRatio": 0.1621749858,
        "totalOtherIncomeExpensesNet": -282000000,
        "incomeBeforeTax": 1427000000,
        "incomeBeforeTaxRatio": 0.1354146897,
        "incomeTaxExpense": 530000000,
        "netIncome": 897000000,
        "netIncomeRatio": 0.0851205162,
        "eps": 0.57,
        "epsdiluted": 0.57,
        "weightedAverageShsOut": 1561131772,
        "weightedAverageShsOutDil": 1574531758,
        "link": "",
        "finalLink": ""
    },
    {
        "date": "2005-06-30",
        "symbol": "TWX",
        "reportedCurrency": "USD",
        "cik": "0001105705",
        "fillingDate": "2005-06-30",
        "acceptedDate": "2005-06-29 20:00:00",
        "calendarYear": "2005",
        "period": "Q2",
        "revenue": 10744000000,
        "costOfRevenue": 6249000000,
        "grossProfit": 4495000000,
        "grossProfitRatio": 0.4183730454,
        "researchAndDevelopmentExpenses": 0,
        "generalAndAdministrativeExpenses": 0,
        "sellingAndMarketingExpenses": 0,
        "sellingGeneralAndAdministrativeExpenses": 2571000000,
        "otherExpenses": 3144000000,
        "operatingExpenses": 5715000000,
        "costAndExpenses": 11964000000,
        "interestIncome": 0,
        "interestExpense": 324000000,
        "depreciationAndAmortization": 1495000000,
        "ebitda": 1181000000,
        "ebitdaratio": 0.1099218168,
        "operatingIncome": -314000000,
        "operatingIncomeRatio": -0.0292256143,
        "totalOtherIncomeExpensesNet": -324000000,
        "incomeBeforeTax": -638000000,
        "incomeBeforeTaxRatio": -0.0593819806,
        "incomeTaxExpense": -317000000,
        "netIncome": -321000000,
        "netIncomeRatio": -0.0298771407,
        "eps": -0.21,
        "epsdiluted": -0.21,
        "weightedAverageShsOut": 1561031772,
        "weightedAverageShsOutDil": 1561031772,
        "link": "",
        "finalLink": ""
    },
    {
        "date": "2005-03-31",
        "symbol": "TWX",
        "reportedCurrency": "USD",
        "cik": "0001105705",
        "fillingDate": "2005-03-31",
        "acceptedDate": "2005-03-30 19:00:00",
        "calendarYear": "2005",
        "period": "Q1",
        "revenue": 10483000000,
        "costOfRevenue": 6000000000,
        "grossProfit": 4483000000,
        "grossProfitRatio": 0.4276447582,
        "researchAndDevelopmentExpenses": 0,
        "generalAndAdministrativeExpenses": 0,
        "sellingAndMarketingExpenses": 0,
        "sellingGeneralAndAdministrativeExpenses": 2528000000,
        "otherExpenses": 164000000,
        "operatingExpenses": 2692000000,
        "costAndExpenses": 8692000000,
        "interestIncome": 0,
        "interestExpense": 346000000,
        "depreciationAndAmortization": 1578000000,
        "ebitda": 3409000000,
        "ebitdaratio": 0.3251931699,
        "operatingIncome": 1831000000,
        "operatingIncomeRatio": 0.1746637413,
        "totalOtherIncomeExpensesNet": -346000000,
        "incomeBeforeTax": 1485000000,
        "incomeBeforeTaxRatio": 0.1416579224,
        "incomeTaxExpense": 522000000,
        "netIncome": 963000000,
        "netIncomeRatio": 0.0918630163,
        "eps": 0.63,
        "epsdiluted": 0.61,
        "weightedAverageShsOut": 1529265137,
        "weightedAverageShsOutDil": 1574098425,
        "link": "",
        "finalLink": ""
    },
    {
        "date": "2004-12-31",
        "symbol": "TWX",
        "reportedCurrency": "USD",
        "cik": "0001105705",
        "fillingDate": "2004-12-31",
        "acceptedDate": "2004-12-30 19:00:00",
        "calendarYear": "2004",
        "period": "Q4",
        "revenue": 11110000000,
        "costOfRevenue": 6489000000,
        "grossProfit": 4621000000,
        "grossProfitRatio": 0.4159315932,
        "researchAndDevelopmentExpenses": 0,
        "generalAndAdministrativeExpenses": 0,
        "sellingAndMarketingExpenses": 0,
        "sellingGeneralAndAdministrativeExpenses": 2804000000,
        "otherExpenses": 162000000,
        "operatingExpenses": 2966000000,
        "costAndExpenses": 9455000000,
        "interestIncome": 0,
        "interestExpense": 595000000,
        "depreciationAndAmortization": 1672000000,
        "ebitda": 3581000000,
        "ebitdaratio": 0.3223222322,
        "operatingIncome": 1909000000,
        "operatingIncomeRatio": 0.1718271827,
        "totalOtherIncomeExpensesNet": -601000000,
        "incomeBeforeTax": 1308000000,
        "incomeBeforeTaxRatio": 0.1177317732,
        "incomeTaxExpense": 187000000,
        "netIncome": 1121000000,
        "netIncomeRatio": 0.10090009,
        "eps": 0.73,
        "epsdiluted": 0.71,
        "weightedAverageShsOut": 1529265137,
        "weightedAverageShsOutDil": 1574098425,
        "link": "",
        "finalLink": ""
    },
    {
        "date": "2004-09-30",
        "symbol": "TWX",
        "reportedCurrency": "USD",
        "cik": "0001105705",
        "fillingDate": "2004-09-30",
        "acceptedDate": "2004-09-29 20:00:00",
        "calendarYear": "2004",
        "period": "Q3",
        "revenue": 9965000000,
        "costOfRevenue": 5639000000,
        "grossProfit": 4326000000,
        "grossProfitRatio": 0.434119418,
        "researchAndDevelopmentExpenses": 0,
        "generalAndAdministrativeExpenses": 0,
        "sellingAndMarketingExpenses": 0,
        "sellingGeneralAndAdministrativeExpenses": 2575000000,
        "otherExpenses": 643000000,
        "operatingExpenses": 3218000000,
        "costAndExpenses": 8857000000,
        "interestIncome": 0,
        "interestExpense": 372000000,
        "depreciationAndAmortization": 1435000000,
        "ebitda": 2798000000,
        "ebitdaratio": 0.2807827396,
        "operatingIncome": 1363000000,
        "operatingIncomeRatio": 0.1367787255,
        "totalOtherIncomeExpensesNet": -377000000,
        "incomeBeforeTax": 986000000,
        "incomeBeforeTaxRatio": 0.0989463121,
        "incomeTaxExpense": 492000000,
        "netIncome": 494000000,
        "netIncomeRatio": 0.0495735073,
        "eps": 0.32,
        "epsdiluted": 0.31,
        "weightedAverageShsOut": 1524431808,
        "weightedAverageShsOutDil": 1571031762,
        "link": "",
        "finalLink": ""
    },
    {
        "date": "2004-06-30",
        "symbol": "TWX",
        "reportedCurrency": "USD",
        "cik": "0001105705",
        "fillingDate": "2004-06-30",
        "acceptedDate": "2004-06-29 20:00:00",
        "calendarYear": "2004",
        "period": "Q2",
        "revenue": 10888000000,
        "costOfRevenue": 6341000000,
        "grossProfit": 4547000000,
        "grossProfitRatio": 0.4176157237,
        "researchAndDevelopmentExpenses": 0,
        "generalAndAdministrativeExpenses": 0,
        "sellingAndMarketingExpenses": 0,
        "sellingGeneralAndAdministrativeExpenses": 2544000000,
        "otherExpenses": 167000000,
        "operatingExpenses": 2711000000,
        "costAndExpenses": 9052000000,
        "interestIncome": 45000000,
        "interestExpense": 428000000,
        "depreciationAndAmortization": 1548000000,
        "ebitda": 3297000000,
        "ebitdaratio": 0.3028104335,
        "operatingIncome": 1749000000,
        "operatingIncomeRatio": 0.1606355621,
        "totalOtherIncomeExpensesNet": -323000000,
        "incomeBeforeTax": 1426000000,
        "incomeBeforeTaxRatio": 0.1309698751,
        "incomeTaxExpense": 544000000,
        "netIncome": 882000000,
        "netIncomeRatio": 0.0810066128,
        "eps": 0.58,
        "epsdiluted": 0.56,
        "weightedAverageShsOut": 1520565146,
        "weightedAverageShsOutDil": 1566898433,
        "link": "",
        "finalLink": ""
    },
    {
        "date": "2004-03-31",
        "symbol": "TWX",
        "reportedCurrency": "USD",
        "cik": "0001105705",
        "fillingDate": "2004-03-31",
        "acceptedDate": "2004-03-30 19:00:00",
        "calendarYear": "2004",
        "period": "Q1",
        "revenue": 10090000000,
        "costOfRevenue": 5935000000,
        "grossProfit": 4155000000,
        "grossProfitRatio": 0.4117938553,
        "researchAndDevelopmentExpenses": 0,
        "generalAndAdministrativeExpenses": 0,
        "sellingAndMarketingExpenses": 0,
        "sellingGeneralAndAdministrativeExpenses": 2375000000,
        "otherExpenses": 154000000,
        "operatingExpenses": 2529000000,
        "costAndExpenses": 8464000000,
        "interestIncome": 0,
        "interestExpense": 422000000,
        "depreciationAndAmortization": 1477000000,
        "ebitda": 3335000000,
        "ebitdaratio": 0.3305252725,
        "operatingIncome": 1858000000,
        "operatingIncomeRatio": 0.1841427156,
        "totalOtherIncomeExpensesNet": -671000000,
        "incomeBeforeTax": 1187000000,
        "incomeBeforeTaxRatio": 0.1176412289,
        "incomeTaxExpense": 475000000,
        "netIncome": 712000000,
        "netIncomeRatio": 0.0705649158,
        "eps": 0.47,
        "epsdiluted": 0.45,
        "weightedAverageShsOut": 1516365150,
        "weightedAverageShsOutDil": 1566365100,
        "link": "",
        "finalLink": ""
    },
    {
        "date": "2003-12-31",
        "symbol": "TWX",
        "reportedCurrency": "USD",
        "cik": "0001105705",
        "fillingDate": "2003-12-31",
        "acceptedDate": "2003-12-30 19:00:00",
        "calendarYear": "2003",
        "period": "Q4",
        "revenue": 8415000000,
        "costOfRevenue": 5095000000,
        "grossProfit": 3320000000,
        "grossProfitRatio": 0.394533571,
        "researchAndDevelopmentExpenses": 0,
        "generalAndAdministrativeExpenses": 0,
        "sellingAndMarketingExpenses": 0,
        "sellingGeneralAndAdministrativeExpenses": 1708000000,
        "otherExpenses": 57000000,
        "operatingExpenses": 1765000000,
        "costAndExpenses": 6860000000,
        "interestIncome": 0,
        "interestExpense": 444000000,
        "depreciationAndAmortization": 1227000000,
        "ebitda": 2226000000,
        "ebitdaratio": 0.2645276292,
        "operatingIncome": 999000000,
        "operatingIncomeRatio": 0.1187165775,
        "totalOtherIncomeExpensesNet": 51000000,
        "incomeBeforeTax": 1050000000,
        "incomeBeforeTaxRatio": 0.1247771836,
        "incomeTaxExpense": -83000000,
        "netIncome": 1133000000,
        "netIncomeRatio": 0.1346405229,
        "eps": 0.75,
        "epsdiluted": 0.72,
        "weightedAverageShsOut": 1516365150,
        "weightedAverageShsOutDil": 1566365100,
        "link": "",
        "finalLink": ""
    },
    {
        "date": "2003-09-30",
        "symbol": "TWX",
        "reportedCurrency": "USD",
        "cik": "0001105705",
        "fillingDate": "2003-09-30",
        "acceptedDate": "2003-09-29 20:00:00",
        "calendarYear": "2003",
        "period": "Q3",
        "revenue": 10334000000,
        "costOfRevenue": 5921000000,
        "grossProfit": 4413000000,
        "grossProfitRatio": 0.4270369654,
        "researchAndDevelopmentExpenses": 0,
        "generalAndAdministrativeExpenses": 0,
        "sellingAndMarketingExpenses": 0,
        "sellingGeneralAndAdministrativeExpenses": 2719000000,
        "otherExpenses": 247000000,
        "operatingExpenses": 2966000000,
        "costAndExpenses": 8887000000,
        "interestIncome": 0,
        "interestExpense": 459000000,
        "depreciationAndAmortization": 1160000000,
        "ebitda": 2526000000,
        "ebitdaratio": 0.2444358428,
        "operatingIncome": 1366000000,
        "operatingIncomeRatio": 0.1321850203,
        "totalOtherIncomeExpensesNet": -447000000,
        "incomeBeforeTax": 919000000,
        "incomeBeforeTaxRatio": 0.0889297465,
        "incomeTaxExpense": 366000000,
        "netIncome": 553000000,
        "netIncomeRatio": 0.0535126766,
        "eps": 0.37,
        "epsdiluted": 0.35,
        "weightedAverageShsOut": 1504898495,
        "weightedAverageShsOutDil": 1559098440,
        "link": "",
        "finalLink": ""
    },
    {
        "date": "2003-06-30",
        "symbol": "TWX",
        "reportedCurrency": "USD",
        "cik": "0001105705",
        "fillingDate": "2003-06-30",
        "acceptedDate": "2003-06-29 20:00:00",
        "calendarYear": "2003",
        "period": "Q2",
        "revenue": 10818000000,
        "costOfRevenue": 6265000000,
        "grossProfit": 4553000000,
        "grossProfitRatio": 0.4208726197,
        "researchAndDevelopmentExpenses": 0,
        "generalAndAdministrativeExpenses": 0,
        "sellingAndMarketingExpenses": 0,
        "sellingGeneralAndAdministrativeExpenses": 2811000000,
        "otherExpenses": 445000000,
        "operatingExpenses": 3256000000,
        "costAndExpenses": 9521000000,
        "interestIncome": 0,
        "interestExpense": 473000000,
        "depreciationAndAmortization": 1793000000,
        "ebitda": 4121000000,
        "ebitdaratio": 0.3809391754,
        "operatingIncome": 2328000000,
        "operatingIncomeRatio": 0.2151968941,
        "totalOtherIncomeExpensesNet": -473000000,
        "incomeBeforeTax": 1855000000,
        "incomeBeforeTaxRatio": 0.1714734701,
        "incomeTaxExpense": 791000000,
        "netIncome": 1064000000,
        "netIncomeRatio": 0.0983545942,
        "eps": 0.71,
        "epsdiluted": 0.69,
        "weightedAverageShsOut": 1500165166,
        "weightedAverageShsOutDil": 1549631783,
        "link": "",
        "finalLink": ""
    },
    {
        "date": "2003-03-31",
        "symbol": "TWX",
        "reportedCurrency": "USD",
        "cik": "0001105705",
        "fillingDate": "2003-03-31",
        "acceptedDate": "2003-03-30 19:00:00",
        "calendarYear": "2003",
        "period": "Q1",
        "revenue": 9998000000,
        "costOfRevenue": 6004000000,
        "grossProfit": 3994000000,
        "grossProfitRatio": 0.399479896,
        "researchAndDevelopmentExpenses": 0,
        "generalAndAdministrativeExpenses": 0,
        "sellingAndMarketingExpenses": 0,
        "sellingGeneralAndAdministrativeExpenses": 2624000000,
        "otherExpenses": 195000000,
        "operatingExpenses": 2819000000,
        "costAndExpenses": 8823000000,
        "interestIncome": 0,
        "interestExpense": 468000000,
        "depreciationAndAmortization": 1544000000,
        "ebitda": 2705000000,
        "ebitdaratio": 0.2705541108,
        "operatingIncome": 1161000000,
        "operatingIncomeRatio": 0.1161232246,
        "totalOtherIncomeExpensesNet": -468000000,
        "incomeBeforeTax": 693000000,
        "incomeBeforeTaxRatio": 0.0693138628,
        "incomeTaxExpense": 297000000,
        "netIncome": 396000000,
        "netIncomeRatio": 0.0396079216,
        "eps": 0.26,
        "epsdiluted": 0.26,
        "weightedAverageShsOut": 1494398505,
        "weightedAverageShsOutDil": 1508298491,
        "link": "",
        "finalLink": ""
    },
    {
        "date": "2002-12-31",
        "symbol": "TWX",
        "reportedCurrency": "USD",
        "cik": "0001105705",
        "fillingDate": "2002-12-31",
        "acceptedDate": "2002-12-30 19:00:00",
        "calendarYear": "2002",
        "period": "Q4",
        "revenue": 11320000000,
        "costOfRevenue": 6528000000,
        "grossProfit": 4792000000,
        "grossProfitRatio": 0.4233215548,
        "researchAndDevelopmentExpenses": 0,
        "generalAndAdministrativeExpenses": 0,
        "sellingAndMarketingExpenses": 0,
        "sellingGeneralAndAdministrativeExpenses": 2658000000,
        "otherExpenses": 45750000000,
        "operatingExpenses": 48408000000,
        "costAndExpenses": 54936000000,
        "interestIncome": 0,
        "interestExpense": 381000000,
        "depreciationAndAmortization": 1579000000,
        "ebitda": -42994000000,
        "ebitdaratio": -3.7980565371,
        "operatingIncome": -44573000000,
        "operatingIncomeRatio": -3.9375441696,
        "totalOtherIncomeExpensesNet": -471000000,
        "incomeBeforeTax": -45044000000,
        "incomeBeforeTaxRatio": -3.9791519435,
        "incomeTaxExpense": -139000000,
        "netIncome": -44905000000,
        "netIncomeRatio": -3.9668727915,
        "eps": -30.05,
        "epsdiluted": -29.77,
        "weightedAverageShsOut": 1494398505,
        "weightedAverageShsOutDil": 1508298491,
        "link": "",
        "finalLink": ""
    },
    {
        "date": "2002-09-30",
        "symbol": "TWX",
        "reportedCurrency": "USD",
        "cik": "0001105705",
        "fillingDate": "2002-11-14",
        "acceptedDate": "2002-11-13 13:38:21",
        "calendarYear": "2002",
        "period": "Q3",
        "revenue": 9983000000,
        "costOfRevenue": 6111000000,
        "grossProfit": 3872000000,
        "grossProfitRatio": 0.3878593609,
        "researchAndDevelopmentExpenses": 0,
        "generalAndAdministrativeExpenses": 0,
        "sellingAndMarketingExpenses": 0,
        "sellingGeneralAndAdministrativeExpenses": 2299000000,
        "otherExpenses": 145000000,
        "operatingExpenses": 2444000000,
        "costAndExpenses": 8555000000,
        "interestIncome": 18000000,
        "interestExpense": 507000000,
        "depreciationAndAmortization": 1414000000,
        "ebitda": 1953000000,
        "ebitdaratio": 0.1956325754,
        "operatingIncome": 539000000,
        "operatingIncomeRatio": 0.053991786,
        "totalOtherIncomeExpensesNet": -619000000,
        "incomeBeforeTax": -80000000,
        "incomeBeforeTaxRatio": -0.0080136232,
        "incomeTaxExpense": -25000000,
        "netIncome": -55000000,
        "netIncomeRatio": -0.0055093659,
        "eps": -0.037,
        "epsdiluted": -0.0366,
        "weightedAverageShsOut": 1488065178,
        "weightedAverageShsOutDil": 1502331831,
        "link": "https://www.sec.gov/Archives/edgar/data/1105705/000095014402011682/0000950144-02-011682-index.htm",
        "finalLink": "https://www.sec.gov/Archives/edgar/data/1105705/000095014402011682/g78889e10vq.htm"
    },
    {
        "date": "2002-06-30",
        "symbol": "TWX",
        "reportedCurrency": "USD",
        "cik": "0001105705",
        "fillingDate": "2002-08-14",
        "acceptedDate": "2002-08-14 13:16:36",
        "calendarYear": "2002",
        "period": "Q2",
        "revenue": 10575000000,
        "costOfRevenue": 6168000000,
        "grossProfit": 4407000000,
        "grossProfitRatio": 0.4167375887,
        "researchAndDevelopmentExpenses": 0,
        "generalAndAdministrativeExpenses": 0,
        "sellingAndMarketingExpenses": 0,
        "sellingGeneralAndAdministrativeExpenses": 2568000000,
        "otherExpenses": 177000000,
        "operatingExpenses": 2745000000,
        "costAndExpenses": 8913000000,
        "interestIncome": 0,
        "interestExpense": 444000000,
        "depreciationAndAmortization": 1310000000,
        "ebitda": 2449000000,
        "ebitdaratio": 0.2315839243,
        "operatingIncome": 1139000000,
        "operatingIncomeRatio": 0.1077068558,
        "totalOtherIncomeExpensesNet": -444000000,
        "incomeBeforeTax": 695000000,
        "incomeBeforeTaxRatio": 0.0657210402,
        "incomeTaxExpense": 301000000,
        "netIncome": 394000000,
        "netIncomeRatio": 0.0372576832,
        "eps": 0.27,
        "epsdiluted": 0.26,
        "weightedAverageShsOut": 1484698515,
        "weightedAverageShsOutDil": 1509398490,
        "link": "https://www.sec.gov/Archives/edgar/data/1105705/000095011702001936/0000950117-02-001936-index.htm",
        "finalLink": "https://www.sec.gov/Archives/edgar/data/1105705/000095011702001936/a33070.htm"
    },
    {
        "date": "2002-03-31",
        "symbol": "TWX",
        "reportedCurrency": "USD",
        "cik": "0001105705",
        "fillingDate": "2002-05-06",
        "acceptedDate": "2002-05-06 07:49:43",
        "calendarYear": "2002",
        "period": "Q1",
        "revenue": 9764000000,
        "costOfRevenue": 5830000000,
        "grossProfit": 3934000000,
        "grossProfitRatio": 0.402908644,
        "researchAndDevelopmentExpenses": 0,
        "generalAndAdministrativeExpenses": 0,
        "sellingAndMarketingExpenses": 0,
        "sellingGeneralAndAdministrativeExpenses": 2452000000,
        "otherExpenses": 166000000,
        "operatingExpenses": 2618000000,
        "costAndExpenses": 8448000000,
        "interestIncome": 0,
        "interestExpense": 379000000,
        "depreciationAndAmortization": 1292000000,
        "ebitda": -52562000000,
        "ebitdaratio": -5.3832445719,
        "operatingIncome": -53854000000,
        "operatingIncomeRatio": -5.5155673904,
        "totalOtherIncomeExpensesNet": 53860000000,
        "incomeBeforeTax": 6000000,
        "incomeBeforeTaxRatio": 0.0006145023,
        "incomeTaxExpense": 7000000,
        "netIncome": -1000000,
        "netIncomeRatio": -0.000102417,
        "eps": -0.0007,
        "epsdiluted": -0.0007,
        "weightedAverageShsOut": 1476431856,
        "weightedAverageShsOutDil": 1476431856,
        "link": "https://www.sec.gov/Archives/edgar/data/1105705/000095011702001057/0000950117-02-001057-index.htm",
        "finalLink": "https://www.sec.gov/Archives/edgar/data/1105705/000095011702001057/a32595.htm"
    },
    {
        "date": "2001-12-31",
        "symbol": "TWX",
        "reportedCurrency": "USD",
        "cik": "0001105705",
        "fillingDate": "2001-12-31",
        "acceptedDate": "2001-12-30 19:00:00",
        "calendarYear": "2001",
        "period": "Q4",
        "revenue": 10632000000,
        "costOfRevenue": 5840000000,
        "grossProfit": 4792000000,
        "grossProfitRatio": 0.4507148232,
        "researchAndDevelopmentExpenses": 0,
        "generalAndAdministrativeExpenses": 0,
        "sellingAndMarketingExpenses": 0,
        "sellingGeneralAndAdministrativeExpenses": 2573000000,
        "otherExpenses": 1879000000,
        "operatingExpenses": 4452000000,
        "costAndExpenses": 10292000000,
        "interestIncome": 0,
        "interestExpense": 361000000,
        "depreciationAndAmortization": 3129000000,
        "ebitda": 1363000000,
        "ebitdaratio": 0.1281978932,
        "operatingIncome": -1766000000,
        "operatingIncomeRatio": -0.1661023326,
        "totalOtherIncomeExpensesNet": -361000000,
        "incomeBeforeTax": -2127000000,
        "incomeBeforeTaxRatio": -0.2000564334,
        "incomeTaxExpense": -305000000,
        "netIncome": -1822000000,
        "netIncomeRatio": -0.1713694507,
        "eps": -1.23,
        "epsdiluted": -1.23,
        "weightedAverageShsOut": 1476431856,
        "weightedAverageShsOutDil": 1476431856,
        "link": "",
        "finalLink": ""
    },
    {
        "date": "2001-09-30",
        "symbol": "TWX",
        "reportedCurrency": "USD",
        "cik": "0001105705",
        "fillingDate": "2001-09-30",
        "acceptedDate": "2001-09-29 20:00:00",
        "calendarYear": "2001",
        "period": "Q3",
        "revenue": 9320000000,
        "costOfRevenue": 5036000000,
        "grossProfit": 4284000000,
        "grossProfitRatio": 0.4596566524,
        "researchAndDevelopmentExpenses": 0,
        "generalAndAdministrativeExpenses": 0,
        "sellingAndMarketingExpenses": 0,
        "sellingGeneralAndAdministrativeExpenses": 2325000000,
        "otherExpenses": 1796000000,
        "operatingExpenses": 4121000000,
        "costAndExpenses": 9157000000,
        "interestIncome": 0,
        "interestExpense": 347000000,
        "depreciationAndAmortization": 2905000000,
        "ebitda": 2431000000,
        "ebitdaratio": 0.2608369099,
        "operatingIncome": -474000000,
        "operatingIncomeRatio": -0.0508583691,
        "totalOtherIncomeExpensesNet": -347000000,
        "incomeBeforeTax": -821000000,
        "incomeBeforeTaxRatio": -0.0880901288,
        "incomeTaxExpense": 175000000,
        "netIncome": -996000000,
        "netIncomeRatio": -0.1068669528,
        "eps": -0.67,
        "epsdiluted": -0.67,
        "weightedAverageShsOut": 1479965186,
        "weightedAverageShsOutDil": 1479965186,
        "link": "",
        "finalLink": ""
    },
    {
        "date": "2001-06-30",
        "symbol": "TWX",
        "reportedCurrency": "USD",
        "cik": "0001105705",
        "fillingDate": "2001-06-30",
        "acceptedDate": "2001-06-29 20:00:00",
        "calendarYear": "2001",
        "period": "Q2",
        "revenue": 9202000000,
        "costOfRevenue": 4818000000,
        "grossProfit": 4384000000,
        "grossProfitRatio": 0.47641817,
        "researchAndDevelopmentExpenses": 0,
        "generalAndAdministrativeExpenses": 0,
        "sellingAndMarketingExpenses": 0,
        "sellingGeneralAndAdministrativeExpenses": 2327000000,
        "otherExpenses": 1781000000,
        "operatingExpenses": 4108000000,
        "costAndExpenses": 8926000000,
        "interestIncome": 0,
        "interestExpense": 352000000,
        "depreciationAndAmortization": 2701000000,
        "ebitda": 2668000000,
        "ebitdaratio": 0.2899369702,
        "operatingIncome": -33000000,
        "operatingIncomeRatio": -0.0035861769,
        "totalOtherIncomeExpensesNet": 418000000,
        "incomeBeforeTax": 385000000,
        "incomeBeforeTaxRatio": 0.0418387307,
        "incomeTaxExpense": 349000000,
        "netIncome": 36000000,
        "netIncomeRatio": 0.003912193,
        "eps": 0.0244,
        "epsdiluted": 0.0244,
        "weightedAverageShsOut": 1478298521,
        "weightedAverageShsOutDil": 1478298521,
        "link": "",
        "finalLink": ""
    },
    {
        "date": "2001-03-31",
        "symbol": "TWX",
        "reportedCurrency": "USD",
        "cik": "0001105705",
        "fillingDate": "2001-03-31",
        "acceptedDate": "2001-03-30 19:00:00",
        "calendarYear": "2001",
        "period": "Q1",
        "revenue": 9080000000,
        "costOfRevenue": 2788000000,
        "grossProfit": 6292000000,
        "grossProfitRatio": 0.6929515419,
        "researchAndDevelopmentExpenses": 0,
        "generalAndAdministrativeExpenses": 0,
        "sellingAndMarketingExpenses": 0,
        "sellingGeneralAndAdministrativeExpenses": 2371000000,
        "otherExpenses": 3997000000,
        "operatingExpenses": 6368000000,
        "costAndExpenses": 9156000000,
        "interestIncome": 0,
        "interestExpense": 319000000,
        "depreciationAndAmortization": 2848000000,
        "ebitda": 1725000000,
        "ebitdaratio": 0.1899779736,
        "operatingIncome": -1123000000,
        "operatingIncomeRatio": -0.1236784141,
        "totalOtherIncomeExpensesNet": -319000000,
        "incomeBeforeTax": -1442000000,
        "incomeBeforeTaxRatio": -0.1588105727,
        "incomeTaxExpense": -73000000,
        "netIncome": -1369000000,
        "netIncomeRatio": -0.1507709251,
        "eps": -0.93,
        "epsdiluted": -0.93,
        "weightedAverageShsOut": 1470898529,
        "weightedAverageShsOutDil": 1470898529,
        "link": "",
        "finalLink": ""
    },
    {
        "date": "2000-09-30",
        "symbol": "TWX",
        "reportedCurrency": "USD",
        "cik": "0001105705",
        "fillingDate": "2000-09-30",
        "acceptedDate": "2000-09-29 20:00:00",
        "calendarYear": "2000",
        "period": "Q3",
        "revenue": 1975000000,
        "costOfRevenue": 863000000,
        "grossProfit": 1112000000,
        "grossProfitRatio": 0.5630379747,
        "researchAndDevelopmentExpenses": 60000000,
        "generalAndAdministrativeExpenses": 0,
        "sellingAndMarketingExpenses": 0,
        "sellingGeneralAndAdministrativeExpenses": 481000000,
        "otherExpenses": 87000000,
        "operatingExpenses": 628000000,
        "costAndExpenses": 1491000000,
        "interestIncome": 0,
        "interestExpense": 0,
        "depreciationAndAmortization": 87000000,
        "ebitda": 654000000,
        "ebitdaratio": 0.3311392405,
        "operatingIncome": 567000000,
        "operatingIncomeRatio": 0.2870886076,
        "totalOtherIncomeExpensesNet": 0,
        "incomeBeforeTax": 567000000,
        "incomeBeforeTaxRatio": 0.2870886076,
        "incomeTaxExpense": 222000000,
        "netIncome": 345000000,
        "netIncomeRatio": 0.1746835443,
        "eps": 0.44,
        "epsdiluted": 0.4,
        "weightedAverageShsOut": 775999224,
        "weightedAverageShsOutDil": 867665799,
        "link": "",
        "finalLink": ""
    },
    {
        "date": "2000-06-30",
        "symbol": "TWX",
        "reportedCurrency": "USD",
        "cik": "0001105705",
        "fillingDate": "2000-06-30",
        "acceptedDate": "2000-06-29 20:00:00",
        "calendarYear": "2000",
        "period": "Q2",
        "revenue": 1962000000,
        "costOfRevenue": 839000000,
        "grossProfit": 1123000000,
        "grossProfitRatio": 0.5723751274,
        "researchAndDevelopmentExpenses": 86000000,
        "generalAndAdministrativeExpenses": 0,
        "sellingAndMarketingExpenses": 0,
        "sellingGeneralAndAdministrativeExpenses": 509000000,
        "otherExpenses": 80000000,
        "operatingExpenses": 675000000,
        "costAndExpenses": 1514000000,
        "interestIncome": 0,
        "interestExpense": 0,
        "depreciationAndAmortization": 80000000,
        "ebitda": 601000000,
        "ebitdaratio": 0.3063200815,
        "operatingIncome": 521000000,
        "operatingIncomeRatio": 0.2655453619,
        "totalOtherIncomeExpensesNet": 0,
        "incomeBeforeTax": 521000000,
        "incomeBeforeTaxRatio": 0.2655453619,
        "incomeTaxExpense": 199000000,
        "netIncome": 322000000,
        "netIncomeRatio": 0.1641182467,
        "eps": 0.41,
        "epsdiluted": 0.37,
        "weightedAverageShsOut": 775999224,
        "weightedAverageShsOutDil": 867665799,
        "link": "",
        "finalLink": ""
    },
    {
        "date": "2000-03-31",
        "symbol": "TWX",
        "reportedCurrency": "USD",
        "cik": "0001105705",
        "fillingDate": "2000-03-31",
        "acceptedDate": "2000-03-30 19:00:00",
        "calendarYear": "2000",
        "period": "Q1",
        "revenue": 1836000000,
        "costOfRevenue": 869000000,
        "grossProfit": 967000000,
        "grossProfitRatio": 0.5266884532,
        "researchAndDevelopmentExpenses": 76000000,
        "generalAndAdministrativeExpenses": 0,
        "sellingAndMarketingExpenses": 0,
        "sellingGeneralAndAdministrativeExpenses": 422000000,
        "otherExpenses": 88000000,
        "operatingExpenses": 586000000,
        "costAndExpenses": 1455000000,
        "interestIncome": 0,
        "interestExpense": 0,
        "depreciationAndAmortization": 88000000,
        "ebitda": 805000000,
        "ebitdaratio": 0.438453159,
        "operatingIncome": 717000000,
        "operatingIncomeRatio": 0.3905228758,
        "totalOtherIncomeExpensesNet": 0,
        "incomeBeforeTax": 717000000,
        "incomeBeforeTaxRatio": 0.3905228758,
        "incomeTaxExpense": 280000000,
        "netIncome": 437000000,
        "netIncomeRatio": 0.2380174292,
        "eps": 0.57,
        "epsdiluted": 0.51,
        "weightedAverageShsOut": 762332571,
        "weightedAverageShsOutDil": 864999135,
        "link": "",
        "finalLink": ""
    },
    {
        "date": "1999-12-31",
        "symbol": "TWX",
        "reportedCurrency": "USD",
        "cik": "0001105705",
        "fillingDate": "1999-12-31",
        "acceptedDate": "1999-12-30 19:00:00",
        "calendarYear": "1999",
        "period": "Q4",
        "revenue": 1621000000,
        "costOfRevenue": 788000000,
        "grossProfit": 833000000,
        "grossProfitRatio": 0.5138803208,
        "researchAndDevelopmentExpenses": 74000000,
        "generalAndAdministrativeExpenses": 0,
        "sellingAndMarketingExpenses": 0,
        "sellingGeneralAndAdministrativeExpenses": 411000000,
        "otherExpenses": 59000000,
        "operatingExpenses": 544000000,
        "costAndExpenses": 1332000000,
        "interestIncome": 0,
        "interestExpense": 0,
        "depreciationAndAmortization": 59000000,
        "ebitda": 503000000,
        "ebitdaratio": 0.3103022825,
        "operatingIncome": 444000000,
        "operatingIncomeRatio": 0.2739049969,
        "totalOtherIncomeExpensesNet": 0,
        "incomeBeforeTax": 444000000,
        "incomeBeforeTaxRatio": 0.2739049969,
        "incomeTaxExpense": 173000000,
        "netIncome": 271000000,
        "netIncomeRatio": 0.1671807526,
        "eps": 0.36,
        "epsdiluted": 0.31,
        "weightedAverageShsOut": 752999247,
        "weightedAverageShsOutDil": 869999130,
        "link": "",
        "finalLink": ""
    },
    {
        "date": "1999-09-30",
        "symbol": "TWX",
        "reportedCurrency": "USD",
        "cik": "0001105705",
        "fillingDate": "1999-09-30",
        "acceptedDate": "1999-09-29 20:00:00",
        "calendarYear": "1999",
        "period": "Q3",
        "revenue": 1467000000,
        "costOfRevenue": 749000000,
        "grossProfit": 718000000,
        "grossProfitRatio": 0.4894342195,
        "researchAndDevelopmentExpenses": 67000000,
        "generalAndAdministrativeExpenses": 0,
        "sellingAndMarketingExpenses": 0,
        "sellingGeneralAndAdministrativeExpenses": 326000000,
        "otherExpenses": 60000000,
        "operatingExpenses": 453000000,
        "costAndExpenses": 1202000000,
        "interestIncome": 0,
        "interestExpense": 0,
        "depreciationAndAmortization": 60000000,
        "ebitda": 362000000,
        "ebitdaratio": 0.2467620995,
        "operatingIncome": 302000000,
        "operatingIncomeRatio": 0.205862304,
        "totalOtherIncomeExpensesNet": 0,
        "incomeBeforeTax": 302000000,
        "incomeBeforeTaxRatio": 0.205862304,
        "incomeTaxExpense": 118000000,
        "netIncome": 184000000,
        "netIncomeRatio": 0.1254260395,
        "eps": 0.27,
        "epsdiluted": 0.21,
        "weightedAverageShsOut": 681480800,
        "weightedAverageShsOutDil": 876189600,
        "link": "",
        "finalLink": ""
    },
    {
        "date": "1999-06-30",
        "symbol": "TWX",
        "reportedCurrency": "USD",
        "cik": "0001105705",
        "fillingDate": "1999-06-30",
        "acceptedDate": "1999-06-29 20:00:00",
        "calendarYear": "1999",
        "period": "Q2",
        "revenue": 1378000000,
        "costOfRevenue": 698000000,
        "grossProfit": 680000000,
        "grossProfitRatio": 0.4934687954,
        "researchAndDevelopmentExpenses": 70000000,
        "generalAndAdministrativeExpenses": 0,
        "sellingAndMarketingExpenses": 0,
        "sellingGeneralAndAdministrativeExpenses": 338000000,
        "otherExpenses": 62000000,
        "operatingExpenses": 470000000,
        "costAndExpenses": 1168000000,
        "interestIncome": 0,
        "interestExpense": 0,
        "depreciationAndAmortization": 62000000,
        "ebitda": 288000000,
        "ebitdaratio": 0.2089985486,
        "operatingIncome": 226000000,
        "operatingIncomeRatio": 0.1640058055,
        "totalOtherIncomeExpensesNet": 0,
        "incomeBeforeTax": 226000000,
        "incomeBeforeTaxRatio": 0.1640058055,
        "incomeTaxExpense": 82000000,
        "netIncome": 144000000,
        "netIncomeRatio": 0.1044992743,
        "eps": 0.21,
        "epsdiluted": 0.16,
        "weightedAverageShsOut": 681480800,
        "weightedAverageShsOutDil": 876189600,
        "link": "",
        "finalLink": ""
    },
    {
        "date": "1999-03-31",
        "symbol": "TWX",
        "reportedCurrency": "USD",
        "cik": "0001105705",
        "fillingDate": "1999-03-31",
        "acceptedDate": "1999-03-30 19:00:00",
        "calendarYear": "1999",
        "period": "Q1",
        "revenue": 1253000000,
        "costOfRevenue": 615000000,
        "grossProfit": 638000000,
        "grossProfitRatio": 0.5091779729,
        "researchAndDevelopmentExpenses": 80000000,
        "generalAndAdministrativeExpenses": 0,
        "sellingAndMarketingExpenses": 0,
        "sellingGeneralAndAdministrativeExpenses": 331000000,
        "otherExpenses": 93000000,
        "operatingExpenses": 504000000,
        "costAndExpenses": 1119000000,
        "interestIncome": 0,
        "interestExpense": 0,
        "depreciationAndAmortization": 93000000,
        "ebitda": 735000000,
        "ebitdaratio": 0.5865921788,
        "operatingIncome": 642000000,
        "operatingIncomeRatio": 0.5123703113,
        "totalOtherIncomeExpensesNet": 0,
        "incomeBeforeTax": 642000000,
        "incomeBeforeTaxRatio": 0.5123703113,
        "incomeTaxExpense": 222000000,
        "netIncome": 420000000,
        "netIncomeRatio": 0.3351955307,
        "eps": 0.63,
        "epsdiluted": 0.51,
        "weightedAverageShsOut": 666666000,
        "weightedAverageShsOutDil": 823528588,
        "link": "",
        "finalLink": ""
    },
    {
        "date": "1998-12-31",
        "symbol": "TWX",
        "reportedCurrency": "USD",
        "cik": "0001105705",
        "fillingDate": "1998-12-31",
        "acceptedDate": "1998-12-30 19:00:00",
        "calendarYear": "1998",
        "period": "Q4",
        "revenue": 960000000,
        "costOfRevenue": 566000000,
        "grossProfit": 394000000,
        "grossProfitRatio": 0.4104166667,
        "researchAndDevelopmentExpenses": 32000000,
        "generalAndAdministrativeExpenses": 0,
        "sellingAndMarketingExpenses": 0,
        "sellingGeneralAndAdministrativeExpenses": 194000000,
        "otherExpenses": 37000000,
        "operatingExpenses": 263000000,
        "costAndExpenses": 829000000,
        "interestIncome": 0,
        "interestExpense": 0,
        "depreciationAndAmortization": 37000000,
        "ebitda": 182000000,
        "ebitdaratio": 0.1895833333,
        "operatingIncome": 145000000,
        "operatingIncomeRatio": 0.1510416667,
        "totalOtherIncomeExpensesNet": 0,
        "incomeBeforeTax": 145000000,
        "incomeBeforeTaxRatio": 0.1510416667,
        "incomeTaxExpense": 24000000,
        "netIncome": 121000000,
        "netIncomeRatio": 0.1260416667,
        "eps": 0.21,
        "epsdiluted": 0.18,
        "weightedAverageShsOut": 576189900,
        "weightedAverageShsOutDil": 672221550,
        "link": "",
        "finalLink": ""
    },
    {
        "date": "1998-09-30",
        "symbol": "TWX",
        "reportedCurrency": "USD",
        "cik": "0001105705",
        "fillingDate": "1998-09-30",
        "acceptedDate": "1998-09-29 20:00:00",
        "calendarYear": "1998",
        "period": "Q3",
        "revenue": 858000000,
        "costOfRevenue": 529000000,
        "grossProfit": 329000000,
        "grossProfitRatio": 0.3834498834,
        "researchAndDevelopmentExpenses": 27000000,
        "generalAndAdministrativeExpenses": 0,
        "sellingAndMarketingExpenses": 0,
        "sellingGeneralAndAdministrativeExpenses": 160000000,
        "otherExpenses": 30000000,
        "operatingExpenses": 217000000,
        "costAndExpenses": 746000000,
        "interestIncome": 0,
        "interestExpense": 0,
        "depreciationAndAmortization": 30000000,
        "ebitda": 144000000,
        "ebitdaratio": 0.1678321678,
        "operatingIncome": 114000000,
        "operatingIncomeRatio": 0.1328671329,
        "totalOtherIncomeExpensesNet": 0,
        "incomeBeforeTax": 114000000,
        "incomeBeforeTaxRatio": 0.1328671329,
        "incomeTaxExpense": 6000000,
        "netIncome": 108000000,
        "netIncomeRatio": 0.1258741259,
        "eps": 0.18,
        "epsdiluted": 0.15,
        "weightedAverageShsOut": 599999400,
        "weightedAverageShsOutDil": 719999280,
        "link": "",
        "finalLink": ""
    },
    {
        "date": "1998-06-30",
        "symbol": "TWX",
        "reportedCurrency": "USD",
        "cik": "0001105705",
        "fillingDate": "1998-06-30",
        "acceptedDate": "1998-06-29 20:00:00",
        "calendarYear": "1998",
        "period": "Q2",
        "revenue": 792700000,
        "costOfRevenue": 489100000,
        "grossProfit": 303600000,
        "grossProfitRatio": 0.3829948278,
        "researchAndDevelopmentExpenses": 28200000,
        "generalAndAdministrativeExpenses": 0,
        "sellingAndMarketingExpenses": 0,
        "sellingGeneralAndAdministrativeExpenses": 160700000,
        "otherExpenses": 24100000,
        "operatingExpenses": 213000000,
        "costAndExpenses": 702100000,
        "interestIncome": 0,
        "interestExpense": 0,
        "depreciationAndAmortization": 24100000,
        "ebitda": 31400000,
        "ebitdaratio": 0.0396114545,
        "operatingIncome": 7300000,
        "operatingIncomeRatio": 0.0092090324,
        "totalOtherIncomeExpensesNet": -83300000,
        "incomeBeforeTax": -76000000,
        "incomeBeforeTaxRatio": -0.0958748581,
        "incomeTaxExpense": -83300000,
        "netIncome": 7300000,
        "netIncomeRatio": 0.0092090324,
        "eps": 0.0122,
        "epsdiluted": 0.0101,
        "weightedAverageShsOut": 599999400,
        "weightedAverageShsOutDil": 719999280,
        "link": "",
        "finalLink": ""
    },
    {
        "date": "1998-03-31",
        "symbol": "TWX",
        "reportedCurrency": "USD",
        "cik": "0001105705",
        "fillingDate": "1998-03-31",
        "acceptedDate": "1998-03-30 19:00:00",
        "calendarYear": "1998",
        "period": "Q1",
        "revenue": 693600000,
        "costOfRevenue": 442900000,
        "grossProfit": 250700000,
        "grossProfitRatio": 0.3614475202,
        "researchAndDevelopmentExpenses": 27300000,
        "generalAndAdministrativeExpenses": 0,
        "sellingAndMarketingExpenses": 0,
        "sellingGeneralAndAdministrativeExpenses": 143700000,
        "otherExpenses": 19100000,
        "operatingExpenses": 190100000,
        "costAndExpenses": 633000000,
        "interestIncome": 0,
        "interestExpense": 0,
        "depreciationAndAmortization": 19100000,
        "ebitda": 37700000,
        "ebitdaratio": 0.0543540946,
        "operatingIncome": 18600000,
        "operatingIncomeRatio": 0.026816609,
        "totalOtherIncomeExpensesNet": -42000000,
        "incomeBeforeTax": -23400000,
        "incomeBeforeTaxRatio": -0.0337370242,
        "incomeTaxExpense": -42000000,
        "netIncome": 18600000,
        "netIncomeRatio": 0.026816609,
        "eps": 0.0292,
        "epsdiluted": 0.0292,
        "weightedAverageShsOut": 636671363,
        "weightedAverageShsOutDil": 636671363,
        "link": "",
        "finalLink": ""
    },
    {
        "date": "1997-12-31",
        "symbol": "TWX",
        "reportedCurrency": "USD",
        "cik": "0001105705",
        "fillingDate": "1997-12-31",
        "acceptedDate": "1997-12-30 19:00:00",
        "calendarYear": "1997",
        "period": "Q4",
        "revenue": 592000000,
        "costOfRevenue": 356900000,
        "grossProfit": 235100000,
        "grossProfitRatio": 0.3971283784,
        "researchAndDevelopmentExpenses": 23600000,
        "generalAndAdministrativeExpenses": 0,
        "sellingAndMarketingExpenses": 0,
        "sellingGeneralAndAdministrativeExpenses": 147500000,
        "otherExpenses": 31300000,
        "operatingExpenses": 202400000,
        "costAndExpenses": 559300000,
        "interestIncome": 0,
        "interestExpense": 0,
        "depreciationAndAmortization": 31300000,
        "ebitda": 65800000,
        "ebitdaratio": 0.1111486486,
        "operatingIncome": 34500000,
        "operatingIncomeRatio": 0.058277027,
        "totalOtherIncomeExpensesNet": 0,
        "incomeBeforeTax": 34500000,
        "incomeBeforeTaxRatio": 0.058277027,
        "incomeTaxExpense": 13700000,
        "netIncome": 20800000,
        "netIncomeRatio": 0.0351351351,
        "eps": 0.0419,
        "epsdiluted": 0.0419,
        "weightedAverageShsOut": 496900836,
        "weightedAverageShsOutDil": 496900836,
        "link": "",
        "finalLink": ""
    },
    {
        "date": "1997-09-30",
        "symbol": "TWX",
        "reportedCurrency": "USD",
        "cik": "0001105705",
        "fillingDate": "1997-09-30",
        "acceptedDate": "1997-09-29 20:00:00",
        "calendarYear": "1997",
        "period": "Q3",
        "revenue": 521600000,
        "costOfRevenue": 303200000,
        "grossProfit": 218400000,
        "grossProfitRatio": 0.4187116564,
        "researchAndDevelopmentExpenses": 15800000,
        "generalAndAdministrativeExpenses": 0,
        "sellingAndMarketingExpenses": 0,
        "sellingGeneralAndAdministrativeExpenses": 152100000,
        "otherExpenses": 25500000,
        "operatingExpenses": 193400000,
        "costAndExpenses": 496600000,
        "interestIncome": 0,
        "interestExpense": 0,
        "depreciationAndAmortization": 25500000,
        "ebitda": 57200000,
        "ebitdaratio": 0.1096625767,
        "operatingIncome": 31700000,
        "operatingIncomeRatio": 0.0607745399,
        "totalOtherIncomeExpensesNet": 0,
        "incomeBeforeTax": 31700000,
        "incomeBeforeTaxRatio": 0.0607745399,
        "incomeTaxExpense": 12500000,
        "netIncome": 19200000,
        "netIncomeRatio": 0.036809816,
        "eps": 0.0381,
        "epsdiluted": 0.0381,
        "weightedAverageShsOut": 503402163,
        "weightedAverageShsOutDil": 503402163,
        "link": "",
        "finalLink": ""
    },
    {
        "date": "1997-06-30",
        "symbol": "TWX",
        "reportedCurrency": "USD",
        "cik": "0001105705",
        "fillingDate": "1997-06-30",
        "acceptedDate": "1997-06-29 20:00:00",
        "calendarYear": "1997",
        "period": "Q2",
        "revenue": 469600000,
        "costOfRevenue": 298900000,
        "grossProfit": 170700000,
        "grossProfitRatio": 0.3635008518,
        "researchAndDevelopmentExpenses": -7000000,
        "generalAndAdministrativeExpenses": 0,
        "sellingAndMarketingExpenses": 0,
        "sellingGeneralAndAdministrativeExpenses": 154000000,
        "otherExpenses": 21600000,
        "operatingExpenses": 168600000,
        "costAndExpenses": 467500000,
        "interestIncome": 0,
        "interestExpense": 0,
        "depreciationAndAmortization": 21600000,
        "ebitda": 28200000,
        "ebitdaratio": 0.0600511073,
        "operatingIncome": 6600000,
        "operatingIncomeRatio": 0.0140545145,
        "totalOtherIncomeExpensesNet": 4400000,
        "incomeBeforeTax": 11000000,
        "incomeBeforeTaxRatio": 0.0234241908,
        "incomeTaxExpense": 4400000,
        "netIncome": 6600000,
        "netIncomeRatio": 0.0140545145,
        "eps": 0.0131,
        "epsdiluted": 0.0131,
        "weightedAverageShsOut": 504890162,
        "weightedAverageShsOutDil": 504890162,
        "link": "",
        "finalLink": ""
    },
    {
        "date": "1997-03-31",
        "symbol": "TWX",
        "reportedCurrency": "USD",
        "cik": "0001105705",
        "fillingDate": "1997-03-31",
        "acceptedDate": "1997-03-30 19:00:00",
        "calendarYear": "1997",
        "period": "Q1",
        "revenue": 456200000,
        "costOfRevenue": 273900000,
        "grossProfit": 182300000,
        "grossProfitRatio": 0.3996054362,
        "researchAndDevelopmentExpenses": 24200000,
        "generalAndAdministrativeExpenses": 0,
        "sellingAndMarketingExpenses": 0,
        "sellingGeneralAndAdministrativeExpenses": 141800000,
        "otherExpenses": 15700000,
        "operatingExpenses": 181700000,
        "costAndExpenses": 455600000,
        "interestIncome": 0,
        "interestExpense": 0,
        "depreciationAndAmortization": 15700000,
        "ebitda": 18300000,
        "ebitdaratio": 0.0401139851,
        "operatingIncome": 2600000,
        "operatingIncomeRatio": 0.0056992547,
        "totalOtherIncomeExpensesNet": 1900000,
        "incomeBeforeTax": 4500000,
        "incomeBeforeTaxRatio": 0.0098640947,
        "incomeTaxExpense": 1900000,
        "netIncome": 2600000,
        "netIncomeRatio": 0.0056992547,
        "eps": 0.0052,
        "epsdiluted": 0.0052,
        "weightedAverageShsOut": 499876833,
        "weightedAverageShsOutDil": 499876833,
        "link": "",
        "finalLink": ""
    },
    {
        "date": "1996-12-31",
        "symbol": "TWX",
        "reportedCurrency": "USD",
        "cik": "0001105705",
        "fillingDate": "1996-12-31",
        "acceptedDate": "1996-12-30 19:00:00",
        "calendarYear": "1996",
        "period": "Q4",
        "revenue": 409400000,
        "costOfRevenue": 232900000,
        "grossProfit": 176500000,
        "grossProfitRatio": 0.4311187103,
        "researchAndDevelopmentExpenses": 21700000,
        "generalAndAdministrativeExpenses": 0,
        "sellingAndMarketingExpenses": 0,
        "sellingGeneralAndAdministrativeExpenses": 195600000,
        "otherExpenses": 14100000,
        "operatingExpenses": 231400000,
        "costAndExpenses": 464300000,
        "interestIncome": 0,
        "interestExpense": 0,
        "depreciationAndAmortization": 14100000,
        "ebitda": -140700000,
        "ebitdaratio": -0.3436736688,
        "operatingIncome": -154800000,
        "operatingIncomeRatio": -0.3781143136,
        "totalOtherIncomeExpensesNet": -100000000,
        "incomeBeforeTax": -254800000,
        "incomeBeforeTaxRatio": -0.6223742062,
        "incomeTaxExpense": -100000000,
        "netIncome": -154800000,
        "netIncomeRatio": -0.3781143136,
        "eps": -0.31,
        "epsdiluted": -0.31,
        "weightedAverageShsOut": 502847497,
        "weightedAverageShsOutDil": 502847497,
        "link": "",
        "finalLink": ""
    },
    {
        "date": "1996-09-30",
        "symbol": "TWX",
        "reportedCurrency": "USD",
        "cik": "0001105705",
        "fillingDate": "1996-09-30",
        "acceptedDate": "1996-09-29 20:00:00",
        "calendarYear": "1996",
        "period": "Q3",
        "revenue": 350000000,
        "costOfRevenue": 117800000,
        "grossProfit": 232200000,
        "grossProfitRatio": 0.6634285714,
        "researchAndDevelopmentExpenses": 19300000,
        "generalAndAdministrativeExpenses": 0,
        "sellingAndMarketingExpenses": 0,
        "sellingGeneralAndAdministrativeExpenses": 111500000,
        "otherExpenses": 72400000,
        "operatingExpenses": 203200000,
        "costAndExpenses": 321000000,
        "interestIncome": 0,
        "interestExpense": 0,
        "depreciationAndAmortization": 72400000,
        "ebitda": -281300000,
        "ebitdaratio": -0.8037142857,
        "operatingIncome": -353700000,
        "operatingIncomeRatio": -1.0105714286,
        "totalOtherIncomeExpensesNet": -382700000,
        "incomeBeforeTax": -736400000,
        "incomeBeforeTaxRatio": -2.104,
        "incomeTaxExpense": -382700000,
        "netIncome": -353700000,
        "netIncomeRatio": -1.0105714286,
        "eps": -0.72,
        "epsdiluted": -0.72,
        "weightedAverageShsOut": 491249509,
        "weightedAverageShsOutDil": 491249509,
        "link": "",
        "finalLink": ""
    },
    {
        "date": "1996-06-30",
        "symbol": "TWX",
        "reportedCurrency": "USD",
        "cik": "0001105705",
        "fillingDate": "1996-06-30",
        "acceptedDate": "1996-06-29 20:00:00",
        "calendarYear": "1996",
        "period": "Q2",
        "revenue": 334500000,
        "costOfRevenue": 120500000,
        "grossProfit": 214000000,
        "grossProfitRatio": 0.6397608371,
        "researchAndDevelopmentExpenses": 18500000,
        "generalAndAdministrativeExpenses": 0,
        "sellingAndMarketingExpenses": 0,
        "sellingGeneralAndAdministrativeExpenses": 103100000,
        "otherExpenses": 60100000,
        "operatingExpenses": 181700000,
        "costAndExpenses": 302200000,
        "interestIncome": 0,
        "interestExpense": 0,
        "depreciationAndAmortization": 60100000,
        "ebitda": 86700000,
        "ebitdaratio": 0.2591928251,
        "operatingIncome": 26600000,
        "operatingIncomeRatio": 0.0795216741,
        "totalOtherIncomeExpensesNet": 0,
        "incomeBeforeTax": 26600000,
        "incomeBeforeTaxRatio": 0.0795216741,
        "incomeTaxExpense": 10600000,
        "netIncome": 16000000,
        "netIncomeRatio": 0.0478325859,
        "eps": 0.0326,
        "epsdiluted": 0.0326,
        "weightedAverageShsOut": 491249509,
        "weightedAverageShsOutDil": 491249509,
        "link": "",
        "finalLink": ""
    },
    {
        "date": "1996-03-31",
        "symbol": "TWX",
        "reportedCurrency": "USD",
        "cik": "0001105705",
        "fillingDate": "1996-03-31",
        "acceptedDate": "1996-03-30 19:00:00",
        "calendarYear": "1996",
        "period": "Q1",
        "revenue": 312300000,
        "costOfRevenue": 142600000,
        "grossProfit": 169700000,
        "grossProfitRatio": 0.5433877682,
        "researchAndDevelopmentExpenses": 15400000,
        "generalAndAdministrativeExpenses": 0,
        "sellingAndMarketingExpenses": 0,
        "sellingGeneralAndAdministrativeExpenses": 86800000,
        "otherExpenses": 42900000,
        "operatingExpenses": 145100000,
        "costAndExpenses": 287700000,
        "interestIncome": 0,
        "interestExpense": 0,
        "depreciationAndAmortization": 42900000,
        "ebitda": 68000000,
        "ebitdaratio": 0.2177393532,
        "operatingIncome": 25100000,
        "operatingIncomeRatio": 0.0803714377,
        "totalOtherIncomeExpensesNet": 0,
        "incomeBeforeTax": 25100000,
        "incomeBeforeTaxRatio": 0.0803714377,
        "incomeTaxExpense": 10000000,
        "netIncome": 15100000,
        "netIncomeRatio": 0.0483509446,
        "eps": 0.03,
        "epsdiluted": 0.03,
        "weightedAverageShsOut": 503332830,
        "weightedAverageShsOutDil": 503332830,
        "link": "",
        "finalLink": ""
    },
    {
        "date": "1995-12-31",
        "symbol": "TWX",
        "reportedCurrency": "USD",
        "cik": "0001105705",
        "fillingDate": "1995-12-31",
        "acceptedDate": "1995-12-30 19:00:00",
        "calendarYear": "1995",
        "period": "Q4",
        "revenue": 249100000,
        "costOfRevenue": 115000000,
        "grossProfit": 134100000,
        "grossProfitRatio": 0.5383380169,
        "researchAndDevelopmentExpenses": 9400000,
        "generalAndAdministrativeExpenses": 0,
        "sellingAndMarketingExpenses": 0,
        "sellingGeneralAndAdministrativeExpenses": 75900000,
        "otherExpenses": 32700000,
        "operatingExpenses": 118000000,
        "costAndExpenses": 233000000,
        "interestIncome": 0,
        "interestExpense": 0,
        "depreciationAndAmortization": 32700000,
        "ebitda": 50200000,
        "ebitdaratio": 0.2015254918,
        "operatingIncome": 17500000,
        "operatingIncomeRatio": 0.0702529105,
        "totalOtherIncomeExpensesNet": 0,
        "incomeBeforeTax": 17500000,
        "incomeBeforeTaxRatio": 0.0702529105,
        "incomeTaxExpense": 6900000,
        "netIncome": 10600000,
        "netIncomeRatio": 0.0425531915,
        "eps": 0.03,
        "epsdiluted": 0.03,
        "weightedAverageShsOut": 353332980,
        "weightedAverageShsOutDil": 353332980,
        "link": "",
        "finalLink": ""
    },
    {
        "date": "1995-09-30",
        "symbol": "TWX",
        "reportedCurrency": "USD",
        "cik": "0001105705",
        "fillingDate": "1995-09-30",
        "acceptedDate": "1995-09-29 20:00:00",
        "calendarYear": "1995",
        "period": "Q3",
        "revenue": 197900000,
        "costOfRevenue": 97100000,
        "grossProfit": 100800000,
        "grossProfitRatio": 0.5093481556,
        "researchAndDevelopmentExpenses": 9000000,
        "generalAndAdministrativeExpenses": 0,
        "sellingAndMarketingExpenses": 0,
        "sellingGeneralAndAdministrativeExpenses": 57200000,
        "otherExpenses": 23700000,
        "operatingExpenses": 89900000,
        "costAndExpenses": 187000000,
        "interestIncome": 0,
        "interestExpense": 0,
        "depreciationAndAmortization": 23700000,
        "ebitda": 18300000,
        "ebitdaratio": 0.0924709449,
        "operatingIncome": -5400000,
        "operatingIncomeRatio": -0.0272865083,
        "totalOtherIncomeExpensesNet": 0,
        "incomeBeforeTax": -5400000,
        "incomeBeforeTaxRatio": -0.0272865083,
        "incomeTaxExpense": 4900000,
        "netIncome": -10300000,
        "netIncomeRatio": -0.0520464881,
        "eps": -0.03,
        "epsdiluted": -0.03,
        "weightedAverageShsOut": 343332990,
        "weightedAverageShsOutDil": 343332990,
        "link": "",
        "finalLink": ""
    },
    {
        "date": "1995-06-30",
        "symbol": "TWX",
        "reportedCurrency": "USD",
        "cik": "0001105705",
        "fillingDate": "1995-06-30",
        "acceptedDate": "1995-06-29 20:00:00",
        "calendarYear": "1995",
        "period": "Q2",
        "revenue": 159500000,
        "costOfRevenue": 64300000,
        "grossProfit": 95200000,
        "grossProfitRatio": 0.5968652038,
        "researchAndDevelopmentExpenses": 4200000,
        "generalAndAdministrativeExpenses": 0,
        "sellingAndMarketingExpenses": 0,
        "sellingGeneralAndAdministrativeExpenses": 50600000,
        "otherExpenses": 27900000,
        "operatingExpenses": 82700000,
        "costAndExpenses": 147000000,
        "interestIncome": 0,
        "interestExpense": 0,
        "depreciationAndAmortization": 27900000,
        "ebitda": 40600000,
        "ebitdaratio": 0.2545454545,
        "operatingIncome": 12700000,
        "operatingIncomeRatio": 0.0796238245,
        "totalOtherIncomeExpensesNet": 0,
        "incomeBeforeTax": 12700000,
        "incomeBeforeTaxRatio": 0.0796238245,
        "incomeTaxExpense": 5800000,
        "netIncome": 6900000,
        "netIncomeRatio": 0.0432601881,
        "eps": 0.0201,
        "epsdiluted": 0.0201,
        "weightedAverageShsOut": 343332990,
        "weightedAverageShsOutDil": 343332990,
        "link": "",
        "finalLink": ""
    },
    {
        "date": "1995-03-31",
        "symbol": "TWX",
        "reportedCurrency": "USD",
        "cik": "0001105705",
        "fillingDate": "1995-03-31",
        "acceptedDate": "1995-03-30 19:00:00",
        "calendarYear": "1995",
        "period": "Q1",
        "revenue": 106400000,
        "costOfRevenue": 46000000,
        "grossProfit": 60400000,
        "grossProfitRatio": 0.5676691729,
        "researchAndDevelopmentExpenses": 3500000,
        "generalAndAdministrativeExpenses": 0,
        "sellingAndMarketingExpenses": 0,
        "sellingGeneralAndAdministrativeExpenses": 29900000,
        "otherExpenses": 19700000,
        "operatingExpenses": 53100000,
        "costAndExpenses": 99100000,
        "interestIncome": 0,
        "interestExpense": 0,
        "depreciationAndAmortization": 19700000,
        "ebitda": 20400000,
        "ebitdaratio": 0.1917293233,
        "operatingIncome": 700000,
        "operatingIncomeRatio": 0.0065789474,
        "totalOtherIncomeExpensesNet": 0,
        "incomeBeforeTax": 700000,
        "incomeBeforeTaxRatio": 0.0065789474,
        "incomeTaxExpense": 3500000,
        "netIncome": -2800000,
        "netIncomeRatio": -0.0263157895,
        "eps": -0.0089,
        "epsdiluted": -0.0089,
        "weightedAverageShsOut": 314166352,
        "weightedAverageShsOutDil": 314166352,
        "link": "",
        "finalLink": ""
    },
    {
        "date": "1994-12-31",
        "symbol": "TWX",
        "reportedCurrency": "USD",
        "cik": "0001105705",
        "fillingDate": "1994-12-31",
        "acceptedDate": "1994-12-30 19:00:00",
        "calendarYear": "1994",
        "period": "Q4",
        "revenue": 74000000,
        "costOfRevenue": 27800000,
        "grossProfit": 46200000,
        "grossProfitRatio": 0.6243243243,
        "researchAndDevelopmentExpenses": 3400000,
        "generalAndAdministrativeExpenses": 0,
        "sellingAndMarketingExpenses": 0,
        "sellingGeneralAndAdministrativeExpenses": 22000000,
        "otherExpenses": 13700000,
        "operatingExpenses": 39100000,
        "costAndExpenses": 66900000,
        "interestIncome": 0,
        "interestExpense": 0,
        "depreciationAndAmortization": 13700000,
        "ebitda": -21200000,
        "ebitdaratio": -0.2864864865,
        "operatingIncome": -34900000,
        "operatingIncomeRatio": -0.4716216216,
        "totalOtherIncomeExpensesNet": 0,
        "incomeBeforeTax": -34900000,
        "incomeBeforeTaxRatio": -0.4716216216,
        "incomeTaxExpense": 4100000,
        "netIncome": -39000000,
        "netIncomeRatio": -0.527027027,
        "eps": -0.12,
        "epsdiluted": -0.12,
        "weightedAverageShsOut": 324999675,
        "weightedAverageShsOutDil": 324999675,
        "link": "",
        "finalLink": ""
    },
    {
        "date": "1994-09-30",
        "symbol": "TWX",
        "reportedCurrency": "USD",
        "cik": "0001105705",
        "fillingDate": "1994-09-30",
        "acceptedDate": "1994-09-29 20:00:00",
        "calendarYear": "1994",
        "period": "Q3",
        "revenue": 54400000,
        "costOfRevenue": 21200000,
        "grossProfit": 33200000,
        "grossProfitRatio": 0.6102941176,
        "researchAndDevelopmentExpenses": 1800000,
        "generalAndAdministrativeExpenses": 0,
        "sellingAndMarketingExpenses": 0,
        "sellingGeneralAndAdministrativeExpenses": 16600000,
        "otherExpenses": 10800000,
        "operatingExpenses": 29200000,
        "costAndExpenses": 50400000,
        "interestIncome": 0,
        "interestExpense": 0,
        "depreciationAndAmortization": 10800000,
        "ebitda": 13900000,
        "ebitdaratio": 0.2555147059,
        "operatingIncome": 3100000,
        "operatingIncomeRatio": 0.0569852941,
        "totalOtherIncomeExpensesNet": 0,
        "incomeBeforeTax": 3100000,
        "incomeBeforeTaxRatio": 0.0569852941,
        "incomeTaxExpense": 1800000,
        "netIncome": 1300000,
        "netIncomeRatio": 0.0238970588,
        "eps": 0.004,
        "epsdiluted": 0.004,
        "weightedAverageShsOut": 328810337,
        "weightedAverageShsOutDil": 328810337,
        "link": "",
        "finalLink": ""
    },
    {
        "date": "1994-06-30",
        "symbol": "TWX",
        "reportedCurrency": "USD",
        "cik": "0001105705",
        "fillingDate": "1994-06-30",
        "acceptedDate": "1994-06-29 20:00:00",
        "calendarYear": "1994",
        "period": "Q2",
        "revenue": 37800000,
        "costOfRevenue": 20800000,
        "grossProfit": 17000000,
        "grossProfitRatio": 0.4497354497,
        "researchAndDevelopmentExpenses": 0,
        "generalAndAdministrativeExpenses": 0,
        "sellingAndMarketingExpenses": 0,
        "sellingGeneralAndAdministrativeExpenses": 16000000,
        "otherExpenses": -1900000,
        "operatingExpenses": 14100000,
        "costAndExpenses": 34900000,
        "interestIncome": 0,
        "interestExpense": 0,
        "depreciationAndAmortization": 900000,
        "ebitda": 4300000,
        "ebitdaratio": 0.1137566138,
        "operatingIncome": 3400000,
        "operatingIncomeRatio": 0.0899470899,
        "totalOtherIncomeExpensesNet": 0,
        "incomeBeforeTax": 3400000,
        "incomeBeforeTaxRatio": 0.0899470899,
        "incomeTaxExpense": 1300000,
        "netIncome": 2100000,
        "netIncomeRatio": 0.0555555556,
        "eps": 0.0064,
        "epsdiluted": 0.0064,
        "weightedAverageShsOut": 328810337,
        "weightedAverageShsOutDil": 328810337,
        "link": "",
        "finalLink": ""
    },
    {
        "date": "1994-03-31",
        "symbol": "TWX",
        "reportedCurrency": "USD",
        "cik": "0001105705",
        "fillingDate": "1994-03-31",
        "acceptedDate": "1994-03-30 19:00:00",
        "calendarYear": "1994",
        "period": "Q1",
        "revenue": 29200000,
        "costOfRevenue": 16300000,
        "grossProfit": 12900000,
        "grossProfitRatio": 0.4417808219,
        "researchAndDevelopmentExpenses": 1100000,
        "generalAndAdministrativeExpenses": 0,
        "sellingAndMarketingExpenses": 0,
        "sellingGeneralAndAdministrativeExpenses": 8700000,
        "otherExpenses": 600000,
        "operatingExpenses": 10400000,
        "costAndExpenses": 26700000,
        "interestIncome": 0,
        "interestExpense": 0,
        "depreciationAndAmortization": 600000,
        "ebitda": 3500000,
        "ebitdaratio": 0.1198630137,
        "operatingIncome": 2900000,
        "operatingIncomeRatio": 0.0993150685,
        "totalOtherIncomeExpensesNet": 0,
        "incomeBeforeTax": 2900000,
        "incomeBeforeTaxRatio": 0.0993150685,
        "incomeTaxExpense": 1100000,
        "netIncome": 1800000,
        "netIncomeRatio": 0.0616438356,
        "eps": 0.0059,
        "epsdiluted": 0.0059,
        "weightedAverageShsOut": 307285026,
        "weightedAverageShsOutDil": 307285026,
        "link": "",
        "finalLink": ""
    },
    {
        "date": "1993-12-31",
        "symbol": "TWX",
        "reportedCurrency": "USD",
        "cik": "0001105705",
        "fillingDate": "1993-12-31",
        "acceptedDate": "1993-12-30 19:00:00",
        "calendarYear": "1993",
        "period": "Q4",
        "revenue": 21500000,
        "costOfRevenue": 11500000,
        "grossProfit": 10000000,
        "grossProfitRatio": 0.4651162791,
        "researchAndDevelopmentExpenses": 0,
        "generalAndAdministrativeExpenses": 0,
        "sellingAndMarketingExpenses": 0,
        "sellingGeneralAndAdministrativeExpenses": 7900000,
        "otherExpenses": 500000,
        "operatingExpenses": 8400000,
        "costAndExpenses": 19900000,
        "interestIncome": 0,
        "interestExpense": 0,
        "depreciationAndAmortization": 500000,
        "ebitda": 2500000,
        "ebitdaratio": 0.1162790698,
        "operatingIncome": 2000000,
        "operatingIncomeRatio": 0.0930232558,
        "totalOtherIncomeExpensesNet": 0,
        "incomeBeforeTax": 2000000,
        "incomeBeforeTaxRatio": 0.0930232558,
        "incomeTaxExpense": 800000,
        "netIncome": 1200000,
        "netIncomeRatio": 0.0558139535,
        "eps": 0.004,
        "epsdiluted": 0.004,
        "weightedAverageShsOut": 299903700,
        "weightedAverageShsOutDil": 299903700,
        "link": "",
        "finalLink": ""
    },
    {
        "date": "1993-09-30",
        "symbol": "TWX",
        "reportedCurrency": "USD",
        "cik": "0001105705",
        "fillingDate": "1993-09-30",
        "acceptedDate": "1993-09-29 20:00:00",
        "calendarYear": "1993",
        "period": "Q3",
        "revenue": 15900000,
        "costOfRevenue": 8000000,
        "grossProfit": 7900000,
        "grossProfitRatio": 0.4968553459,
        "researchAndDevelopmentExpenses": 0,
        "generalAndAdministrativeExpenses": 0,
        "sellingAndMarketingExpenses": 0,
        "sellingGeneralAndAdministrativeExpenses": 6300000,
        "otherExpenses": 500000,
        "operatingExpenses": 6800000,
        "costAndExpenses": 14800000,
        "interestIncome": 0,
        "interestExpense": 0,
        "depreciationAndAmortization": 500000,
        "ebitda": 2100000,
        "ebitdaratio": 0.1320754717,
        "operatingIncome": 1600000,
        "operatingIncomeRatio": 0.1006289308,
        "totalOtherIncomeExpensesNet": 0,
        "incomeBeforeTax": 1600000,
        "incomeBeforeTaxRatio": 0.1006289308,
        "incomeTaxExpense": 600000,
        "netIncome": 1000000,
        "netIncomeRatio": 0.0628930818,
        "eps": 0.0039,
        "epsdiluted": 0.0039,
        "weightedAverageShsOut": 255871744,
        "weightedAverageShsOutDil": 255871744,
        "link": "",
        "finalLink": ""
    },
    {
        "date": "1993-06-30",
        "symbol": "TWX",
        "reportedCurrency": "USD",
        "cik": "0001105705",
        "fillingDate": "1993-06-30",
        "acceptedDate": "1993-06-29 20:00:00",
        "calendarYear": "1993",
        "period": "Q2",
        "revenue": 12400000,
        "costOfRevenue": 5700000,
        "grossProfit": 6700000,
        "grossProfitRatio": 0.5403225806,
        "researchAndDevelopmentExpenses": 0,
        "generalAndAdministrativeExpenses": 0,
        "sellingAndMarketingExpenses": 0,
        "sellingGeneralAndAdministrativeExpenses": 5300000,
        "otherExpenses": 400000,
        "operatingExpenses": 5700000,
        "costAndExpenses": 11400000,
        "interestIncome": 0,
        "interestExpense": 0,
        "depreciationAndAmortization": 400000,
        "ebitda": 1500000,
        "ebitdaratio": 0.1209677419,
        "operatingIncome": 1100000,
        "operatingIncomeRatio": 0.0887096774,
        "totalOtherIncomeExpensesNet": 0,
        "incomeBeforeTax": 1100000,
        "incomeBeforeTaxRatio": 0.0887096774,
        "incomeTaxExpense": 400000,
        "netIncome": 700000,
        "netIncomeRatio": 0.0564516129,
        "eps": 0.0027,
        "epsdiluted": 0.0027,
        "weightedAverageShsOut": 255871744,
        "weightedAverageShsOutDil": 255871744,
        "link": "",
        "finalLink": ""
    },
    {
        "date": "1993-03-31",
        "symbol": "TWX",
        "reportedCurrency": "USD",
        "cik": "0001105705",
        "fillingDate": "1993-03-31",
        "acceptedDate": "1993-03-30 19:00:00",
        "calendarYear": "1993",
        "period": "Q1",
        "revenue": 10500000,
        "costOfRevenue": 4300000,
        "grossProfit": 6200000,
        "grossProfitRatio": 0.5904761905,
        "researchAndDevelopmentExpenses": 0,
        "generalAndAdministrativeExpenses": 0,
        "sellingAndMarketingExpenses": 0,
        "sellingGeneralAndAdministrativeExpenses": 4500000,
        "otherExpenses": 400000,
        "operatingExpenses": 4900000,
        "costAndExpenses": 9200000,
        "interestIncome": 0,
        "interestExpense": 200000,
        "depreciationAndAmortization": 400000,
        "ebitda": 2000000,
        "ebitdaratio": 0.1904761905,
        "operatingIncome": 1600000,
        "operatingIncomeRatio": 0.1523809524,
        "totalOtherIncomeExpensesNet": -200000,
        "incomeBeforeTax": 1400000,
        "incomeBeforeTaxRatio": 0.1333333333,
        "incomeTaxExpense": 500000,
        "netIncome": 900000,
        "netIncomeRatio": 0.0857142857,
        "eps": 0.0036,
        "epsdiluted": 0.0036,
        "weightedAverageShsOut": 248959751,
        "weightedAverageShsOutDil": 248959751,
        "link": "",
        "finalLink": ""
    },
    {
        "date": "1992-12-31",
        "symbol": "TWX",
        "reportedCurrency": "USD",
        "cik": "0001105705",
        "fillingDate": "1992-12-31",
        "acceptedDate": "1992-12-30 19:00:00",
        "calendarYear": "1992",
        "period": "Q4",
        "revenue": 9300000,
        "costOfRevenue": 3800000,
        "grossProfit": 5500000,
        "grossProfitRatio": 0.5913978495,
        "researchAndDevelopmentExpenses": 0,
        "generalAndAdministrativeExpenses": 0,
        "sellingAndMarketingExpenses": 0,
        "sellingGeneralAndAdministrativeExpenses": 4000000,
        "otherExpenses": 400000,
        "operatingExpenses": 4400000,
        "costAndExpenses": 8200000,
        "interestIncome": 0,
        "interestExpense": 400000,
        "depreciationAndAmortization": 400000,
        "ebitda": 2100000,
        "ebitdaratio": 0.2258064516,
        "operatingIncome": 1700000,
        "operatingIncomeRatio": 0.1827956989,
        "totalOtherIncomeExpensesNet": -400000,
        "incomeBeforeTax": 1300000,
        "incomeBeforeTaxRatio": 0.1397849462,
        "incomeTaxExpense": 500000,
        "netIncome": 800000,
        "netIncomeRatio": 0.0860215054,
        "eps": 0.0033,
        "epsdiluted": 0.0033,
        "weightedAverageShsOut": 245631754,
        "weightedAverageShsOutDil": 245631754,
        "link": "",
        "finalLink": ""
    },
    {
        "date": "1992-09-30",
        "symbol": "TWX",
        "reportedCurrency": "USD",
        "cik": "0001105705",
        "fillingDate": "1992-09-30",
        "acceptedDate": "1992-09-29 20:00:00",
        "calendarYear": "1992",
        "period": "Q3",
        "revenue": 7800000,
        "costOfRevenue": 3200000,
        "grossProfit": 4600000,
        "grossProfitRatio": 0.5897435897,
        "researchAndDevelopmentExpenses": 0,
        "generalAndAdministrativeExpenses": 0,
        "sellingAndMarketingExpenses": 0,
        "sellingGeneralAndAdministrativeExpenses": 3200000,
        "otherExpenses": 300000,
        "operatingExpenses": 3500000,
        "costAndExpenses": 6700000,
        "interestIncome": 0,
        "interestExpense": 400000,
        "depreciationAndAmortization": 300000,
        "ebitda": 1800000,
        "ebitdaratio": 0.2307692308,
        "operatingIncome": 1500000,
        "operatingIncomeRatio": 0.1923076923,
        "totalOtherIncomeExpensesNet": -400000,
        "incomeBeforeTax": 1100000,
        "incomeBeforeTaxRatio": 0.141025641,
        "incomeTaxExpense": 400000,
        "netIncome": 700000,
        "netIncomeRatio": 0.0897435897,
        "eps": 0.0029,
        "epsdiluted": 0.0029,
        "weightedAverageShsOut": 237738428,
        "weightedAverageShsOutDil": 237738428,
        "link": "",
        "finalLink": ""
    },
    {
        "date": "1992-06-30",
        "symbol": "TWX",
        "reportedCurrency": "USD",
        "cik": "0001105705",
        "fillingDate": "1992-06-30",
        "acceptedDate": "1992-06-29 20:00:00",
        "calendarYear": "1992",
        "period": "Q2",
        "revenue": 7400000,
        "costOfRevenue": 2900000,
        "grossProfit": 4500000,
        "grossProfitRatio": 0.6081081081,
        "researchAndDevelopmentExpenses": 0,
        "generalAndAdministrativeExpenses": 0,
        "sellingAndMarketingExpenses": 0,
        "sellingGeneralAndAdministrativeExpenses": 3200000,
        "otherExpenses": 300000,
        "operatingExpenses": 3500000,
        "costAndExpenses": 6400000,
        "interestIncome": 0,
        "interestExpense": 400000,
        "depreciationAndAmortization": 300000,
        "ebitda": 1900000,
        "ebitdaratio": 0.2567567568,
        "operatingIncome": 1600000,
        "operatingIncomeRatio": 0.2162162162,
        "totalOtherIncomeExpensesNet": -400000,
        "incomeBeforeTax": 1200000,
        "incomeBeforeTaxRatio": 0.1621621622,
        "incomeTaxExpense": 500000,
        "netIncome": 700000,
        "netIncomeRatio": 0.0945945946,
        "eps": 0.0029,
        "epsdiluted": 0.0029,
        "weightedAverageShsOut": 237738428,
        "weightedAverageShsOutDil": 237738428,
        "link": "",
        "finalLink": ""
    },
    {
        "date": "1992-03-31",
        "symbol": "TWX",
        "reportedCurrency": "USD",
        "cik": "0001105705",
        "fillingDate": "1992-03-31",
        "acceptedDate": "1992-03-30 19:00:00",
        "calendarYear": "1992",
        "period": "Q1",
        "revenue": 7000000,
        "costOfRevenue": 2900000,
        "grossProfit": 4100000,
        "grossProfitRatio": 0.5857142857,
        "researchAndDevelopmentExpenses": 0,
        "generalAndAdministrativeExpenses": 0,
        "sellingAndMarketingExpenses": 0,
        "sellingGeneralAndAdministrativeExpenses": 2900000,
        "otherExpenses": 300000,
        "operatingExpenses": 3200000,
        "costAndExpenses": 6100000,
        "interestIncome": 0,
        "interestExpense": 300000,
        "depreciationAndAmortization": 300000,
        "ebitda": 1500000,
        "ebitdaratio": 0.2142857143,
        "operatingIncome": 1200000,
        "operatingIncomeRatio": 0.1714285714,
        "totalOtherIncomeExpensesNet": -300000,
        "incomeBeforeTax": 900000,
        "incomeBeforeTaxRatio": 0.1285714286,
        "incomeTaxExpense": 300000,
        "netIncome": 600000,
        "netIncomeRatio": 0.0857142857,
        "eps": 0.045,
        "epsdiluted": 0.045,
        "weightedAverageShsOut": 13333320,
        "weightedAverageShsOutDil": 13333320,
        "link": "",
        "finalLink": ""
    },
    {
        "date": "1991-12-31",
        "symbol": "TWX",
        "reportedCurrency": "USD",
        "cik": "0001105705",
        "fillingDate": "1991-12-31",
        "acceptedDate": "1991-12-30 19:00:00",
        "calendarYear": "1991",
        "period": "Q4",
        "revenue": 6200000,
        "costOfRevenue": 2700000,
        "grossProfit": 3500000,
        "grossProfitRatio": 0.564516129,
        "researchAndDevelopmentExpenses": 0,
        "generalAndAdministrativeExpenses": 0,
        "sellingAndMarketingExpenses": 0,
        "sellingGeneralAndAdministrativeExpenses": 2700000,
        "otherExpenses": 300000,
        "operatingExpenses": 3000000,
        "costAndExpenses": 5700000,
        "interestIncome": 0,
        "interestExpense": 0,
        "depreciationAndAmortization": 300000,
        "ebitda": 1000000,
        "ebitdaratio": 0.1612903226,
        "operatingIncome": 700000,
        "operatingIncomeRatio": 0.1129032258,
        "totalOtherIncomeExpensesNet": 0,
        "incomeBeforeTax": 700000,
        "incomeBeforeTaxRatio": 0.1129032258,
        "incomeTaxExpense": 300000,
        "netIncome": 400000,
        "netIncomeRatio": 0.064516129,
        "eps": 0.03,
        "epsdiluted": 0.03,
        "weightedAverageShsOut": 13333320,
        "weightedAverageShsOutDil": 13333320,
        "link": "",
        "finalLink": ""
    },
    {
        "date": "1991-09-30",
        "symbol": "TWX",
        "reportedCurrency": "USD",
        "cik": "0001105705",
        "fillingDate": "1991-09-30",
        "acceptedDate": "1991-09-29 20:00:00",
        "calendarYear": "1991",
        "period": "Q3",
        "revenue": 5700000,
        "costOfRevenue": 0,
        "grossProfit": 5700000,
        "grossProfitRatio": 1,
        "researchAndDevelopmentExpenses": 0,
        "generalAndAdministrativeExpenses": 0,
        "sellingAndMarketingExpenses": 0,
        "sellingGeneralAndAdministrativeExpenses": 0,
        "otherExpenses": 0,
        "operatingExpenses": 0,
        "costAndExpenses": 0,
        "interestIncome": 0,
        "interestExpense": 0,
        "depreciationAndAmortization": -4900000,
        "ebitda": 800000,
        "ebitdaratio": 0.1403508772,
        "operatingIncome": 5700000,
        "operatingIncomeRatio": 1,
        "totalOtherIncomeExpensesNet": 0,
        "incomeBeforeTax": 0,
        "incomeBeforeTaxRatio": 0,
        "incomeTaxExpense": 4900000,
        "netIncome": 800000,
        "netIncomeRatio": 0.1403508772,
        "eps": 0.06,
        "epsdiluted": 0.06,
        "weightedAverageShsOut": 13333320,
        "weightedAverageShsOutDil": 13333320,
        "link": "",
        "finalLink": ""
    },
    {
        "date": "1991-06-30",
        "symbol": "TWX",
        "reportedCurrency": "USD",
        "cik": "0001105705",
        "fillingDate": "1991-06-30",
        "acceptedDate": "1991-06-29 20:00:00",
        "calendarYear": "1991",
        "period": "Q2",
        "revenue": 5300000,
        "costOfRevenue": 0,
        "grossProfit": 5300000,
        "grossProfitRatio": 1,
        "researchAndDevelopmentExpenses": 0,
        "generalAndAdministrativeExpenses": 0,
        "sellingAndMarketingExpenses": 0,
        "sellingGeneralAndAdministrativeExpenses": 0,
        "otherExpenses": -19900000,
        "operatingExpenses": -19900000,
        "costAndExpenses": -19900000,
        "interestIncome": 0,
        "interestExpense": 0,
        "depreciationAndAmortization": 0,
        "ebitda": -14600000,
        "ebitdaratio": -2.7547169811,
        "operatingIncome": -14600000,
        "operatingIncomeRatio": -2.7547169811,
        "totalOtherIncomeExpensesNet": 0,
        "incomeBeforeTax": 0,
        "incomeBeforeTaxRatio": 0,
        "incomeTaxExpense": 0,
        "netIncome": 0,
        "netIncomeRatio": 0,
        "eps": 0,
        "epsdiluted": 0,
        "weightedAverageShsOut": 13333320,
        "weightedAverageShsOutDil": 13333320,
        "link": "",
        "finalLink": ""
    },
    {
        "date": "1991-03-31",
        "symbol": "TWX",
        "reportedCurrency": "USD",
        "cik": "0001105705",
        "fillingDate": "1991-03-31",
        "acceptedDate": "1991-03-30 19:00:00",
        "calendarYear": "1991",
        "period": "Q1",
        "revenue": 4900000,
        "costOfRevenue": 0,
        "grossProfit": 4900000,
        "grossProfitRatio": 1,
        "researchAndDevelopmentExpenses": 0,
        "generalAndAdministrativeExpenses": 0,
        "sellingAndMarketingExpenses": 0,
        "sellingGeneralAndAdministrativeExpenses": 0,
        "otherExpenses": 0,
        "operatingExpenses": 0,
        "costAndExpenses": 0,
        "interestIncome": 0,
        "interestExpense": 0,
        "depreciationAndAmortization": 0,
        "ebitda": 4900000,
        "ebitdaratio": 1,
        "operatingIncome": 4900000,
        "operatingIncomeRatio": 1,
        "totalOtherIncomeExpensesNet": 0,
        "incomeBeforeTax": 0,
        "incomeBeforeTaxRatio": 0,
        "incomeTaxExpense": 0,
        "netIncome": 0,
        "netIncomeRatio": 0,
        "eps": 0,
        "epsdiluted": 0,
        "weightedAverageShsOut": 13333320,
        "weightedAverageShsOutDil": 13333320,
        "link": "",
        "finalLink": ""
    },
    {
        "date": "1990-12-31",
        "symbol": "TWX",
        "reportedCurrency": "USD",
        "cik": "0001105705",
        "fillingDate": "1990-12-31",
        "acceptedDate": "1990-12-30 19:00:00",
        "calendarYear": "1990",
        "period": "Q4",
        "revenue": 4700000,
        "costOfRevenue": 0,
        "grossProfit": 4700000,
        "grossProfitRatio": 1,
        "researchAndDevelopmentExpenses": 0,
        "generalAndAdministrativeExpenses": 0,
        "sellingAndMarketingExpenses": 0,
        "sellingGeneralAndAdministrativeExpenses": 0,
        "otherExpenses": 0,
        "operatingExpenses": 0,
        "costAndExpenses": 0,
        "interestIncome": 0,
        "interestExpense": 0,
        "depreciationAndAmortization": 0,
        "ebitda": 4700000,
        "ebitdaratio": 1,
        "operatingIncome": 4700000,
        "operatingIncomeRatio": 1,
        "totalOtherIncomeExpensesNet": 0,
        "incomeBeforeTax": 0,
        "incomeBeforeTaxRatio": 0,
        "incomeTaxExpense": 0,
        "netIncome": 0,
        "netIncomeRatio": 0,
        "eps": 0,
        "epsdiluted": 0,
        "weightedAverageShsOut": 13333320,
        "weightedAverageShsOutDil": 13333320,
        "link": "",
        "finalLink": ""
    },
    {
        "date": "1990-09-30",
        "symbol": "TWX",
        "reportedCurrency": "USD",
        "cik": "0001105705",
        "fillingDate": "1990-09-30",
        "acceptedDate": "1990-09-29 20:00:00",
        "calendarYear": "1990",
        "period": "Q3",
        "revenue": 4600000,
        "costOfRevenue": 0,
        "grossProfit": 4600000,
        "grossProfitRatio": 1,
        "researchAndDevelopmentExpenses": 0,
        "generalAndAdministrativeExpenses": 0,
        "sellingAndMarketingExpenses": 0,
        "sellingGeneralAndAdministrativeExpenses": 0,
        "otherExpenses": 0,
        "operatingExpenses": 0,
        "costAndExpenses": 0,
        "interestIncome": 0,
        "interestExpense": 0,
        "depreciationAndAmortization": 0,
        "ebitda": 4600000,
        "ebitdaratio": 1,
        "operatingIncome": 4600000,
        "operatingIncomeRatio": 1,
        "totalOtherIncomeExpensesNet": 0,
        "incomeBeforeTax": 0,
        "incomeBeforeTaxRatio": 0,
        "incomeTaxExpense": 0,
        "netIncome": 0,
        "netIncomeRatio": 0,
        "eps": 0,
        "epsdiluted": 0,
        "weightedAverageShsOut": 13333320,
        "weightedAverageShsOutDil": 13333320,
        "link": "",
        "finalLink": ""
    }
]