[
    {
        "date": "2025-06-30",
        "symbol": "TXO",
        "reportedCurrency": "USD",
        "cik": "0001559432",
        "fillingDate": "2025-08-05",
        "acceptedDate": "2025-08-05 17:06:01",
        "calendarYear": "2025",
        "period": "Q2",
        "revenue": 89879000,
        "costOfRevenue": 65018000,
        "grossProfit": 24861000,
        "grossProfitRatio": 0.2766052137,
        "researchAndDevelopmentExpenses": 0,
        "generalAndAdministrativeExpenses": 9454000,
        "sellingAndMarketingExpenses": 0,
        "sellingGeneralAndAdministrativeExpenses": 9454000,
        "otherExpenses": 19122000,
        "operatingExpenses": 28576000,
        "costAndExpenses": 93594000,
        "interestIncome": 300000,
        "interestExpense": 2571000,
        "depreciationAndAmortization": 21684000,
        "ebitda": 24120000,
        "ebitdaratio": 0.2683607962,
        "operatingIncome": -3715000,
        "operatingIncomeRatio": -0.0413333482,
        "totalOtherIncomeExpensesNet": 3580000,
        "incomeBeforeTax": -135000,
        "incomeBeforeTaxRatio": -0.0015020194,
        "incomeTaxExpense": 0,
        "netIncome": -135000,
        "netIncomeRatio": -0.0015020194,
        "eps": -0.0028,
        "epsdiluted": -0.0028,
        "weightedAverageShsOut": 48220000,
        "weightedAverageShsOutDil": 48220000,
        "link": "https://www.sec.gov/Archives/edgar/data/1559432/000155943225000098/0001559432-25-000098-index.htm",
        "finalLink": "https://www.sec.gov/Archives/edgar/data/1559432/000155943225000098/txo-20250630.htm"
    },
    {
        "date": "2025-03-31",
        "symbol": "TXO",
        "reportedCurrency": "USD",
        "cik": "0001559432",
        "fillingDate": "2025-05-01",
        "acceptedDate": "2025-05-01 16:14:33",
        "calendarYear": "2025",
        "period": "Q1",
        "revenue": 84325000,
        "costOfRevenue": 63700000,
        "grossProfit": 20625000,
        "grossProfitRatio": 0.2445893863,
        "researchAndDevelopmentExpenses": 0,
        "generalAndAdministrativeExpenses": 2441000,
        "sellingAndMarketingExpenses": 0,
        "sellingGeneralAndAdministrativeExpenses": 2441000,
        "otherExpenses": 21767000,
        "operatingExpenses": 24208000,
        "costAndExpenses": 87908000,
        "interestIncome": 103000,
        "interestExpense": 3621000,
        "depreciationAndAmortization": 25242000,
        "ebitda": 31279000,
        "ebitdaratio": 0.3709338867,
        "operatingIncome": -3583000,
        "operatingIncomeRatio": -0.0424903647,
        "totalOtherIncomeExpensesNet": 5999000,
        "incomeBeforeTax": 2416000,
        "incomeBeforeTaxRatio": 0.0286510525,
        "incomeTaxExpense": 0,
        "netIncome": 2416000,
        "netIncomeRatio": 0.0286510525,
        "eps": 0.0588,
        "epsdiluted": 0.0578,
        "weightedAverageShsOut": 41083000,
        "weightedAverageShsOutDil": 41814000,
        "link": "https://www.sec.gov/Archives/edgar/data/1559432/000155943225000062/0001559432-25-000062-index.htm",
        "finalLink": "https://www.sec.gov/Archives/edgar/data/1559432/000155943225000062/txo-20250331.htm"
    },
    {
        "date": "2024-12-31",
        "symbol": "TXO",
        "reportedCurrency": "USD",
        "cik": "0001559432",
        "fillingDate": "2025-03-04",
        "acceptedDate": "2025-03-04 16:19:18",
        "calendarYear": "2024",
        "period": "Q4",
        "revenue": 89332000,
        "costOfRevenue": 59323000,
        "grossProfit": 30009000,
        "grossProfitRatio": 0.3359266556,
        "researchAndDevelopmentExpenses": 0,
        "generalAndAdministrativeExpenses": 4009000,
        "sellingAndMarketingExpenses": 0,
        "sellingGeneralAndAdministrativeExpenses": 4009000,
        "otherExpenses": 72438000,
        "operatingExpenses": 76447000,
        "costAndExpenses": 83825000,
        "interestIncome": 131000,
        "interestExpense": 3988000,
        "depreciationAndAmortization": 21119000,
        "ebitda": 35325000,
        "ebitdaratio": 0.3954350065,
        "operatingIncome": 5507000,
        "operatingIncomeRatio": 0.0616464425,
        "totalOtherIncomeExpensesNet": 4711000,
        "incomeBeforeTax": 10218000,
        "incomeBeforeTaxRatio": 0.1143823042,
        "incomeTaxExpense": 0,
        "netIncome": 10218000,
        "netIncomeRatio": 0.1143823042,
        "eps": 0.25,
        "epsdiluted": 0.25,
        "weightedAverageShsOut": 40913000,
        "weightedAverageShsOutDil": 40913000,
        "link": "https://www.sec.gov/Archives/edgar/data/1559432/000155943225000035/0001559432-25-000035-index.htm",
        "finalLink": "https://www.sec.gov/Archives/edgar/data/1559432/000155943225000035/txo-20241231.htm"
    },
    {
        "date": "2024-09-30",
        "symbol": "TXO",
        "reportedCurrency": "USD",
        "cik": "0001559432",
        "fillingDate": "2024-11-05",
        "acceptedDate": "2024-11-05 16:15:43",
        "calendarYear": "2024",
        "period": "Q3",
        "revenue": 68731000,
        "costOfRevenue": 70422000,
        "grossProfit": -1691000,
        "grossProfitRatio": -0.0246031631,
        "researchAndDevelopmentExpenses": 0,
        "generalAndAdministrativeExpenses": 3275000,
        "sellingAndMarketingExpenses": 0,
        "sellingGeneralAndAdministrativeExpenses": 3275000,
        "otherExpenses": 0,
        "operatingExpenses": 3275000,
        "costAndExpenses": 73697000,
        "interestIncome": 700000,
        "interestExpense": 1860000,
        "depreciationAndAmortization": 16499000,
        "ebitda": 18562000,
        "ebitdaratio": 0.2700673641,
        "operatingIncome": -4966000,
        "operatingIncomeRatio": -0.0722526953,
        "totalOtherIncomeExpensesNet": 5169000,
        "incomeBeforeTax": 203000,
        "incomeBeforeTaxRatio": 0.0029535435,
        "incomeTaxExpense": 0,
        "netIncome": 203000,
        "netIncomeRatio": 0.0029535435,
        "eps": 0.0052,
        "epsdiluted": 0.0051,
        "weightedAverageShsOut": 39272000,
        "weightedAverageShsOutDil": 39828000,
        "link": "https://www.sec.gov/Archives/edgar/data/1559432/000155943224000052/0001559432-24-000052-index.htm",
        "finalLink": "https://www.sec.gov/Archives/edgar/data/1559432/000155943224000052/txo-20240930.htm"
    },
    {
        "date": "2024-06-30",
        "symbol": "TXO",
        "reportedCurrency": "USD",
        "cik": "0001559432",
        "fillingDate": "2024-08-06",
        "acceptedDate": "2024-08-06 16:16:54",
        "calendarYear": "2024",
        "period": "Q2",
        "revenue": 52300000,
        "costOfRevenue": 62824000,
        "grossProfit": -10524000,
        "grossProfitRatio": -0.2012237094,
        "researchAndDevelopmentExpenses": 0,
        "generalAndAdministrativeExpenses": 4591000,
        "sellingAndMarketingExpenses": 71000,
        "sellingGeneralAndAdministrativeExpenses": 4662000,
        "otherExpenses": 13842000,
        "operatingExpenses": 4591000,
        "costAndExpenses": 67415000,
        "interestIncome": 122000,
        "interestExpense": 1049000,
        "depreciationAndAmortization": 13113000,
        "ebitda": 3006000,
        "ebitdaratio": 0.0574760994,
        "operatingIncome": -15115000,
        "operatingIncomeRatio": -0.2890057361,
        "totalOtherIncomeExpensesNet": 12915000,
        "incomeBeforeTax": 2808000,
        "incomeBeforeTaxRatio": 0.0536902486,
        "incomeTaxExpense": 0,
        "netIncome": 2808000,
        "netIncomeRatio": 0.0536902486,
        "eps": 0.0901,
        "epsdiluted": 0.0886,
        "weightedAverageShsOut": 31153000,
        "weightedAverageShsOutDil": 31708000,
        "link": "https://www.sec.gov/Archives/edgar/data/1559432/000155943224000045/0001559432-24-000045-index.htm",
        "finalLink": "https://www.sec.gov/Archives/edgar/data/1559432/000155943224000045/txo-20240630.htm"
    },
    {
        "date": "2024-03-31",
        "symbol": "TXO",
        "reportedCurrency": "USD",
        "cik": "0001559432",
        "fillingDate": "2024-05-07",
        "acceptedDate": "2024-05-07 16:13:01",
        "calendarYear": "2024",
        "period": "Q1",
        "revenue": 67177000,
        "costOfRevenue": 62080000,
        "grossProfit": 5097000,
        "grossProfitRatio": 0.0758741831,
        "researchAndDevelopmentExpenses": 0,
        "generalAndAdministrativeExpenses": 2654000,
        "sellingAndMarketingExpenses": 123000,
        "sellingGeneralAndAdministrativeExpenses": 2777000,
        "otherExpenses": 8413000,
        "operatingExpenses": 2654000,
        "costAndExpenses": 64734000,
        "interestIncome": 125000,
        "interestExpense": 976000,
        "depreciationAndAmortization": 13301000,
        "ebitda": 16006000,
        "ebitdaratio": 0.2382660732,
        "operatingIncome": 2443000,
        "operatingIncomeRatio": 0.0363666136,
        "totalOtherIncomeExpensesNet": 7824000,
        "incomeBeforeTax": 10267000,
        "incomeBeforeTaxRatio": 0.1528350477,
        "incomeTaxExpense": 0,
        "netIncome": 10267000,
        "netIncomeRatio": 0.1528350477,
        "eps": 0.33,
        "epsdiluted": 0.33,
        "weightedAverageShsOut": 30800000,
        "weightedAverageShsOutDil": 31425000,
        "link": "https://www.sec.gov/Archives/edgar/data/1559432/000155943224000020/0001559432-24-000020-index.htm",
        "finalLink": "https://www.sec.gov/Archives/edgar/data/1559432/000155943224000020/txo-20240331.htm"
    },
    {
        "date": "2023-12-31",
        "symbol": "TXO",
        "reportedCurrency": "USD",
        "cik": "0001559432",
        "fillingDate": "2024-03-05",
        "acceptedDate": "2024-03-05 16:25:12",
        "calendarYear": "2023",
        "period": "Q4",
        "revenue": 72010000,
        "costOfRevenue": 63972000,
        "grossProfit": 8038000,
        "grossProfitRatio": 0.1116233856,
        "researchAndDevelopmentExpenses": 0,
        "generalAndAdministrativeExpenses": 2825000,
        "sellingAndMarketingExpenses": 0,
        "sellingGeneralAndAdministrativeExpenses": 2825000,
        "otherExpenses": 0,
        "operatingExpenses": 2825000,
        "costAndExpenses": 66797000,
        "interestIncome": 120000,
        "interestExpense": 1164000,
        "depreciationAndAmortization": 13373000,
        "ebitda": -179192000,
        "ebitdaratio": -2.4884321622,
        "operatingIncome": 5213000,
        "operatingIncomeRatio": 0.0723927232,
        "totalOtherIncomeExpensesNet": 4479000,
        "incomeBeforeTax": -193729000,
        "incomeBeforeTaxRatio": -2.6903069018,
        "incomeTaxExpense": -10196000,
        "netIncome": -193729000,
        "netIncomeRatio": -2.6903069018,
        "eps": -6.3,
        "epsdiluted": -6.3,
        "weightedAverageShsOut": 30750000,
        "weightedAverageShsOutDil": 30750000,
        "link": "https://www.sec.gov/Archives/edgar/data/1559432/000155943224000011/0001559432-24-000011-index.htm",
        "finalLink": "https://www.sec.gov/Archives/edgar/data/1559432/000155943224000011/txo-20231231.htm"
    },
    {
        "date": "2023-09-30",
        "symbol": "TXO",
        "reportedCurrency": "USD",
        "cik": "0001559432",
        "fillingDate": "2023-11-07",
        "acceptedDate": "2023-11-07 16:29:41",
        "calendarYear": "2023",
        "period": "Q3",
        "revenue": 69874000,
        "costOfRevenue": 46273000,
        "grossProfit": 23601000,
        "grossProfitRatio": 0.3377651201,
        "researchAndDevelopmentExpenses": 0,
        "generalAndAdministrativeExpenses": 1756000,
        "sellingAndMarketingExpenses": 0,
        "sellingGeneralAndAdministrativeExpenses": 1756000,
        "otherExpenses": 5199000,
        "operatingExpenses": 19226000,
        "costAndExpenses": 65499000,
        "interestIncome": 107000,
        "interestExpense": 1202000,
        "depreciationAndAmortization": 12801000,
        "ebitda": 17176000,
        "ebitdaratio": 0.2458138936,
        "operatingIncome": 4375000,
        "operatingIncomeRatio": 0.0626127029,
        "totalOtherIncomeExpensesNet": 4104000,
        "incomeBeforeTax": 8479000,
        "incomeBeforeTaxRatio": 0.121346996,
        "incomeTaxExpense": 0,
        "netIncome": 8479000,
        "netIncomeRatio": 0.121346996,
        "eps": 0.28,
        "epsdiluted": 0.28,
        "weightedAverageShsOut": 30750000,
        "weightedAverageShsOutDil": 30750000,
        "link": "https://www.sec.gov/Archives/edgar/data/1559432/000155943223000037/0001559432-23-000037-index.htm",
        "finalLink": "https://www.sec.gov/Archives/edgar/data/1559432/000155943223000037/txo-20230930.htm"
    },
    {
        "date": "2023-06-30",
        "symbol": "TXO",
        "reportedCurrency": "USD",
        "cik": "0001559432",
        "fillingDate": "2023-08-08",
        "acceptedDate": "2023-08-08 16:23:08",
        "calendarYear": "2023",
        "period": "Q2",
        "revenue": 60472000,
        "costOfRevenue": 50900000,
        "grossProfit": 9572000,
        "grossProfitRatio": 0.1582881334,
        "researchAndDevelopmentExpenses": 0,
        "generalAndAdministrativeExpenses": 1084000,
        "sellingAndMarketingExpenses": 0,
        "sellingGeneralAndAdministrativeExpenses": 1084000,
        "otherExpenses": 6720000,
        "operatingExpenses": 18347000,
        "costAndExpenses": 69247000,
        "interestIncome": 127000,
        "interestExpense": 618000,
        "depreciationAndAmortization": 13702000,
        "ebitda": 11774000,
        "ebitdaratio": 0.1947016801,
        "operatingIncome": -8775000,
        "operatingIncomeRatio": -0.14510848,
        "totalOtherIncomeExpensesNet": 6229000,
        "incomeBeforeTax": -2546000,
        "incomeBeforeTaxRatio": -0.0421021299,
        "incomeTaxExpense": 0,
        "netIncome": -2546000,
        "netIncomeRatio": -0.0421021299,
        "eps": -0.0828,
        "epsdiluted": -0.0828,
        "weightedAverageShsOut": 30750000,
        "weightedAverageShsOutDil": 30750000,
        "link": "https://www.sec.gov/Archives/edgar/data/1559432/000155943223000030/0001559432-23-000030-index.htm",
        "finalLink": "https://www.sec.gov/Archives/edgar/data/1559432/000155943223000030/txo-20230630.htm"
    },
    {
        "date": "2023-03-31",
        "symbol": "TXO",
        "reportedCurrency": "USD",
        "cik": "0001559432",
        "fillingDate": "2023-05-09",
        "acceptedDate": "2023-05-09 16:57:56",
        "calendarYear": "2023",
        "period": "Q1",
        "revenue": 158399000,
        "costOfRevenue": 46262000,
        "grossProfit": 112137000,
        "grossProfitRatio": 0.7079400754,
        "researchAndDevelopmentExpenses": 0,
        "generalAndAdministrativeExpenses": 2222000,
        "sellingAndMarketingExpenses": 0,
        "sellingGeneralAndAdministrativeExpenses": 2222000,
        "otherExpenses": 31088000,
        "operatingExpenses": 33310000,
        "costAndExpenses": 79572000,
        "interestIncome": 107000,
        "interestExpense": 1439000,
        "depreciationAndAmortization": 13056000,
        "ebitda": 91883000,
        "ebitdaratio": 0.5800731065,
        "operatingIncome": 78827000,
        "operatingIncomeRatio": 0.4976483437,
        "totalOtherIncomeExpensesNet": 4982000,
        "incomeBeforeTax": 83809000,
        "incomeBeforeTaxRatio": 0.5291005625,
        "incomeTaxExpense": 0,
        "netIncome": 83809000,
        "netIncomeRatio": 0.5291005625,
        "eps": 2.73,
        "epsdiluted": 2.73,
        "weightedAverageShsOut": 30750000,
        "weightedAverageShsOutDil": 30750000,
        "link": "https://www.sec.gov/Archives/edgar/data/1559432/000155943223000023/0001559432-23-000023-index.htm",
        "finalLink": "https://www.sec.gov/Archives/edgar/data/1559432/000155943223000023/txo-20230331.htm"
    },
    {
        "date": "2022-12-31",
        "symbol": "TXO",
        "reportedCurrency": "USD",
        "cik": "0001559432",
        "fillingDate": "2023-03-31",
        "acceptedDate": "2023-03-31 16:05:41",
        "calendarYear": "2022",
        "period": "Q4",
        "revenue": 42359000,
        "costOfRevenue": 44735000,
        "grossProfit": -2376000,
        "grossProfitRatio": -0.0560919757,
        "researchAndDevelopmentExpenses": 0,
        "generalAndAdministrativeExpenses": 1074000,
        "sellingAndMarketingExpenses": 0,
        "sellingGeneralAndAdministrativeExpenses": 1074000,
        "otherExpenses": 23624000,
        "operatingExpenses": 24698000,
        "costAndExpenses": 69433000,
        "interestIncome": 75000,
        "interestExpense": 2672000,
        "depreciationAndAmortization": 12582000,
        "ebitda": -7027000,
        "ebitdaratio": -0.1658915461,
        "operatingIncome": -27074000,
        "operatingIncomeRatio": -0.6391557874,
        "totalOtherIncomeExpensesNet": 4793000,
        "incomeBeforeTax": -22281000,
        "incomeBeforeTaxRatio": -0.5260039189,
        "incomeTaxExpense": -4793000,
        "netIncome": -17488000,
        "netIncomeRatio": -0.4128520503,
        "eps": -0.57,
        "epsdiluted": -0.57,
        "weightedAverageShsOut": 30750000,
        "weightedAverageShsOutDil": 30750000,
        "link": "https://www.sec.gov/Archives/edgar/data/1559432/000155943223000006/0001559432-23-000006-index.htm",
        "finalLink": "https://www.sec.gov/Archives/edgar/data/1559432/000155943223000006/morningstarpartnerslp10-k.htm"
    },
    {
        "date": "2022-09-30",
        "symbol": "TXO",
        "reportedCurrency": "USD",
        "cik": "0001559432",
        "fillingDate": "2022-09-30",
        "acceptedDate": "2022-09-30 00:00:00",
        "calendarYear": "2022",
        "period": "Q3",
        "revenue": 120699000,
        "costOfRevenue": 43392000,
        "grossProfit": 77307000,
        "grossProfitRatio": 0.6404941217,
        "researchAndDevelopmentExpenses": 0,
        "generalAndAdministrativeExpenses": 84000,
        "sellingAndMarketingExpenses": 0,
        "sellingGeneralAndAdministrativeExpenses": 84000,
        "otherExpenses": 7249000,
        "operatingExpenses": 26677000,
        "costAndExpenses": 70069000,
        "interestIncome": 45000,
        "interestExpense": 2206000,
        "depreciationAndAmortization": 12150000,
        "ebitda": 62780000,
        "ebitdaratio": 0.5201368694,
        "operatingIncome": 50630000,
        "operatingIncomeRatio": 0.4194732351,
        "totalOtherIncomeExpensesNet": 5088000,
        "incomeBeforeTax": 55718000,
        "incomeBeforeTaxRatio": 0.4616276854,
        "incomeTaxExpense": 0,
        "netIncome": 55718000,
        "netIncomeRatio": 0.4616276854,
        "eps": 1.86,
        "epsdiluted": 1.86,
        "weightedAverageShsOut": 30000000,
        "weightedAverageShsOutDil": 30000000,
        "link": null,
        "finalLink": null
    },
    {
        "date": "2022-06-30",
        "symbol": "TXO",
        "reportedCurrency": "USD",
        "cik": "0001559432",
        "fillingDate": "2022-06-30",
        "acceptedDate": "2022-06-30 00:00:00",
        "calendarYear": "2022",
        "period": "Q2",
        "revenue": 92877000,
        "costOfRevenue": 46092000,
        "grossProfit": 46785000,
        "grossProfitRatio": 0.5037307407,
        "researchAndDevelopmentExpenses": 0,
        "generalAndAdministrativeExpenses": 92000,
        "sellingAndMarketingExpenses": 0,
        "sellingGeneralAndAdministrativeExpenses": 92000,
        "otherExpenses": 5556000,
        "operatingExpenses": 26230000,
        "costAndExpenses": 72322000,
        "interestIncome": 17000,
        "interestExpense": 1650000,
        "depreciationAndAmortization": 11430000,
        "ebitda": 31985000,
        "ebitdaratio": 0.3443802018,
        "operatingIncome": 20555000,
        "operatingIncomeRatio": 0.2213142113,
        "totalOtherIncomeExpensesNet": 3923000,
        "incomeBeforeTax": 24478000,
        "incomeBeforeTaxRatio": 0.263552871,
        "incomeTaxExpense": 0,
        "netIncome": 24478000,
        "netIncomeRatio": 0.263552871,
        "eps": 0.82,
        "epsdiluted": 0.82,
        "weightedAverageShsOut": 30000000,
        "weightedAverageShsOutDil": 30000000,
        "link": null,
        "finalLink": null
    },
    {
        "date": "2022-03-31",
        "symbol": "TXO",
        "reportedCurrency": "USD",
        "cik": "0001559432",
        "fillingDate": "2022-03-31",
        "acceptedDate": "2022-03-31 00:00:00",
        "calendarYear": "2022",
        "period": "Q1",
        "revenue": -9538000,
        "costOfRevenue": 34806000,
        "grossProfit": -44344000,
        "grossProfitRatio": 4.6491927029,
        "researchAndDevelopmentExpenses": 0,
        "generalAndAdministrativeExpenses": 396000,
        "sellingAndMarketingExpenses": 0,
        "sellingGeneralAndAdministrativeExpenses": 396000,
        "otherExpenses": 25051000,
        "operatingExpenses": 25447000,
        "costAndExpenses": 60253000,
        "interestIncome": 6000,
        "interestExpense": 1670000,
        "depreciationAndAmortization": 11257000,
        "ebitda": -52656000,
        "ebitdaratio": 5.5206542252,
        "operatingIncome": -69791000,
        "operatingIncomeRatio": 7.3171524429,
        "totalOtherIncomeExpensesNet": 4208000,
        "incomeBeforeTax": -65583000,
        "incomeBeforeTaxRatio": 6.875969805,
        "incomeTaxExpense": -4208000,
        "netIncome": -61375000,
        "netIncomeRatio": 6.4347871671,
        "eps": -2.05,
        "epsdiluted": -2.05,
        "weightedAverageShsOut": 30000000,
        "weightedAverageShsOutDil": 30000000,
        "link": null,
        "finalLink": null
    },
    {
        "date": "2021-12-31",
        "symbol": "TXO",
        "reportedCurrency": "USD",
        "cik": "0001559432",
        "fillingDate": "2021-12-31",
        "acceptedDate": "2021-12-30 19:00:00",
        "calendarYear": "2021",
        "period": "Q4",
        "revenue": 89414000,
        "costOfRevenue": 35258000,
        "grossProfit": 54156000,
        "grossProfitRatio": 0.6056769633,
        "researchAndDevelopmentExpenses": 0,
        "generalAndAdministrativeExpenses": 8529000,
        "sellingAndMarketingExpenses": 0,
        "sellingGeneralAndAdministrativeExpenses": 8529000,
        "otherExpenses": 5011000,
        "operatingExpenses": 29828000,
        "costAndExpenses": 65086000,
        "interestIncome": 5000,
        "interestExpense": 2148000,
        "depreciationAndAmortization": 12992000,
        "ebitda": 37320000,
        "ebitdaratio": 0.4173843022,
        "operatingIncome": 24328000,
        "operatingIncomeRatio": 0.2720826716,
        "totalOtherIncomeExpensesNet": 2868000,
        "incomeBeforeTax": 27196000,
        "incomeBeforeTaxRatio": 0.3041581855,
        "incomeTaxExpense": 0,
        "netIncome": 27196000,
        "netIncomeRatio": 0.3041581855,
        "eps": 0.83,
        "epsdiluted": 0.83,
        "weightedAverageShsOut": 30000000,
        "weightedAverageShsOutDil": 30000000,
        "link": "",
        "finalLink": ""
    },
    {
        "date": "2021-09-30",
        "symbol": "TXO",
        "reportedCurrency": "USD",
        "cik": "0001559432",
        "fillingDate": "2021-09-30",
        "acceptedDate": "2021-09-29 20:00:00",
        "calendarYear": "2021",
        "period": "Q3",
        "revenue": 50668000,
        "costOfRevenue": 40338000,
        "grossProfit": 10330000,
        "grossProfitRatio": 0.2038762138,
        "researchAndDevelopmentExpenses": 0,
        "generalAndAdministrativeExpenses": 1200000,
        "sellingAndMarketingExpenses": 0,
        "sellingGeneralAndAdministrativeExpenses": 1200000,
        "otherExpenses": 0,
        "operatingExpenses": 1200000,
        "costAndExpenses": 41538000,
        "interestIncome": 0,
        "interestExpense": 1467500,
        "depreciationAndAmortization": 10324000,
        "ebitda": 19454000,
        "ebitdaratio": 0.3839504224,
        "operatingIncome": 9130000,
        "operatingIncomeRatio": 0.1801926265,
        "totalOtherIncomeExpensesNet": 693000,
        "incomeBeforeTax": 9823000,
        "incomeBeforeTaxRatio": 0.1938698982,
        "incomeTaxExpense": 0,
        "netIncome": 9823000,
        "netIncomeRatio": 0.1938698982,
        "eps": 0.33,
        "epsdiluted": 0.33,
        "weightedAverageShsOut": 30000000,
        "weightedAverageShsOutDil": 30000000,
        "link": "",
        "finalLink": ""
    },
    {
        "date": "2021-06-30",
        "symbol": "TXO",
        "reportedCurrency": "USD",
        "cik": "0001559432",
        "fillingDate": "2021-06-30",
        "acceptedDate": "2021-06-29 20:00:00",
        "calendarYear": "2021",
        "period": "Q2",
        "revenue": 40635000,
        "costOfRevenue": 26198000,
        "grossProfit": 14437000,
        "grossProfitRatio": 0.355284853,
        "researchAndDevelopmentExpenses": 0,
        "generalAndAdministrativeExpenses": 2535000,
        "sellingAndMarketingExpenses": 11257000,
        "sellingGeneralAndAdministrativeExpenses": 13792000,
        "otherExpenses": 0,
        "operatingExpenses": 13792000,
        "costAndExpenses": 39990000,
        "interestIncome": 0,
        "interestExpense": 1467500,
        "depreciationAndAmortization": 10678000,
        "ebitda": 11323000,
        "ebitdaratio": 0.2786514089,
        "operatingIncome": 645000,
        "operatingIncomeRatio": 0.0158730159,
        "totalOtherIncomeExpensesNet": 6071000,
        "incomeBeforeTax": 6716000,
        "incomeBeforeTaxRatio": 0.1652762397,
        "incomeTaxExpense": 0,
        "netIncome": 6716000,
        "netIncomeRatio": 0.1652762397,
        "eps": 0.22,
        "epsdiluted": 0.22,
        "weightedAverageShsOut": 30000000,
        "weightedAverageShsOutDil": 30000000,
        "link": "",
        "finalLink": ""
    },
    {
        "date": "2021-03-31",
        "symbol": "TXO",
        "reportedCurrency": "USD",
        "cik": "0001559432",
        "fillingDate": "2021-03-31",
        "acceptedDate": "2021-03-30 20:00:00",
        "calendarYear": "2021",
        "period": "Q1",
        "revenue": 47627000,
        "costOfRevenue": 37629000,
        "grossProfit": 9998000,
        "grossProfitRatio": 0.2099229429,
        "researchAndDevelopmentExpenses": 0,
        "generalAndAdministrativeExpenses": 89000,
        "sellingAndMarketingExpenses": 0,
        "sellingGeneralAndAdministrativeExpenses": -89000,
        "otherExpenses": 0,
        "operatingExpenses": -89000,
        "costAndExpenses": 37540000,
        "interestIncome": 0,
        "interestExpense": 1467500,
        "depreciationAndAmortization": 10565000,
        "ebitda": 20652000,
        "ebitdaratio": 0.4336195855,
        "operatingIncome": 10087000,
        "operatingIncomeRatio": 0.2117916308,
        "totalOtherIncomeExpensesNet": -1347000,
        "incomeBeforeTax": 8740000,
        "incomeBeforeTaxRatio": 0.1835093539,
        "incomeTaxExpense": 0,
        "netIncome": 8740000,
        "netIncomeRatio": 0.1835093539,
        "eps": 0.29,
        "epsdiluted": 0.29,
        "weightedAverageShsOut": 30000000,
        "weightedAverageShsOutDil": 30000000,
        "link": "",
        "finalLink": ""
    },
    {
        "date": "2020-12-31",
        "symbol": "TXO",
        "reportedCurrency": "USD",
        "cik": "0001559432",
        "fillingDate": "2020-12-31",
        "acceptedDate": "2020-12-30 19:00:00",
        "calendarYear": "2020",
        "period": "Q4",
        "revenue": 27191000,
        "costOfRevenue": 22867000,
        "grossProfit": 4324000,
        "grossProfitRatio": 0.1590232062,
        "researchAndDevelopmentExpenses": 0,
        "generalAndAdministrativeExpenses": 1748750,
        "sellingAndMarketingExpenses": 0,
        "sellingGeneralAndAdministrativeExpenses": 1748750,
        "otherExpenses": 18000,
        "operatingExpenses": 1766750,
        "costAndExpenses": 32491750,
        "interestIncome": 0,
        "interestExpense": 2051000,
        "depreciationAndAmortization": -33457750,
        "ebitda": -38758500,
        "ebitdaratio": -1.4254164981,
        "operatingIncome": -5300750,
        "operatingIncomeRatio": -0.1949450186,
        "totalOtherIncomeExpensesNet": -35508750,
        "incomeBeforeTax": -40809500,
        "incomeBeforeTaxRatio": -1.5008458681,
        "incomeTaxExpense": 0,
        "netIncome": -40809500,
        "netIncomeRatio": -1.5008458681,
        "eps": -1.36,
        "epsdiluted": -1.36,
        "weightedAverageShsOut": 30000000,
        "weightedAverageShsOutDil": 30000000,
        "link": "",
        "finalLink": ""
    },
    {
        "date": "2020-09-30",
        "symbol": "TXO",
        "reportedCurrency": "USD",
        "cik": "0001559432",
        "fillingDate": "2020-09-30",
        "acceptedDate": "2020-09-29 20:00:00",
        "calendarYear": "2020",
        "period": "Q3",
        "revenue": 27191000,
        "costOfRevenue": 22867000,
        "grossProfit": 4324000,
        "grossProfitRatio": 0.1590232062,
        "researchAndDevelopmentExpenses": 0,
        "generalAndAdministrativeExpenses": 1748750,
        "sellingAndMarketingExpenses": 0,
        "sellingGeneralAndAdministrativeExpenses": 1748750,
        "otherExpenses": 18000,
        "operatingExpenses": 1766750,
        "costAndExpenses": 32491750,
        "interestIncome": 0,
        "interestExpense": 2051000,
        "depreciationAndAmortization": -33457750,
        "ebitda": -38758500,
        "ebitdaratio": -1.4254164981,
        "operatingIncome": -5300750,
        "operatingIncomeRatio": -0.1949450186,
        "totalOtherIncomeExpensesNet": -35508750,
        "incomeBeforeTax": -40809500,
        "incomeBeforeTaxRatio": -1.5008458681,
        "incomeTaxExpense": 0,
        "netIncome": -40809500,
        "netIncomeRatio": -1.5008458681,
        "eps": -1.36,
        "epsdiluted": -1.36,
        "weightedAverageShsOut": 30000000,
        "weightedAverageShsOutDil": 30000000,
        "link": "",
        "finalLink": ""
    },
    {
        "date": "2020-06-30",
        "symbol": "TXO",
        "reportedCurrency": "USD",
        "cik": "0001559432",
        "fillingDate": "2020-06-30",
        "acceptedDate": "2020-06-29 20:00:00",
        "calendarYear": "2020",
        "period": "Q2",
        "revenue": 27191000,
        "costOfRevenue": 22867000,
        "grossProfit": 4324000,
        "grossProfitRatio": 0.1590232062,
        "researchAndDevelopmentExpenses": 0,
        "generalAndAdministrativeExpenses": 1748750,
        "sellingAndMarketingExpenses": 0,
        "sellingGeneralAndAdministrativeExpenses": 1748750,
        "otherExpenses": 18000,
        "operatingExpenses": 1766750,
        "costAndExpenses": 32491750,
        "interestIncome": 0,
        "interestExpense": 2051000,
        "depreciationAndAmortization": -33457750,
        "ebitda": -38758500,
        "ebitdaratio": -1.4254164981,
        "operatingIncome": -5300750,
        "operatingIncomeRatio": -0.1949450186,
        "totalOtherIncomeExpensesNet": -35508750,
        "incomeBeforeTax": -40809500,
        "incomeBeforeTaxRatio": -1.5008458681,
        "incomeTaxExpense": 0,
        "netIncome": -40809500,
        "netIncomeRatio": -1.5008458681,
        "eps": -1.36,
        "epsdiluted": -1.36,
        "weightedAverageShsOut": 30000000,
        "weightedAverageShsOutDil": 30000000,
        "link": "",
        "finalLink": ""
    },
    {
        "date": "2020-03-31",
        "symbol": "TXO",
        "reportedCurrency": "USD",
        "cik": "0001559432",
        "fillingDate": "2020-03-31",
        "acceptedDate": "2020-03-30 20:00:00",
        "calendarYear": "2020",
        "period": "Q1",
        "revenue": 27191000,
        "costOfRevenue": 22867000,
        "grossProfit": 4324000,
        "grossProfitRatio": 0.1590232062,
        "researchAndDevelopmentExpenses": 0,
        "generalAndAdministrativeExpenses": 1748750,
        "sellingAndMarketingExpenses": 0,
        "sellingGeneralAndAdministrativeExpenses": 1748750,
        "otherExpenses": 18000,
        "operatingExpenses": 1766750,
        "costAndExpenses": 32491750,
        "interestIncome": 0,
        "interestExpense": 2051000,
        "depreciationAndAmortization": -33457750,
        "ebitda": -38758500,
        "ebitdaratio": -1.4254164981,
        "operatingIncome": -5300750,
        "operatingIncomeRatio": -0.1949450186,
        "totalOtherIncomeExpensesNet": -35508750,
        "incomeBeforeTax": -40809500,
        "incomeBeforeTaxRatio": -1.5008458681,
        "incomeTaxExpense": 0,
        "netIncome": -40809500,
        "netIncomeRatio": -1.5008458681,
        "eps": -1.36,
        "epsdiluted": -1.36,
        "weightedAverageShsOut": 30000000,
        "weightedAverageShsOutDil": 30000000,
        "link": "",
        "finalLink": ""
    }
]