[
    {
        "date": "2025-06-30",
        "symbol": "U",
        "reportedCurrency": "USD",
        "cik": "0001810806",
        "fillingDate": "2025-08-06",
        "acceptedDate": "2025-08-06 16:02:46",
        "calendarYear": "2025",
        "period": "Q2",
        "revenue": 440944000,
        "costOfRevenue": 113936000,
        "grossProfit": 327008000,
        "grossProfitRatio": 0.7416089118,
        "researchAndDevelopmentExpenses": 214807000,
        "generalAndAdministrativeExpenses": 69165000,
        "sellingAndMarketingExpenses": 161513000,
        "sellingGeneralAndAdministrativeExpenses": 230678000,
        "otherExpenses": 0,
        "operatingExpenses": 445485000,
        "costAndExpenses": 559696000,
        "interestIncome": 19837000,
        "interestExpense": 6030000,
        "depreciationAndAmortization": 96928000,
        "ebitda": -1987000,
        "ebitdaratio": -0.0045062412,
        "operatingIncome": -118752000,
        "operatingIncomeRatio": -0.2693131101,
        "totalOtherIncomeExpensesNet": 13807000,
        "incomeBeforeTax": -104945000,
        "incomeBeforeTaxRatio": -0.2380007439,
        "incomeTaxExpense": 2420000,
        "netIncome": -108798000,
        "netIncomeRatio": -0.2467388149,
        "eps": -0.2606,
        "epsdiluted": -0.2606,
        "weightedAverageShsOut": 417566000,
        "weightedAverageShsOutDil": 417566000,
        "link": "https://www.sec.gov/Archives/edgar/data/1810806/000181080625000151/0001810806-25-000151-index.htm",
        "finalLink": "https://www.sec.gov/Archives/edgar/data/1810806/000181080625000151/unity-20250630.htm"
    },
    {
        "date": "2025-03-31",
        "symbol": "U",
        "reportedCurrency": "USD",
        "cik": "0001810806",
        "fillingDate": "2025-05-07",
        "acceptedDate": "2025-05-07 16:20:44",
        "calendarYear": "2025",
        "period": "Q1",
        "revenue": 435000000,
        "costOfRevenue": 113957000,
        "grossProfit": 321043000,
        "grossProfitRatio": 0.7380298851,
        "researchAndDevelopmentExpenses": 220625000,
        "generalAndAdministrativeExpenses": 66340000,
        "sellingAndMarketingExpenses": 162013000,
        "sellingGeneralAndAdministrativeExpenses": 228353000,
        "otherExpenses": 0,
        "operatingExpenses": 448978000,
        "costAndExpenses": 562935000,
        "interestIncome": 58111000,
        "interestExpense": 5891000,
        "depreciationAndAmortization": 96217000,
        "ebitda": 26393000,
        "ebitdaratio": 0.0606735632,
        "operatingIncome": -127935000,
        "operatingIncomeRatio": -0.2941034483,
        "totalOtherIncomeExpensesNet": 52220000,
        "incomeBeforeTax": -75715000,
        "incomeBeforeTaxRatio": -0.1740574713,
        "incomeTaxExpense": 2192000,
        "netIncome": -77642000,
        "netIncomeRatio": -0.1784873563,
        "eps": -0.19,
        "epsdiluted": -0.19,
        "weightedAverageShsOut": 411852000,
        "weightedAverageShsOutDil": 411852000,
        "link": "https://www.sec.gov/Archives/edgar/data/1810806/000181080625000095/0001810806-25-000095-index.htm",
        "finalLink": "https://www.sec.gov/Archives/edgar/data/1810806/000181080625000095/unity-20250331.htm"
    },
    {
        "date": "2024-12-31",
        "symbol": "U",
        "reportedCurrency": "USD",
        "cik": "0001810806",
        "fillingDate": "2025-02-21",
        "acceptedDate": "2025-02-21 16:37:35",
        "calendarYear": "2024",
        "period": "Q4",
        "revenue": 457099000,
        "costOfRevenue": 115537000,
        "grossProfit": 341562000,
        "grossProfitRatio": 0.7472385632,
        "researchAndDevelopmentExpenses": 217970000,
        "generalAndAdministrativeExpenses": 71499000,
        "sellingAndMarketingExpenses": 175747000,
        "sellingGeneralAndAdministrativeExpenses": 247246000,
        "otherExpenses": 0,
        "operatingExpenses": 465216000,
        "costAndExpenses": 580753000,
        "interestIncome": 9108000,
        "interestExpense": 5839000,
        "depreciationAndAmortization": 103161000,
        "ebitda": -11385000,
        "ebitdaratio": -0.024907077,
        "operatingIncome": -123654000,
        "operatingIncomeRatio": -0.2705190779,
        "totalOtherIncomeExpensesNet": 3269000,
        "incomeBeforeTax": -120385000,
        "incomeBeforeTaxRatio": -0.2633674543,
        "incomeTaxExpense": 2138000,
        "netIncome": -122727000,
        "netIncomeRatio": -0.2684910709,
        "eps": -0.3,
        "epsdiluted": -0.3,
        "weightedAverageShsOut": 405172000,
        "weightedAverageShsOutDil": 405172000,
        "link": "https://www.sec.gov/Archives/edgar/data/1810806/000181080625000026/0001810806-25-000026-index.htm",
        "finalLink": "https://www.sec.gov/Archives/edgar/data/1810806/000181080625000026/unity-20241231.htm"
    },
    {
        "date": "2024-09-30",
        "symbol": "U",
        "reportedCurrency": "USD",
        "cik": "0001810806",
        "fillingDate": "2024-11-07",
        "acceptedDate": "2024-11-07 17:22:49",
        "calendarYear": "2024",
        "period": "Q3",
        "revenue": 446517000,
        "costOfRevenue": 112054000,
        "grossProfit": 334463000,
        "grossProfitRatio": 0.7490487484,
        "researchAndDevelopmentExpenses": 215197000,
        "generalAndAdministrativeExpenses": 69989000,
        "sellingAndMarketingExpenses": 176423000,
        "sellingGeneralAndAdministrativeExpenses": 246412000,
        "otherExpenses": 0,
        "operatingExpenses": 461609000,
        "costAndExpenses": 573663000,
        "interestIncome": 15350000,
        "interestExpense": 5839000,
        "depreciationAndAmortization": 102600000,
        "ebitda": -9196000,
        "ebitdaratio": -0.0205949606,
        "operatingIncome": -127146000,
        "operatingIncomeRatio": -0.2847506366,
        "totalOtherIncomeExpensesNet": 9511000,
        "incomeBeforeTax": -117635000,
        "incomeBeforeTaxRatio": -0.2634502158,
        "incomeTaxExpense": 6913000,
        "netIncome": -124739000,
        "netIncomeRatio": -0.2793600244,
        "eps": -0.31,
        "epsdiluted": -0.31,
        "weightedAverageShsOut": 398810000,
        "weightedAverageShsOutDil": 398810000,
        "link": "https://www.sec.gov/Archives/edgar/data/1810806/000181080624000227/0001810806-24-000227-index.htm",
        "finalLink": "https://www.sec.gov/Archives/edgar/data/1810806/000181080624000227/unity-20240930.htm"
    },
    {
        "date": "2024-06-30",
        "symbol": "U",
        "reportedCurrency": "USD",
        "cik": "0001810806",
        "fillingDate": "2024-08-08",
        "acceptedDate": "2024-08-08 16:52:10",
        "calendarYear": "2024",
        "period": "Q2",
        "revenue": 449259000,
        "costOfRevenue": 108622000,
        "grossProfit": 340637000,
        "grossProfitRatio": 0.7582196461,
        "researchAndDevelopmentExpenses": 208935000,
        "generalAndAdministrativeExpenses": 91015000,
        "sellingAndMarketingExpenses": 169854000,
        "sellingGeneralAndAdministrativeExpenses": 260869000,
        "otherExpenses": 0,
        "operatingExpenses": 469804000,
        "costAndExpenses": 578679000,
        "interestIncome": 10457000,
        "interestExpense": 5829000,
        "depreciationAndAmortization": 101409000,
        "ebitda": -17554000,
        "ebitdaratio": -0.0390732295,
        "operatingIncome": -129420000,
        "operatingIncomeRatio": -0.2880743625,
        "totalOtherIncomeExpensesNet": 4628000,
        "incomeBeforeTax": -124792000,
        "incomeBeforeTaxRatio": -0.277772955,
        "incomeTaxExpense": 946000,
        "netIncome": -125574000,
        "netIncomeRatio": -0.2795135991,
        "eps": -0.32,
        "epsdiluted": -0.32,
        "weightedAverageShsOut": 392537000,
        "weightedAverageShsOutDil": 392537000,
        "link": "https://www.sec.gov/Archives/edgar/data/1810806/000181080624000189/0001810806-24-000189-index.htm",
        "finalLink": "https://www.sec.gov/Archives/edgar/data/1810806/000181080624000189/unity-20240630.htm"
    },
    {
        "date": "2024-03-31",
        "symbol": "U",
        "reportedCurrency": "USD",
        "cik": "0001810806",
        "fillingDate": "2024-05-09",
        "acceptedDate": "2024-05-09 16:13:17",
        "calendarYear": "2024",
        "period": "Q1",
        "revenue": 460380000,
        "costOfRevenue": 144387000,
        "grossProfit": 315993000,
        "grossProfitRatio": 0.6863742995,
        "researchAndDevelopmentExpenses": 282728000,
        "generalAndAdministrativeExpenses": 177569000,
        "sellingAndMarketingExpenses": 230625000,
        "sellingGeneralAndAdministrativeExpenses": 408194000,
        "otherExpenses": 0,
        "operatingExpenses": 690922000,
        "costAndExpenses": 835309000,
        "interestIncome": 76643000,
        "interestExpense": 6035000,
        "depreciationAndAmortization": 101810000,
        "ebitda": -196476000,
        "ebitdaratio": -0.4267691907,
        "operatingIncome": -374929000,
        "operatingIncomeRatio": -0.8143902863,
        "totalOtherIncomeExpensesNet": 70608000,
        "incomeBeforeTax": -304321000,
        "incomeBeforeTaxRatio": -0.6610213302,
        "incomeTaxExpense": -12843000,
        "netIncome": -291074000,
        "netIncomeRatio": -0.632247274,
        "eps": -0.75,
        "epsdiluted": -0.75,
        "weightedAverageShsOut": 387151000,
        "weightedAverageShsOutDil": 387151000,
        "link": "https://www.sec.gov/Archives/edgar/data/1810806/000181080624000098/0001810806-24-000098-index.htm",
        "finalLink": "https://www.sec.gov/Archives/edgar/data/1810806/000181080624000098/unity-20240331.htm"
    },
    {
        "date": "2023-12-31",
        "symbol": "U",
        "reportedCurrency": "USD",
        "cik": "0001810806",
        "fillingDate": "2024-02-29",
        "acceptedDate": "2024-02-29 16:58:28",
        "calendarYear": "2023",
        "period": "Q4",
        "revenue": 609268000,
        "costOfRevenue": 261582000,
        "grossProfit": 347686000,
        "grossProfitRatio": 0.5706618434,
        "researchAndDevelopmentExpenses": 265150000,
        "generalAndAdministrativeExpenses": 126129000,
        "sellingAndMarketingExpenses": 215367000,
        "sellingGeneralAndAdministrativeExpenses": 341496000,
        "otherExpenses": 0,
        "operatingExpenses": 606646000,
        "costAndExpenses": 868228000,
        "interestIncome": 20840000,
        "interestExpense": 6155000,
        "depreciationAndAmortization": 232254000,
        "ebitda": -5866000,
        "ebitdaratio": -0.009627947,
        "operatingIncome": -258960000,
        "operatingIncomeRatio": -0.4250346317,
        "totalOtherIncomeExpensesNet": 14685000,
        "incomeBeforeTax": -244275000,
        "incomeBeforeTaxRatio": -0.400931938,
        "incomeTaxExpense": 9710000,
        "netIncome": -252749000,
        "netIncomeRatio": -0.4148404315,
        "eps": -0.66,
        "epsdiluted": -0.66,
        "weightedAverageShsOut": 381788000,
        "weightedAverageShsOutDil": 384871561,
        "link": "https://www.sec.gov/Archives/edgar/data/1810806/000181080624000053/0001810806-24-000053-index.htm",
        "finalLink": "https://www.sec.gov/Archives/edgar/data/1810806/000181080624000053/unity-20231231.htm"
    },
    {
        "date": "2023-09-30",
        "symbol": "U",
        "reportedCurrency": "USD",
        "cik": "0001810806",
        "fillingDate": "2023-11-09",
        "acceptedDate": "2023-11-09 16:18:04",
        "calendarYear": "2023",
        "period": "Q3",
        "revenue": 544210000,
        "costOfRevenue": 151349000,
        "grossProfit": 392861000,
        "grossProfitRatio": 0.7218922842,
        "researchAndDevelopmentExpenses": 240003000,
        "generalAndAdministrativeExpenses": 86256000,
        "sellingAndMarketingExpenses": 194000000,
        "sellingGeneralAndAdministrativeExpenses": 280256000,
        "otherExpenses": 0,
        "operatingExpenses": 520259000,
        "costAndExpenses": 671608000,
        "interestIncome": 16013000,
        "interestExpense": 6154000,
        "depreciationAndAmortization": 111023000,
        "ebitda": -362000,
        "ebitdaratio": -0.0006651844,
        "operatingIncome": -127398000,
        "operatingIncomeRatio": -0.2340971316,
        "totalOtherIncomeExpensesNet": 9859000,
        "incomeBeforeTax": -117539000,
        "incomeBeforeTaxRatio": -0.2159809632,
        "incomeTaxExpense": 7771000,
        "netIncome": -124071000,
        "netIncomeRatio": -0.2279836828,
        "eps": -0.32,
        "epsdiluted": -0.32,
        "weightedAverageShsOut": 383674000,
        "weightedAverageShsOutDil": 383674000,
        "link": "https://www.sec.gov/Archives/edgar/data/1810806/000181080623000181/0001810806-23-000181-index.htm",
        "finalLink": "https://www.sec.gov/Archives/edgar/data/1810806/000181080623000181/unity-20230930.htm"
    },
    {
        "date": "2023-06-30",
        "symbol": "U",
        "reportedCurrency": "USD",
        "cik": "0001810806",
        "fillingDate": "2023-08-02",
        "acceptedDate": "2023-08-02 16:11:33",
        "calendarYear": "2023",
        "period": "Q2",
        "revenue": 533478000,
        "costOfRevenue": 158827000,
        "grossProfit": 374651000,
        "grossProfitRatio": 0.7022801315,
        "researchAndDevelopmentExpenses": 267955000,
        "generalAndAdministrativeExpenses": 89017000,
        "sellingAndMarketingExpenses": 209131000,
        "sellingGeneralAndAdministrativeExpenses": 298148000,
        "otherExpenses": 0,
        "operatingExpenses": 566103000,
        "costAndExpenses": 724930000,
        "interestIncome": 9061000,
        "interestExpense": 6142000,
        "depreciationAndAmortization": 111079000,
        "ebitda": -71312000,
        "ebitdaratio": -0.133673741,
        "operatingIncome": -191452000,
        "operatingIncomeRatio": -0.3588751551,
        "totalOtherIncomeExpensesNet": 2919000,
        "incomeBeforeTax": -188533000,
        "incomeBeforeTaxRatio": -0.3534035143,
        "incomeTaxExpense": 4791000,
        "netIncome": -192160000,
        "netIncomeRatio": -0.3602022951,
        "eps": -0.51,
        "epsdiluted": -0.51,
        "weightedAverageShsOut": 380355000,
        "weightedAverageShsOutDil": 380355000,
        "link": "https://www.sec.gov/Archives/edgar/data/1810806/000181080623000128/0001810806-23-000128-index.htm",
        "finalLink": "https://www.sec.gov/Archives/edgar/data/1810806/000181080623000128/unity-20230630.htm"
    },
    {
        "date": "2023-03-31",
        "symbol": "U",
        "reportedCurrency": "USD",
        "cik": "0001810806",
        "fillingDate": "2023-05-10",
        "acceptedDate": "2023-05-10 16:09:49",
        "calendarYear": "2023",
        "period": "Q1",
        "revenue": 500361000,
        "costOfRevenue": 161964000,
        "grossProfit": 338397000,
        "grossProfitRatio": 0.6763057073,
        "researchAndDevelopmentExpenses": 280480000,
        "generalAndAdministrativeExpenses": 96774000,
        "sellingAndMarketingExpenses": 216127000,
        "sellingGeneralAndAdministrativeExpenses": 312901000,
        "otherExpenses": 0,
        "operatingExpenses": 593381000,
        "costAndExpenses": 755345000,
        "interestIncome": 13615000,
        "interestExpense": 6129000,
        "depreciationAndAmortization": 109560000,
        "ebitda": -131809000,
        "ebitdaratio": -0.2634278051,
        "operatingIncome": -254984000,
        "operatingIncomeRatio": -0.5096000688,
        "totalOtherIncomeExpensesNet": 7486000,
        "incomeBeforeTax": -247498000,
        "incomeBeforeTaxRatio": -0.4946388707,
        "incomeTaxExpense": 6205000,
        "netIncome": -253703000,
        "netIncomeRatio": -0.5070399172,
        "eps": -0.67,
        "epsdiluted": -0.67,
        "weightedAverageShsOut": 375909000,
        "weightedAverageShsOutDil": 375909000,
        "link": "https://www.sec.gov/Archives/edgar/data/1810806/000181080623000059/0001810806-23-000059-index.htm",
        "finalLink": "https://www.sec.gov/Archives/edgar/data/1810806/000181080623000059/unity-20230331.htm"
    },
    {
        "date": "2022-12-31",
        "symbol": "U",
        "reportedCurrency": "USD",
        "cik": "0001810806",
        "fillingDate": "2023-02-27",
        "acceptedDate": "2023-02-27 16:18:23",
        "calendarYear": "2022",
        "period": "Q4",
        "revenue": 450974000,
        "costOfRevenue": 139928000,
        "grossProfit": 311046000,
        "grossProfitRatio": 0.6897204717,
        "researchAndDevelopmentExpenses": 274111000,
        "generalAndAdministrativeExpenses": 127225000,
        "sellingAndMarketingExpenses": 183470000,
        "sellingGeneralAndAdministrativeExpenses": 310695000,
        "otherExpenses": 0,
        "operatingExpenses": 584806000,
        "costAndExpenses": 724734000,
        "interestIncome": 7101000,
        "interestExpense": 4035000,
        "depreciationAndAmortization": 83978000,
        "ebitda": -182681000,
        "ebitdaratio": -0.4050810025,
        "operatingIncome": -273760000,
        "operatingIncomeRatio": -0.6070416476,
        "totalOtherIncomeExpensesNet": 3066000,
        "incomeBeforeTax": -270694000,
        "incomeBeforeTaxRatio": -0.6002430295,
        "incomeTaxExpense": 17060000,
        "netIncome": -289328000,
        "netIncomeRatio": -0.6415624848,
        "eps": -0.82,
        "epsdiluted": -0.82,
        "weightedAverageShsOut": 351264000,
        "weightedAverageShsOutDil": 351264000,
        "link": "https://www.sec.gov/Archives/edgar/data/1810806/000181080623000016/0001810806-23-000016-index.htm",
        "finalLink": "https://www.sec.gov/Archives/edgar/data/1810806/000181080623000016/unity-20221231.htm"
    },
    {
        "date": "2022-09-30",
        "symbol": "U",
        "reportedCurrency": "USD",
        "cik": "0001810806",
        "fillingDate": "2022-11-09",
        "acceptedDate": "2022-11-09 16:09:58",
        "calendarYear": "2022",
        "period": "Q3",
        "revenue": 322881000,
        "costOfRevenue": 111903000,
        "grossProfit": 210978000,
        "grossProfitRatio": 0.6534233975,
        "researchAndDevelopmentExpenses": 248380000,
        "generalAndAdministrativeExpenses": 92585000,
        "sellingAndMarketingExpenses": 109639000,
        "sellingGeneralAndAdministrativeExpenses": 202224000,
        "otherExpenses": 0,
        "operatingExpenses": 450604000,
        "costAndExpenses": 562507000,
        "interestIncome": 2208000,
        "interestExpense": 1135000,
        "depreciationAndAmortization": 43490000,
        "ebitda": -193928000,
        "ebitdaratio": -0.600617565,
        "operatingIncome": -239626000,
        "operatingIncomeRatio": -0.7421495845,
        "totalOtherIncomeExpensesNet": 1073000,
        "incomeBeforeTax": -238553000,
        "incomeBeforeTaxRatio": -0.7388263788,
        "incomeTaxExpense": 11468000,
        "netIncome": -250021000,
        "netIncomeRatio": -0.7743441082,
        "eps": -0.84,
        "epsdiluted": -0.84,
        "weightedAverageShsOut": 297644047,
        "weightedAverageShsOutDil": 299062000,
        "link": "https://www.sec.gov/Archives/edgar/data/1810806/000181080622000084/0001810806-22-000084-index.htm",
        "finalLink": "https://www.sec.gov/Archives/edgar/data/1810806/000181080622000084/unity-20220930.htm"
    },
    {
        "date": "2022-06-30",
        "symbol": "U",
        "reportedCurrency": "USD",
        "cik": "0001810806",
        "fillingDate": "2022-08-09",
        "acceptedDate": "2022-08-09 16:17:22",
        "calendarYear": "2022",
        "period": "Q2",
        "revenue": 297043000,
        "costOfRevenue": 96836000,
        "grossProfit": 200207000,
        "grossProfitRatio": 0.6740000606,
        "researchAndDevelopmentExpenses": 215960000,
        "generalAndAdministrativeExpenses": 81005000,
        "sellingAndMarketingExpenses": 100908000,
        "sellingGeneralAndAdministrativeExpenses": 181913000,
        "otherExpenses": 0,
        "operatingExpenses": 397873000,
        "costAndExpenses": 494709000,
        "interestIncome": 0,
        "interestExpense": 4181000,
        "depreciationAndAmortization": 42636000,
        "ebitda": -155030000,
        "ebitdaratio": -0.5219109691,
        "operatingIncome": -197666000,
        "operatingIncomeRatio": -0.6654457435,
        "totalOtherIncomeExpensesNet": -4181000,
        "incomeBeforeTax": -201847000,
        "incomeBeforeTaxRatio": -0.6795211468,
        "incomeTaxExpense": 2311000,
        "netIncome": -204158000,
        "netIncomeRatio": -0.6873011652,
        "eps": -0.69,
        "epsdiluted": -0.69,
        "weightedAverageShsOut": 296849000,
        "weightedAverageShsOutDil": 296849000,
        "link": "https://www.sec.gov/Archives/edgar/data/1810806/000181080622000054/0001810806-22-000054-index.htm",
        "finalLink": "https://www.sec.gov/Archives/edgar/data/1810806/000181080622000054/unity-20220630.htm"
    },
    {
        "date": "2022-03-31",
        "symbol": "U",
        "reportedCurrency": "USD",
        "cik": "0001810806",
        "fillingDate": "2022-05-10",
        "acceptedDate": "2022-05-10 16:14:39",
        "calendarYear": "2022",
        "period": "Q1",
        "revenue": 320126000,
        "costOfRevenue": 93833000,
        "grossProfit": 226293000,
        "grossProfitRatio": 0.7068872881,
        "researchAndDevelopmentExpenses": 221040000,
        "generalAndAdministrativeExpenses": 72475000,
        "sellingAndMarketingExpenses": 103939000,
        "sellingGeneralAndAdministrativeExpenses": 176414000,
        "otherExpenses": 0,
        "operatingExpenses": 397454000,
        "costAndExpenses": 491287000,
        "interestIncome": 941000,
        "interestExpense": 1111000,
        "depreciationAndAmortization": 41472000,
        "ebitda": -128748000,
        "ebitdaratio": -0.402179142,
        "operatingIncome": -171161000,
        "operatingIncomeRatio": -0.5346675996,
        "totalOtherIncomeExpensesNet": -170000,
        "incomeBeforeTax": -171331000,
        "incomeBeforeTaxRatio": -0.5351986405,
        "incomeTaxExpense": 6224000,
        "netIncome": -177555000,
        "netIncomeRatio": -0.5546409851,
        "eps": -0.6,
        "epsdiluted": -0.6,
        "weightedAverageShsOut": 294341000,
        "weightedAverageShsOutDil": 294341000,
        "link": "https://www.sec.gov/Archives/edgar/data/1810806/000181080622000018/0001810806-22-000018-index.htm",
        "finalLink": "https://www.sec.gov/Archives/edgar/data/1810806/000181080622000018/unity-20220331.htm"
    },
    {
        "date": "2021-12-31",
        "symbol": "U",
        "reportedCurrency": "USD",
        "cik": "0001810806",
        "fillingDate": "2022-02-22",
        "acceptedDate": "2022-02-22 16:19:37",
        "calendarYear": "2021",
        "period": "Q4",
        "revenue": 315864000,
        "costOfRevenue": 73654000,
        "grossProfit": 242210000,
        "grossProfitRatio": 0.7668173644,
        "researchAndDevelopmentExpenses": 209066000,
        "generalAndAdministrativeExpenses": 75140000,
        "sellingAndMarketingExpenses": 102833000,
        "sellingGeneralAndAdministrativeExpenses": 177973000,
        "otherExpenses": 0,
        "operatingExpenses": 387039000,
        "costAndExpenses": 460693000,
        "interestIncome": 0,
        "interestExpense": 536000,
        "depreciationAndAmortization": 25345000,
        "ebitda": -119489000,
        "ebitdaratio": -0.3782925563,
        "operatingIncome": -144829000,
        "operatingIncomeRatio": -0.4585169567,
        "totalOtherIncomeExpensesNet": -536000,
        "incomeBeforeTax": -145365000,
        "incomeBeforeTaxRatio": -0.4602138895,
        "incomeTaxExpense": 16288000,
        "netIncome": -161653000,
        "netIncomeRatio": -0.5117803865,
        "eps": -0.56,
        "epsdiluted": -0.56,
        "weightedAverageShsOut": 286258433,
        "weightedAverageShsOutDil": 288469000,
        "link": "https://www.sec.gov/Archives/edgar/data/1810806/000181080622000004/0001810806-22-000004-index.htm",
        "finalLink": "https://www.sec.gov/Archives/edgar/data/1810806/000181080622000004/unity-20211231.htm"
    },
    {
        "date": "2021-09-30",
        "symbol": "U",
        "reportedCurrency": "USD",
        "cik": "0001810806",
        "fillingDate": "2021-11-10",
        "acceptedDate": "2021-11-10 16:08:36",
        "calendarYear": "2021",
        "period": "Q3",
        "revenue": 286328000,
        "costOfRevenue": 63517000,
        "grossProfit": 222811000,
        "grossProfitRatio": 0.7781669973,
        "researchAndDevelopmentExpenses": 178413000,
        "generalAndAdministrativeExpenses": 73723000,
        "sellingAndMarketingExpenses": 97425000,
        "sellingGeneralAndAdministrativeExpenses": 171148000,
        "otherExpenses": 0,
        "operatingExpenses": 349561000,
        "costAndExpenses": 413078000,
        "interestIncome": 0,
        "interestExpense": 64000,
        "depreciationAndAmortization": 15120000,
        "ebitda": -111630000,
        "ebitdaratio": -0.3898675645,
        "operatingIncome": -126750000,
        "operatingIncomeRatio": -0.442674136,
        "totalOtherIncomeExpensesNet": -64000,
        "incomeBeforeTax": -126814000,
        "incomeBeforeTaxRatio": -0.4428976558,
        "incomeTaxExpense": -11662000,
        "netIncome": -115152000,
        "netIncomeRatio": -0.4021681428,
        "eps": -0.41,
        "epsdiluted": -0.41,
        "weightedAverageShsOut": 280858536,
        "weightedAverageShsOutDil": 283714000,
        "link": "https://www.sec.gov/Archives/edgar/data/1810806/000181080621000171/0001810806-21-000171-index.htm",
        "finalLink": "https://www.sec.gov/Archives/edgar/data/1810806/000181080621000171/unity-20210930.htm"
    },
    {
        "date": "2021-06-30",
        "symbol": "U",
        "reportedCurrency": "USD",
        "cik": "0001810806",
        "fillingDate": "2021-08-11",
        "acceptedDate": "2021-08-11 16:04:38",
        "calendarYear": "2021",
        "period": "Q2",
        "revenue": 273562000,
        "costOfRevenue": 57725000,
        "grossProfit": 215837000,
        "grossProfitRatio": 0.7889875056,
        "researchAndDevelopmentExpenses": 154216000,
        "generalAndAdministrativeExpenses": 135917000,
        "sellingAndMarketingExpenses": 74888000,
        "sellingGeneralAndAdministrativeExpenses": 210805000,
        "otherExpenses": 0,
        "operatingExpenses": 365021000,
        "costAndExpenses": 422746000,
        "interestIncome": 70000,
        "interestExpense": 485000,
        "depreciationAndAmortization": 12270000,
        "ebitda": -136844000,
        "ebitdaratio": -0.5002302951,
        "operatingIncome": -149184000,
        "operatingIncomeRatio": -0.5453388994,
        "totalOtherIncomeExpensesNet": -415000,
        "incomeBeforeTax": -149599000,
        "incomeBeforeTaxRatio": -0.546855923,
        "incomeTaxExpense": -1257000,
        "netIncome": -148342000,
        "netIncomeRatio": -0.5422609865,
        "eps": -0.53,
        "epsdiluted": -0.53,
        "weightedAverageShsOut": 280374000,
        "weightedAverageShsOutDil": 280374000,
        "link": "https://www.sec.gov/Archives/edgar/data/1810806/000181080621000152/0001810806-21-000152-index.htm",
        "finalLink": "https://www.sec.gov/Archives/edgar/data/1810806/000181080621000152/unity-20210630.htm"
    },
    {
        "date": "2021-03-31",
        "symbol": "U",
        "reportedCurrency": "USD",
        "cik": "0001810806",
        "fillingDate": "2021-05-12",
        "acceptedDate": "2021-05-12 16:07:17",
        "calendarYear": "2021",
        "period": "Q1",
        "revenue": 234772000,
        "costOfRevenue": 58734000,
        "grossProfit": 176038000,
        "grossProfitRatio": 0.7498253625,
        "researchAndDevelopmentExpenses": 154015000,
        "generalAndAdministrativeExpenses": 63132000,
        "sellingAndMarketingExpenses": 69793000,
        "sellingGeneralAndAdministrativeExpenses": 132925000,
        "otherExpenses": 0,
        "operatingExpenses": 286940000,
        "costAndExpenses": 345674000,
        "interestIncome": 1565000,
        "interestExpense": 115000,
        "depreciationAndAmortization": 11832000,
        "ebitda": -97505000,
        "ebitdaratio": -0.4153178403,
        "operatingIncome": -110902000,
        "operatingIncomeRatio": -0.472381715,
        "totalOtherIncomeExpensesNet": 1450000,
        "incomeBeforeTax": -109452000,
        "incomeBeforeTaxRatio": -0.46620551,
        "incomeTaxExpense": -1992000,
        "netIncome": -107460000,
        "netIncomeRatio": -0.4577206822,
        "eps": -0.39,
        "epsdiluted": -0.39,
        "weightedAverageShsOut": 276068000,
        "weightedAverageShsOutDil": 276068000,
        "link": "https://www.sec.gov/Archives/edgar/data/1810806/000181080621000103/0001810806-21-000103-index.htm",
        "finalLink": "https://www.sec.gov/Archives/edgar/data/1810806/000181080621000103/unity-20210331.htm"
    },
    {
        "date": "2020-12-31",
        "symbol": "U",
        "reportedCurrency": "USD",
        "cik": "0001810806",
        "fillingDate": "2021-03-05",
        "acceptedDate": "2021-03-05 16:25:54",
        "calendarYear": "2020",
        "period": "Q4",
        "revenue": 220336000,
        "costOfRevenue": 52507000,
        "grossProfit": 167829000,
        "grossProfitRatio": 0.7616957737,
        "researchAndDevelopmentExpenses": 120008000,
        "generalAndAdministrativeExpenses": 59991000,
        "sellingAndMarketingExpenses": 68677000,
        "sellingGeneralAndAdministrativeExpenses": 128668000,
        "otherExpenses": 0,
        "operatingExpenses": 248676000,
        "costAndExpenses": 301183000,
        "interestIncome": 0,
        "interestExpense": 3173000,
        "depreciationAndAmortization": 11690000,
        "ebitda": -69157000,
        "ebitdaratio": -0.3138706339,
        "operatingIncome": -80847000,
        "operatingIncomeRatio": -0.3669259676,
        "totalOtherIncomeExpensesNet": -3173000,
        "incomeBeforeTax": -84020000,
        "incomeBeforeTaxRatio": -0.381326701,
        "incomeTaxExpense": -518000,
        "netIncome": -83502000,
        "netIncomeRatio": -0.3789757461,
        "eps": -0.31,
        "epsdiluted": -0.31,
        "weightedAverageShsOut": 272134000,
        "weightedAverageShsOutDil": 272134000,
        "link": "https://www.sec.gov/Archives/edgar/data/1810806/000181080621000052/0001810806-21-000052-index.htm",
        "finalLink": "https://www.sec.gov/Archives/edgar/data/1810806/000181080621000052/unity-20201231.htm"
    },
    {
        "date": "2020-09-30",
        "symbol": "U",
        "reportedCurrency": "USD",
        "cik": "0001810806",
        "fillingDate": "2020-11-13",
        "acceptedDate": "2020-11-13 16:22:33",
        "calendarYear": "2020",
        "period": "Q3",
        "revenue": 200784000,
        "costOfRevenue": 47540000,
        "grossProfit": 153244000,
        "grossProfitRatio": 0.7632281457,
        "researchAndDevelopmentExpenses": 116648000,
        "generalAndAdministrativeExpenses": 117515000,
        "sellingAndMarketingExpenses": 60764000,
        "sellingGeneralAndAdministrativeExpenses": 178279000,
        "otherExpenses": 0,
        "operatingExpenses": 294927000,
        "costAndExpenses": 342467000,
        "interestIncome": 0,
        "interestExpense": 2638000,
        "depreciationAndAmortization": 11274000,
        "ebitda": -130409000,
        "ebitdaratio": -0.6494989641,
        "operatingIncome": -141683000,
        "operatingIncomeRatio": -0.7056488565,
        "totalOtherIncomeExpensesNet": -2638000,
        "incomeBeforeTax": -144321000,
        "incomeBeforeTaxRatio": -0.7187873536,
        "incomeTaxExpense": 398000,
        "netIncome": -144719000,
        "netIncomeRatio": -0.7207695832,
        "eps": -0.54,
        "epsdiluted": -0.54,
        "weightedAverageShsOut": 267750367,
        "weightedAverageShsOutDil": 267750367,
        "link": "https://www.sec.gov/Archives/edgar/data/1810806/000181080620000011/0001810806-20-000011-index.htm",
        "finalLink": "https://www.sec.gov/Archives/edgar/data/1810806/000181080620000011/unity-20200930.htm"
    },
    {
        "date": "2020-06-30",
        "symbol": "U",
        "reportedCurrency": "USD",
        "cik": "0001810806",
        "fillingDate": "2020-06-30",
        "acceptedDate": "2020-06-29 20:00:00",
        "calendarYear": "2020",
        "period": "Q2",
        "revenue": 184331000,
        "costOfRevenue": 40432000,
        "grossProfit": 143899000,
        "grossProfitRatio": 0.7806554513,
        "researchAndDevelopmentExpenses": 85108000,
        "generalAndAdministrativeExpenses": 39920000,
        "sellingAndMarketingExpenses": 43716000,
        "sellingGeneralAndAdministrativeExpenses": 83636000,
        "otherExpenses": -662000,
        "operatingExpenses": 168744000,
        "costAndExpenses": 209176000,
        "interestIncome": 0,
        "interestExpense": 1318000,
        "depreciationAndAmortization": 10200000,
        "ebitda": -14645000,
        "ebitdaratio": -0.0794494686,
        "operatingIncome": -24845000,
        "operatingIncomeRatio": -0.1347847079,
        "totalOtherIncomeExpensesNet": -1318000,
        "incomeBeforeTax": -26163000,
        "incomeBeforeTaxRatio": -0.1419348889,
        "incomeTaxExpense": 1188000,
        "netIncome": -27351000,
        "netIncomeRatio": -0.1483798167,
        "eps": -0.1,
        "epsdiluted": -0.1,
        "weightedAverageShsOut": 263366733,
        "weightedAverageShsOutDil": 263366733,
        "link": "",
        "finalLink": ""
    },
    {
        "date": "2020-03-31",
        "symbol": "U",
        "reportedCurrency": "USD",
        "cik": "0001810806",
        "fillingDate": "2020-03-31",
        "acceptedDate": "2020-03-31 00:00:00",
        "calendarYear": "2020",
        "period": "Q1",
        "revenue": 166994000,
        "costOfRevenue": 31868000,
        "grossProfit": 135126000,
        "grossProfitRatio": 0.8091667964,
        "researchAndDevelopmentExpenses": 81751000,
        "generalAndAdministrativeExpenses": 37553000,
        "sellingAndMarketingExpenses": 43259000,
        "sellingGeneralAndAdministrativeExpenses": 80812000,
        "otherExpenses": 0,
        "operatingExpenses": 162563000,
        "costAndExpenses": 194431000,
        "interestIncome": 1856000,
        "interestExpense": 132000,
        "depreciationAndAmortization": 9810000,
        "ebitda": -15771000,
        "ebitdaratio": -0.0944405188,
        "operatingIncome": -27437000,
        "operatingIncomeRatio": -0.1642993161,
        "totalOtherIncomeExpensesNet": 1724000,
        "incomeBeforeTax": -25713000,
        "incomeBeforeTaxRatio": -0.1539755919,
        "incomeTaxExpense": 1023000,
        "netIncome": -26736000,
        "netIncomeRatio": -0.1601015605,
        "eps": -0.12,
        "epsdiluted": -0.12,
        "weightedAverageShsOut": 228210000,
        "weightedAverageShsOutDil": 228210000,
        "link": "",
        "finalLink": ""
    },
    {
        "date": "2019-12-31",
        "symbol": "U",
        "reportedCurrency": "USD",
        "cik": "0001810806",
        "fillingDate": "2019-12-31",
        "acceptedDate": "2019-12-30 19:00:00",
        "calendarYear": "2019",
        "period": "Q4",
        "revenue": 158071000,
        "costOfRevenue": 29995000,
        "grossProfit": 128076000,
        "grossProfitRatio": 0.8102434982,
        "researchAndDevelopmentExpenses": 73096000,
        "generalAndAdministrativeExpenses": 54747000,
        "sellingAndMarketingExpenses": 48813000,
        "sellingGeneralAndAdministrativeExpenses": 103560000,
        "otherExpenses": 0,
        "operatingExpenses": 176656000,
        "costAndExpenses": 206651000,
        "interestIncome": 0,
        "interestExpense": 79000,
        "depreciationAndAmortization": 9816000,
        "ebitda": -38764000,
        "ebitdaratio": -0.2452315732,
        "operatingIncome": -48580000,
        "operatingIncomeRatio": -0.3073302503,
        "totalOtherIncomeExpensesNet": -79000,
        "incomeBeforeTax": -48659000,
        "incomeBeforeTaxRatio": -0.3078300257,
        "incomeTaxExpense": 1920000,
        "netIncome": -50579000,
        "netIncomeRatio": -0.3199764663,
        "eps": -0.22,
        "epsdiluted": -0.22,
        "weightedAverageShsOut": 228210000,
        "weightedAverageShsOutDil": 228210000,
        "link": "",
        "finalLink": ""
    },
    {
        "date": "2019-09-30",
        "symbol": "U",
        "reportedCurrency": "USD",
        "cik": "0001810806",
        "fillingDate": "2019-09-30",
        "acceptedDate": "2019-09-29 20:00:00",
        "calendarYear": "2019",
        "period": "Q3",
        "revenue": 130943000,
        "costOfRevenue": 26451000,
        "grossProfit": 104492000,
        "grossProfitRatio": 0.7979960746,
        "researchAndDevelopmentExpenses": 64034000,
        "generalAndAdministrativeExpenses": 35631000,
        "sellingAndMarketingExpenses": 46559000,
        "sellingGeneralAndAdministrativeExpenses": 82190000,
        "otherExpenses": 0,
        "operatingExpenses": 146224000,
        "costAndExpenses": 172675000,
        "interestIncome": 0,
        "interestExpense": 1808000,
        "depreciationAndAmortization": 7975000,
        "ebitda": -33757000,
        "ebitdaratio": -0.2577991951,
        "operatingIncome": -41732000,
        "operatingIncomeRatio": -0.318703558,
        "totalOtherIncomeExpensesNet": -1808000,
        "incomeBeforeTax": -43540000,
        "incomeBeforeTaxRatio": -0.3325110926,
        "incomeTaxExpense": 2009000,
        "netIncome": -45549000,
        "netIncomeRatio": -0.3478536462,
        "eps": -0.2,
        "epsdiluted": -0.2,
        "weightedAverageShsOut": 228210000,
        "weightedAverageShsOutDil": 228210000,
        "link": "",
        "finalLink": ""
    },
    {
        "date": "2019-06-30",
        "symbol": "U",
        "reportedCurrency": "USD",
        "cik": "0001810806",
        "fillingDate": "2019-06-30",
        "acceptedDate": "2019-06-29 20:00:00",
        "calendarYear": "2019",
        "period": "Q2",
        "revenue": 129373000,
        "costOfRevenue": 29049000,
        "grossProfit": 100324000,
        "grossProfitRatio": 0.7754631956,
        "researchAndDevelopmentExpenses": 64272000,
        "generalAndAdministrativeExpenses": 28078000,
        "sellingAndMarketingExpenses": 40647000,
        "sellingGeneralAndAdministrativeExpenses": 68725000,
        "otherExpenses": 0,
        "operatingExpenses": 132997000,
        "costAndExpenses": 162046000,
        "interestIncome": 512000,
        "interestExpense": 0,
        "depreciationAndAmortization": 6661000,
        "ebitda": -32161000,
        "ebitdaratio": -0.2485912826,
        "operatingIncome": -32673000,
        "operatingIncomeRatio": -0.2525488317,
        "totalOtherIncomeExpensesNet": 512000,
        "incomeBeforeTax": -32161000,
        "incomeBeforeTaxRatio": -0.2485912826,
        "incomeTaxExpense": 2887000,
        "netIncome": -35048000,
        "netIncomeRatio": -0.2709066034,
        "eps": -0.15,
        "epsdiluted": -0.15,
        "weightedAverageShsOut": 228210000,
        "weightedAverageShsOutDil": 228210000,
        "link": "",
        "finalLink": ""
    },
    {
        "date": "2019-03-31",
        "symbol": "U",
        "reportedCurrency": "USD",
        "cik": "0001810806",
        "fillingDate": "2019-03-31",
        "acceptedDate": "2019-03-30 20:00:00",
        "calendarYear": "2019",
        "period": "Q1",
        "revenue": 126382500,
        "costOfRevenue": 31075500,
        "grossProfit": 95307000,
        "grossProfitRatio": 0.7541154828,
        "researchAndDevelopmentExpenses": 59399000,
        "generalAndAdministrativeExpenses": 26705000,
        "sellingAndMarketingExpenses": 39381500,
        "sellingGeneralAndAdministrativeExpenses": 66086500,
        "otherExpenses": 0,
        "operatingExpenses": 125828500,
        "costAndExpenses": 156904000,
        "interestIncome": 0,
        "interestExpense": 0,
        "depreciationAndAmortization": 6661000,
        "ebitda": -22324000,
        "ebitdaratio": -0.1766383795,
        "operatingIncome": -30178500,
        "operatingIncomeRatio": -0.2387870156,
        "totalOtherIncomeExpensesNet": 1296500,
        "incomeBeforeTax": -30521500,
        "incomeBeforeTaxRatio": -0.241500999,
        "incomeTaxExpense": 3009500,
        "netIncome": -33531000,
        "netIncomeRatio": -0.2653136312,
        "eps": -0.15,
        "epsdiluted": -0.15,
        "weightedAverageShsOut": 228210000,
        "weightedAverageShsOutDil": 228210000,
        "link": null,
        "finalLink": null
    }
]