[
    {
        "date": "2025-06-30",
        "symbol": "UIS",
        "reportedCurrency": "USD",
        "cik": "0000746838",
        "fillingDate": "2025-07-31",
        "acceptedDate": "2025-07-31 16:24:19",
        "calendarYear": "2025",
        "period": "Q2",
        "revenue": 483300000,
        "costOfRevenue": 353300000,
        "grossProfit": 130000000,
        "grossProfitRatio": 0.2689840679,
        "researchAndDevelopmentExpenses": 6100000,
        "generalAndAdministrativeExpenses": 115200000,
        "sellingAndMarketingExpenses": 0,
        "sellingGeneralAndAdministrativeExpenses": 115200000,
        "otherExpenses": -21600000,
        "operatingExpenses": 99700000,
        "costAndExpenses": 453000000,
        "interestIncome": 0,
        "interestExpense": 8200000,
        "depreciationAndAmortization": 26000000,
        "ebitda": 34200000,
        "ebitdaratio": 0.0707635009,
        "operatingIncome": 30300000,
        "operatingIncomeRatio": 0.0626939789,
        "totalOtherIncomeExpensesNet": -30400000,
        "incomeBeforeTax": -100000,
        "incomeBeforeTaxRatio": -0.0002069108,
        "incomeTaxExpense": 20000000,
        "netIncome": -20100000,
        "netIncomeRatio": -0.0415890751,
        "eps": -0.28,
        "epsdiluted": -0.28,
        "weightedAverageShsOut": 71261000,
        "weightedAverageShsOutDil": 71261000,
        "link": "https://www.sec.gov/Archives/edgar/data/746838/000074683825000020/0000746838-25-000020-index.htm",
        "finalLink": "https://www.sec.gov/Archives/edgar/data/746838/000074683825000020/uis-20250630.htm"
    },
    {
        "date": "2025-03-31",
        "symbol": "UIS",
        "reportedCurrency": "USD",
        "cik": "0000746838",
        "fillingDate": "2025-05-01",
        "acceptedDate": "2025-05-01 16:36:04",
        "calendarYear": "2025",
        "period": "Q1",
        "revenue": 432100000,
        "costOfRevenue": 324600000,
        "grossProfit": 107500000,
        "grossProfitRatio": 0.2487850035,
        "researchAndDevelopmentExpenses": 5600000,
        "generalAndAdministrativeExpenses": 96800000,
        "sellingAndMarketingExpenses": 0,
        "sellingGeneralAndAdministrativeExpenses": 96800000,
        "otherExpenses": 0,
        "operatingExpenses": 102400000,
        "costAndExpenses": 427000000,
        "interestIncome": 0,
        "interestExpense": 8200000,
        "depreciationAndAmortization": 16900000,
        "ebitda": 5100000,
        "ebitdaratio": 0.0118028234,
        "operatingIncome": 5100000,
        "operatingIncomeRatio": 0.0118028234,
        "totalOtherIncomeExpensesNet": -25100000,
        "incomeBeforeTax": -20000000,
        "incomeBeforeTaxRatio": -0.046285582,
        "incomeTaxExpense": 10600000,
        "netIncome": -29500000,
        "netIncomeRatio": -0.0682712335,
        "eps": -0.42,
        "epsdiluted": -0.42,
        "weightedAverageShsOut": 70238095,
        "weightedAverageShsOutDil": 70238095,
        "link": "https://www.sec.gov/Archives/edgar/data/746838/000162828025021581/0001628280-25-021581-index.htm",
        "finalLink": "https://www.sec.gov/Archives/edgar/data/746838/000162828025021581/uis-20250331.htm"
    },
    {
        "date": "2024-12-31",
        "symbol": "UIS",
        "reportedCurrency": "USD",
        "cik": "0000746838",
        "fillingDate": "2025-02-21",
        "acceptedDate": "2025-02-21 16:32:13",
        "calendarYear": "2024",
        "period": "Q4",
        "revenue": 545400000,
        "costOfRevenue": 370400000,
        "grossProfit": 175000000,
        "grossProfitRatio": 0.3208654199,
        "researchAndDevelopmentExpenses": 7700000,
        "generalAndAdministrativeExpenses": -51300000,
        "sellingAndMarketingExpenses": 0,
        "sellingGeneralAndAdministrativeExpenses": 109700000,
        "otherExpenses": 49400000,
        "operatingExpenses": 126400000,
        "costAndExpenses": 496800000,
        "interestIncome": 0,
        "interestExpense": 8200000,
        "depreciationAndAmortization": 28900000,
        "ebitda": 96400000,
        "ebitdaratio": 0.1767510084,
        "operatingIncome": 48600000,
        "operatingIncomeRatio": 0.0891089109,
        "totalOtherIncomeExpensesNet": 10700000,
        "incomeBeforeTax": 59300000,
        "incomeBeforeTaxRatio": 0.1087275394,
        "incomeTaxExpense": 28800000,
        "netIncome": 30000000,
        "netIncomeRatio": 0.0550055006,
        "eps": 0.43,
        "epsdiluted": 0.41,
        "weightedAverageShsOut": 69275000,
        "weightedAverageShsOutDil": 72938000,
        "link": "https://www.sec.gov/Archives/edgar/data/746838/000074683825000008/0000746838-25-000008-index.htm",
        "finalLink": "https://www.sec.gov/Archives/edgar/data/746838/000074683825000008/uis-20241231.htm"
    },
    {
        "date": "2024-09-30",
        "symbol": "UIS",
        "reportedCurrency": "USD",
        "cik": "0000746838",
        "fillingDate": "2024-10-30",
        "acceptedDate": "2024-10-30 16:33:41",
        "calendarYear": "2024",
        "period": "Q3",
        "revenue": 497000000,
        "costOfRevenue": 352000000,
        "grossProfit": 145000000,
        "grossProfitRatio": 0.291750503,
        "researchAndDevelopmentExpenses": 6500000,
        "generalAndAdministrativeExpenses": 103600000,
        "sellingAndMarketingExpenses": 0,
        "sellingGeneralAndAdministrativeExpenses": 91000000,
        "otherExpenses": 0,
        "operatingExpenses": 98400000,
        "costAndExpenses": 448100000,
        "interestIncome": 0,
        "interestExpense": 7900000,
        "depreciationAndAmortization": 24300000,
        "ebitda": 23600000,
        "ebitdaratio": 0.0474849095,
        "operatingIncome": 7500000,
        "operatingIncomeRatio": 0.0150905433,
        "totalOtherIncomeExpensesNet": -16100000,
        "incomeBeforeTax": -8600000,
        "incomeBeforeTaxRatio": -0.0173038229,
        "incomeTaxExpense": 53300000,
        "netIncome": -61900000,
        "netIncomeRatio": -0.1245472837,
        "eps": -0.89,
        "epsdiluted": -0.89,
        "weightedAverageShsOut": 69275000,
        "weightedAverageShsOutDil": 69275000,
        "link": "https://www.sec.gov/Archives/edgar/data/746838/000074683824000030/0000746838-24-000030-index.htm",
        "finalLink": "https://www.sec.gov/Archives/edgar/data/746838/000074683824000030/uis-20240930.htm"
    },
    {
        "date": "2024-06-30",
        "symbol": "UIS",
        "reportedCurrency": "USD",
        "cik": "0000746838",
        "fillingDate": "2024-08-06",
        "acceptedDate": "2024-08-06 16:21:43",
        "calendarYear": "2024",
        "period": "Q2",
        "revenue": 478200000,
        "costOfRevenue": 347900000,
        "grossProfit": 130300000,
        "grossProfitRatio": 0.2724801338,
        "researchAndDevelopmentExpenses": 4800000,
        "generalAndAdministrativeExpenses": 113500000,
        "sellingAndMarketingExpenses": -11000000,
        "sellingGeneralAndAdministrativeExpenses": 102500000,
        "otherExpenses": 0,
        "operatingExpenses": 107300000,
        "costAndExpenses": 455200000,
        "interestIncome": 0,
        "interestExpense": 7900000,
        "depreciationAndAmortization": 28100000,
        "ebitda": 42300000,
        "ebitdaratio": 0.0884567127,
        "operatingIncome": 23000000,
        "operatingIncomeRatio": 0.0480970305,
        "totalOtherIncomeExpensesNet": -16700000,
        "incomeBeforeTax": 6300000,
        "incomeBeforeTaxRatio": 0.013174404,
        "incomeTaxExpense": 18800000,
        "netIncome": -12000000,
        "netIncomeRatio": -0.0250941029,
        "eps": -0.17,
        "epsdiluted": -0.17,
        "weightedAverageShsOut": 69275000,
        "weightedAverageShsOutDil": 69275000,
        "link": "https://www.sec.gov/Archives/edgar/data/746838/000074683824000023/0000746838-24-000023-index.htm",
        "finalLink": "https://www.sec.gov/Archives/edgar/data/746838/000074683824000023/uis-20240630.htm"
    },
    {
        "date": "2024-03-31",
        "symbol": "UIS",
        "reportedCurrency": "USD",
        "cik": "0000746838",
        "fillingDate": "2024-05-08",
        "acceptedDate": "2024-05-08 16:33:42",
        "calendarYear": "2024",
        "period": "Q1",
        "revenue": 487800000,
        "costOfRevenue": 350800000,
        "grossProfit": 137000000,
        "grossProfitRatio": 0.2808528085,
        "researchAndDevelopmentExpenses": 5100000,
        "generalAndAdministrativeExpenses": 258400000,
        "sellingAndMarketingExpenses": -150000000,
        "sellingGeneralAndAdministrativeExpenses": 108400000,
        "otherExpenses": 0,
        "operatingExpenses": 113500000,
        "costAndExpenses": 464300000,
        "interestIncome": 0,
        "interestExpense": 7900000,
        "depreciationAndAmortization": 28100000,
        "ebitda": -96300000,
        "ebitdaratio": -0.1974169742,
        "operatingIncome": 23500000,
        "operatingIncomeRatio": 0.0481754818,
        "totalOtherIncomeExpensesNet": -155800000,
        "incomeBeforeTax": -132300000,
        "incomeBeforeTaxRatio": -0.2712177122,
        "incomeTaxExpense": 17000000,
        "netIncome": -149500000,
        "netIncomeRatio": -0.3064780648,
        "eps": -2.18,
        "epsdiluted": -2.18,
        "weightedAverageShsOut": 68704000,
        "weightedAverageShsOutDil": 68704000,
        "link": "https://www.sec.gov/Archives/edgar/data/746838/000074683824000013/0000746838-24-000013-index.htm",
        "finalLink": "https://www.sec.gov/Archives/edgar/data/746838/000074683824000013/uis-20240331.htm"
    },
    {
        "date": "2023-12-31",
        "symbol": "UIS",
        "reportedCurrency": "USD",
        "cik": "0000746838",
        "fillingDate": "2024-02-26",
        "acceptedDate": "2024-02-26 16:53:21",
        "calendarYear": "2023",
        "period": "Q4",
        "revenue": 557600000,
        "costOfRevenue": 376400000,
        "grossProfit": 181200000,
        "grossProfitRatio": 0.324964132,
        "researchAndDevelopmentExpenses": 8200000,
        "generalAndAdministrativeExpenses": -84000000,
        "sellingAndMarketingExpenses": 213000000,
        "sellingGeneralAndAdministrativeExpenses": 129000000,
        "otherExpenses": 0,
        "operatingExpenses": 137200000,
        "costAndExpenses": 513600000,
        "interestIncome": 0,
        "interestExpense": 7900000,
        "depreciationAndAmortization": 35400000,
        "ebitda": -97300000,
        "ebitdaratio": -0.1744978479,
        "operatingIncome": 44000000,
        "operatingIncomeRatio": 0.0789096126,
        "totalOtherIncomeExpensesNet": -184600000,
        "incomeBeforeTax": -140600000,
        "incomeBeforeTaxRatio": -0.2521520803,
        "incomeTaxExpense": 23600000,
        "netIncome": -165300000,
        "netIncomeRatio": -0.2964490674,
        "eps": -2.42,
        "epsdiluted": -2.42,
        "weightedAverageShsOut": 68402000,
        "weightedAverageShsOutDil": 68402000,
        "link": "https://www.sec.gov/Archives/edgar/data/746838/000074683824000005/0000746838-24-000005-index.htm",
        "finalLink": "https://www.sec.gov/Archives/edgar/data/746838/000074683824000005/uis-20231231.htm"
    },
    {
        "date": "2023-09-30",
        "symbol": "UIS",
        "reportedCurrency": "USD",
        "cik": "0000746838",
        "fillingDate": "2023-11-07",
        "acceptedDate": "2023-11-07 16:23:41",
        "calendarYear": "2023",
        "period": "Q3",
        "revenue": 464600000,
        "costOfRevenue": 369300000,
        "grossProfit": 95300000,
        "grossProfitRatio": 0.2051226862,
        "researchAndDevelopmentExpenses": 4300000,
        "generalAndAdministrativeExpenses": 108100000,
        "sellingAndMarketingExpenses": 0,
        "sellingGeneralAndAdministrativeExpenses": 108100000,
        "otherExpenses": -3600000,
        "operatingExpenses": 112400000,
        "costAndExpenses": 112400000,
        "interestIncome": 0,
        "interestExpense": 7800000,
        "depreciationAndAmortization": 35200000,
        "ebitda": 14500000,
        "ebitdaratio": 0.0312096427,
        "operatingIncome": -17100000,
        "operatingIncomeRatio": -0.0368058545,
        "totalOtherIncomeExpensesNet": -11400000,
        "incomeBeforeTax": -28500000,
        "incomeBeforeTaxRatio": -0.0613430908,
        "incomeTaxExpense": 20400000,
        "netIncome": -50000000,
        "netIncomeRatio": -0.1076194576,
        "eps": -0.73,
        "epsdiluted": -0.73,
        "weightedAverageShsOut": 68381000,
        "weightedAverageShsOutDil": 68381000,
        "link": "https://www.sec.gov/Archives/edgar/data/746838/000074683823000050/0000746838-23-000050-index.htm",
        "finalLink": "https://www.sec.gov/Archives/edgar/data/746838/000074683823000050/uis-20230930.htm"
    },
    {
        "date": "2023-06-30",
        "symbol": "UIS",
        "reportedCurrency": "USD",
        "cik": "0000746838",
        "fillingDate": "2023-08-02",
        "acceptedDate": "2023-08-02 16:17:37",
        "calendarYear": "2023",
        "period": "Q2",
        "revenue": 476800000,
        "costOfRevenue": 361000000,
        "grossProfit": 115800000,
        "grossProfitRatio": 0.2428691275,
        "researchAndDevelopmentExpenses": 5400000,
        "generalAndAdministrativeExpenses": 110300000,
        "sellingAndMarketingExpenses": 0,
        "sellingGeneralAndAdministrativeExpenses": 110300000,
        "otherExpenses": 0,
        "operatingExpenses": 115700000,
        "costAndExpenses": 476700000,
        "interestIncome": 0,
        "interestExpense": 7500000,
        "depreciationAndAmortization": 32300000,
        "ebitda": 100000,
        "ebitdaratio": 0.0002097315,
        "operatingIncome": 100000,
        "operatingIncomeRatio": 0.0002097315,
        "totalOtherIncomeExpensesNet": -24200000,
        "incomeBeforeTax": -24100000,
        "incomeBeforeTaxRatio": -0.050545302,
        "incomeTaxExpense": 15400000,
        "netIncome": -40000000,
        "netIncomeRatio": -0.0838926174,
        "eps": -0.59,
        "epsdiluted": -0.59,
        "weightedAverageShsOut": 68289000,
        "weightedAverageShsOutDil": 68289000,
        "link": "https://www.sec.gov/Archives/edgar/data/746838/000074683823000039/0000746838-23-000039-index.htm",
        "finalLink": "https://www.sec.gov/Archives/edgar/data/746838/000074683823000039/uis-20230630.htm"
    },
    {
        "date": "2023-03-31",
        "symbol": "UIS",
        "reportedCurrency": "USD",
        "cik": "0000746838",
        "fillingDate": "2023-05-02",
        "acceptedDate": "2023-05-02 16:43:12",
        "calendarYear": "2023",
        "period": "Q1",
        "revenue": 516400000,
        "costOfRevenue": 357400000,
        "grossProfit": 159000000,
        "grossProfitRatio": 0.3079008521,
        "researchAndDevelopmentExpenses": 6200000,
        "generalAndAdministrativeExpenses": 295800000,
        "sellingAndMarketingExpenses": 0,
        "sellingGeneralAndAdministrativeExpenses": 295800000,
        "otherExpenses": -192900000,
        "operatingExpenses": 109100000,
        "costAndExpenses": 466500000,
        "interestIncome": 0,
        "interestExpense": 7600000,
        "depreciationAndAmortization": 35900000,
        "ebitda": 52600000,
        "ebitdaratio": 0.101859024,
        "operatingIncome": 49900000,
        "operatingIncomeRatio": 0.096630519,
        "totalOtherIncomeExpensesNet": -204500000,
        "incomeBeforeTax": -154600000,
        "incomeBeforeTaxRatio": -0.2993803253,
        "incomeTaxExpense": 19900000,
        "netIncome": -175400000,
        "netIncomeRatio": -0.3396591789,
        "eps": -2.58,
        "epsdiluted": -2.58,
        "weightedAverageShsOut": 67984496,
        "weightedAverageShsOutDil": 67984496,
        "link": "https://www.sec.gov/Archives/edgar/data/746838/000074683823000019/0000746838-23-000019-index.htm",
        "finalLink": "https://www.sec.gov/Archives/edgar/data/746838/000074683823000019/uis-20230331.htm"
    },
    {
        "date": "2022-12-31",
        "symbol": "UIS",
        "reportedCurrency": "USD",
        "cik": "0000746838",
        "fillingDate": "2023-03-01",
        "acceptedDate": "2023-03-01 06:20:21",
        "calendarYear": "2022",
        "period": "Q4",
        "revenue": 557000000,
        "costOfRevenue": 367200000,
        "grossProfit": 189800000,
        "grossProfitRatio": 0.3407540395,
        "researchAndDevelopmentExpenses": 6900000,
        "generalAndAdministrativeExpenses": 112700000,
        "sellingAndMarketingExpenses": 8000000,
        "sellingGeneralAndAdministrativeExpenses": 120700000,
        "otherExpenses": -16200000,
        "operatingExpenses": 139800000,
        "costAndExpenses": 507000000,
        "interestIncome": 0,
        "interestExpense": 7800000,
        "depreciationAndAmortization": 55000000,
        "ebitda": 88800000,
        "ebitdaratio": 0.1594254937,
        "operatingIncome": 33800000,
        "operatingIncomeRatio": 0.0606822262,
        "totalOtherIncomeExpensesNet": -7800000,
        "incomeBeforeTax": 26000000,
        "incomeBeforeTaxRatio": 0.0466786355,
        "incomeTaxExpense": 17200000,
        "netIncome": 8500000,
        "netIncomeRatio": 0.0152603232,
        "eps": 0.13,
        "epsdiluted": 0.12,
        "weightedAverageShsOut": 67793000,
        "weightedAverageShsOutDil": 68124000,
        "link": "https://www.sec.gov/Archives/edgar/data/746838/000074683823000009/0000746838-23-000009-index.htm",
        "finalLink": "https://www.sec.gov/Archives/edgar/data/746838/000074683823000009/uis-20221231.htm"
    },
    {
        "date": "2022-09-30",
        "symbol": "UIS",
        "reportedCurrency": "USD",
        "cik": "0000746838",
        "fillingDate": "2022-11-23",
        "acceptedDate": "2022-11-23 16:42:59",
        "calendarYear": "2022",
        "period": "Q3",
        "revenue": 461200000,
        "costOfRevenue": 356900000,
        "grossProfit": 104300000,
        "grossProfitRatio": 0.2261491761,
        "researchAndDevelopmentExpenses": 6000000,
        "generalAndAdministrativeExpenses": 106300000,
        "sellingAndMarketingExpenses": 0,
        "sellingGeneralAndAdministrativeExpenses": 106300000,
        "otherExpenses": 0,
        "operatingExpenses": 112300000,
        "costAndExpenses": 469200000,
        "interestIncome": 0,
        "interestExpense": 7900000,
        "depreciationAndAmortization": 38400000,
        "ebitda": 43100000,
        "ebitdaratio": 0.0934518647,
        "operatingIncome": -8000000,
        "operatingIncomeRatio": -0.0173460538,
        "totalOtherIncomeExpensesNet": -31200000,
        "incomeBeforeTax": -39200000,
        "incomeBeforeTaxRatio": -0.0849956635,
        "incomeTaxExpense": 700000,
        "netIncome": -39900000,
        "netIncomeRatio": -0.0865134432,
        "eps": -0.59,
        "epsdiluted": -0.59,
        "weightedAverageShsOut": 67787000,
        "weightedAverageShsOutDil": 67787000,
        "link": "https://www.sec.gov/Archives/edgar/data/746838/000074683822000042/0000746838-22-000042-index.htm",
        "finalLink": "https://www.sec.gov/Archives/edgar/data/746838/000074683822000042/uis-20220930.htm"
    },
    {
        "date": "2022-06-30",
        "symbol": "UIS",
        "reportedCurrency": "USD",
        "cik": "0000746838",
        "fillingDate": "2022-11-23",
        "acceptedDate": "2022-11-23 16:39:59",
        "calendarYear": "2022",
        "period": "Q2",
        "revenue": 515000000,
        "costOfRevenue": 366900000,
        "grossProfit": 148100000,
        "grossProfitRatio": 0.2875728155,
        "researchAndDevelopmentExpenses": 4800000,
        "generalAndAdministrativeExpenses": 109600000,
        "sellingAndMarketingExpenses": 0,
        "sellingGeneralAndAdministrativeExpenses": 109600000,
        "otherExpenses": 7400000,
        "operatingExpenses": 121800000,
        "costAndExpenses": 488700000,
        "interestIncome": 0,
        "interestExpense": 8300000,
        "depreciationAndAmortization": 43200000,
        "ebitda": 55000000,
        "ebitdaratio": 0.1067961165,
        "operatingIncome": 14400000,
        "operatingIncomeRatio": 0.027961165,
        "totalOtherIncomeExpensesNet": -10900000,
        "incomeBeforeTax": 3500000,
        "incomeBeforeTaxRatio": 0.0067961165,
        "incomeTaxExpense": 20300000,
        "netIncome": -16800000,
        "netIncomeRatio": -0.0326213592,
        "eps": -0.25,
        "epsdiluted": -0.25,
        "weightedAverageShsOut": 67694000,
        "weightedAverageShsOutDil": 67694000,
        "link": "https://www.sec.gov/Archives/edgar/data/746838/000119312522292070/0001193125-22-292070-index.htm",
        "finalLink": "https://www.sec.gov/Archives/edgar/data/746838/000119312522292070/d423029d10qa.htm"
    },
    {
        "date": "2022-03-31",
        "symbol": "UIS",
        "reportedCurrency": "USD",
        "cik": "0000746838",
        "fillingDate": "2022-11-23",
        "acceptedDate": "2022-11-23 16:36:59",
        "calendarYear": "2022",
        "period": "Q1",
        "revenue": 446700000,
        "costOfRevenue": 359300000,
        "grossProfit": 87400000,
        "grossProfitRatio": 0.1956570405,
        "researchAndDevelopmentExpenses": 6500000,
        "generalAndAdministrativeExpenses": 104400000,
        "sellingAndMarketingExpenses": 0,
        "sellingGeneralAndAdministrativeExpenses": 104400000,
        "otherExpenses": 13500000,
        "operatingExpenses": 124400000,
        "costAndExpenses": 483700000,
        "interestIncome": 0,
        "interestExpense": 8400000,
        "depreciationAndAmortization": 46900000,
        "ebitda": -23500000,
        "ebitdaratio": -0.0526080143,
        "operatingIncome": -37000000,
        "operatingIncomeRatio": -0.0828296396,
        "totalOtherIncomeExpensesNet": -29400000,
        "incomeBeforeTax": -52900000,
        "incomeBeforeTaxRatio": -0.1184239982,
        "incomeTaxExpense": 4100000,
        "netIncome": -57000000,
        "netIncomeRatio": -0.1276024177,
        "eps": -0.85,
        "epsdiluted": -0.85,
        "weightedAverageShsOut": 67387000,
        "weightedAverageShsOutDil": 67387000,
        "link": "https://www.sec.gov/Archives/edgar/data/746838/000119312522292065/0001193125-22-292065-index.htm",
        "finalLink": "https://www.sec.gov/Archives/edgar/data/746838/000119312522292065/d423027d10qa.htm"
    },
    {
        "date": "2021-12-31",
        "symbol": "UIS",
        "reportedCurrency": "USD",
        "cik": "0000746838",
        "fillingDate": "2022-11-23",
        "acceptedDate": "2022-11-23 16:33:03",
        "calendarYear": "2021",
        "period": "Q4",
        "revenue": 539300000,
        "costOfRevenue": 375600000,
        "grossProfit": 163700000,
        "grossProfitRatio": 0.303541628,
        "researchAndDevelopmentExpenses": 9400000,
        "generalAndAdministrativeExpenses": 109800000,
        "sellingAndMarketingExpenses": 0,
        "sellingGeneralAndAdministrativeExpenses": 109800000,
        "otherExpenses": 0,
        "operatingExpenses": 119200000,
        "costAndExpenses": 494800000,
        "interestIncome": 0,
        "interestExpense": 8400000,
        "depreciationAndAmortization": 54300000,
        "ebitda": -46900000,
        "ebitdaratio": -0.0869645837,
        "operatingIncome": 44500000,
        "operatingIncomeRatio": 0.0825143705,
        "totalOtherIncomeExpensesNet": -21700000,
        "incomeBeforeTax": -109600000,
        "incomeBeforeTaxRatio": -0.2032264046,
        "incomeTaxExpense": 21900000,
        "netIncome": -131200000,
        "netIncomeRatio": -0.2432783238,
        "eps": -1.96,
        "epsdiluted": -1.95,
        "weightedAverageShsOut": 67071069,
        "weightedAverageShsOutDil": 67170000,
        "link": "https://www.sec.gov/Archives/edgar/data/746838/000119312522292053/0001193125-22-292053-index.htm",
        "finalLink": "https://www.sec.gov/Archives/edgar/data/746838/000119312522292053/d119101d10ka.htm"
    },
    {
        "date": "2021-09-30",
        "symbol": "UIS",
        "reportedCurrency": "USD",
        "cik": "0000746838",
        "fillingDate": "2021-11-02",
        "acceptedDate": "2021-11-02 16:34:32",
        "calendarYear": "2021",
        "period": "Q3",
        "revenue": 488000000,
        "costOfRevenue": 361100000,
        "grossProfit": 126900000,
        "grossProfitRatio": 0.2600409836,
        "researchAndDevelopmentExpenses": 6700000,
        "generalAndAdministrativeExpenses": 95100000,
        "sellingAndMarketingExpenses": 0,
        "sellingGeneralAndAdministrativeExpenses": 95100000,
        "otherExpenses": -12200000,
        "operatingExpenses": 111700000,
        "costAndExpenses": 472800000,
        "interestIncome": 0,
        "interestExpense": 8500000,
        "depreciationAndAmortization": 43300000,
        "ebitda": 44200000,
        "ebitdaratio": 0.0905737705,
        "operatingIncome": 25100000,
        "operatingIncomeRatio": 0.0514344262,
        "totalOtherIncomeExpensesNet": -32700000,
        "incomeBeforeTax": -7600000,
        "incomeBeforeTaxRatio": -0.0155737705,
        "incomeTaxExpense": 10900000,
        "netIncome": -18700000,
        "netIncomeRatio": -0.0383196721,
        "eps": -0.28,
        "epsdiluted": -0.28,
        "weightedAverageShsOut": 66785714,
        "weightedAverageShsOutDil": 67131000,
        "link": "https://www.sec.gov/Archives/edgar/data/746838/000074683821000085/0000746838-21-000085-index.htm",
        "finalLink": "https://www.sec.gov/Archives/edgar/data/746838/000074683821000085/uis-20210930.htm"
    },
    {
        "date": "2021-06-30",
        "symbol": "UIS",
        "reportedCurrency": "USD",
        "cik": "0000746838",
        "fillingDate": "2021-08-02",
        "acceptedDate": "2021-08-02 16:34:29",
        "calendarYear": "2021",
        "period": "Q2",
        "revenue": 517300000,
        "costOfRevenue": 375100000,
        "grossProfit": 142200000,
        "grossProfitRatio": 0.2748888459,
        "researchAndDevelopmentExpenses": 6800000,
        "generalAndAdministrativeExpenses": 94600000,
        "sellingAndMarketingExpenses": 0,
        "sellingGeneralAndAdministrativeExpenses": 94600000,
        "otherExpenses": -225100000,
        "operatingExpenses": 106100000,
        "costAndExpenses": 481200000,
        "interestIncome": 0,
        "interestExpense": 8400000,
        "depreciationAndAmortization": 44100000,
        "ebitda": -142900000,
        "ebitdaratio": -0.2762420259,
        "operatingIncome": 40800000,
        "operatingIncomeRatio": 0.0788710613,
        "totalOtherIncomeExpensesNet": -236200000,
        "incomeBeforeTax": -195400000,
        "incomeBeforeTaxRatio": -0.3777305239,
        "incomeTaxExpense": -53100000,
        "netIncome": -140800000,
        "netIncomeRatio": -0.272182486,
        "eps": -2.1,
        "epsdiluted": -2.1,
        "weightedAverageShsOut": 67047619,
        "weightedAverageShsOutDil": 67080000,
        "link": "https://www.sec.gov/Archives/edgar/data/746838/000074683821000075/0000746838-21-000075-index.htm",
        "finalLink": "https://www.sec.gov/Archives/edgar/data/746838/000074683821000075/uis-20210630.htm"
    },
    {
        "date": "2021-03-31",
        "symbol": "UIS",
        "reportedCurrency": "USD",
        "cik": "0000746838",
        "fillingDate": "2021-05-06",
        "acceptedDate": "2021-05-06 16:15:27",
        "calendarYear": "2021",
        "period": "Q1",
        "revenue": 509800000,
        "costOfRevenue": 370600000,
        "grossProfit": 139200000,
        "grossProfitRatio": 0.2730482542,
        "researchAndDevelopmentExpenses": 5600000,
        "generalAndAdministrativeExpenses": 90000000,
        "sellingAndMarketingExpenses": 0,
        "sellingGeneralAndAdministrativeExpenses": 90000000,
        "otherExpenses": 0,
        "operatingExpenses": 95600000,
        "costAndExpenses": 466200000,
        "interestIncome": 0,
        "interestExpense": 10100000,
        "depreciationAndAmortization": 39200000,
        "ebitda": -99800000,
        "ebitdaratio": -0.1957630443,
        "operatingIncome": 43600000,
        "operatingIncomeRatio": 0.0855237348,
        "totalOtherIncomeExpensesNet": -192700000,
        "incomeBeforeTax": -149100000,
        "incomeBeforeTaxRatio": -0.2924676344,
        "incomeTaxExpense": 8400000,
        "netIncome": -157800000,
        "netIncomeRatio": -0.3095331503,
        "eps": -2.45,
        "epsdiluted": -2.45,
        "weightedAverageShsOut": 64408163,
        "weightedAverageShsOutDil": 64423000,
        "link": "https://www.sec.gov/Archives/edgar/data/746838/000074683821000053/0000746838-21-000053-index.htm",
        "finalLink": "https://www.sec.gov/Archives/edgar/data/746838/000074683821000053/uis-20210331.htm"
    },
    {
        "date": "2020-12-31",
        "symbol": "UIS",
        "reportedCurrency": "USD",
        "cik": "0000746838",
        "fillingDate": "2021-02-26",
        "acceptedDate": "2021-02-26 08:28:43",
        "calendarYear": "2020",
        "period": "Q4",
        "revenue": 576900000,
        "costOfRevenue": 401800000,
        "grossProfit": 175100000,
        "grossProfitRatio": 0.3035188074,
        "researchAndDevelopmentExpenses": 10500000,
        "generalAndAdministrativeExpenses": 116900000,
        "sellingAndMarketingExpenses": 0,
        "sellingGeneralAndAdministrativeExpenses": 116900000,
        "otherExpenses": 0,
        "operatingExpenses": 127400000,
        "costAndExpenses": 529200000,
        "interestIncome": 0,
        "interestExpense": 8300000,
        "depreciationAndAmortization": 23000000,
        "ebitda": -107700000,
        "ebitdaratio": -0.1866874675,
        "operatingIncome": 47700000,
        "operatingIncomeRatio": 0.0826833073,
        "totalOtherIncomeExpensesNet": -70400000,
        "incomeBeforeTax": -155900000,
        "incomeBeforeTaxRatio": -0.2702374762,
        "incomeTaxExpense": 18800000,
        "netIncome": -173100000,
        "netIncomeRatio": -0.3000520021,
        "eps": -2.75,
        "epsdiluted": -2.75,
        "weightedAverageShsOut": 63037000,
        "weightedAverageShsOutDil": 63038000,
        "link": "https://www.sec.gov/Archives/edgar/data/746838/000074683821000014/0000746838-21-000014-index.htm",
        "finalLink": "https://www.sec.gov/Archives/edgar/data/746838/000074683821000014/uis-20201231.htm"
    },
    {
        "date": "2020-09-30",
        "symbol": "UIS",
        "reportedCurrency": "USD",
        "cik": "0000746838",
        "fillingDate": "2020-10-27",
        "acceptedDate": "2020-10-27 06:50:23",
        "calendarYear": "2020",
        "period": "Q3",
        "revenue": 495200000,
        "costOfRevenue": 375300000,
        "grossProfit": 119900000,
        "grossProfitRatio": 0.2421243942,
        "researchAndDevelopmentExpenses": 6700000,
        "generalAndAdministrativeExpenses": 85500000,
        "sellingAndMarketingExpenses": 0,
        "sellingGeneralAndAdministrativeExpenses": 85500000,
        "otherExpenses": 0,
        "operatingExpenses": 92200000,
        "costAndExpenses": 467500000,
        "interestIncome": 0,
        "interestExpense": 2400000,
        "depreciationAndAmortization": 20600000,
        "ebitda": 27700000,
        "ebitdaratio": 0.0559369952,
        "operatingIncome": 27700000,
        "operatingIncomeRatio": 0.0559369952,
        "totalOtherIncomeExpensesNet": -34900000,
        "incomeBeforeTax": -7200000,
        "incomeBeforeTaxRatio": -0.01453958,
        "incomeTaxExpense": 6100000,
        "netIncome": -12900000,
        "netIncomeRatio": -0.0260500808,
        "eps": -0.2,
        "epsdiluted": -0.2,
        "weightedAverageShsOut": 63032000,
        "weightedAverageShsOutDil": 63032000,
        "link": "https://www.sec.gov/Archives/edgar/data/746838/000074683820000144/0000746838-20-000144-index.htm",
        "finalLink": "https://www.sec.gov/Archives/edgar/data/746838/000074683820000144/uis-20200930.htm"
    },
    {
        "date": "2020-06-30",
        "symbol": "UIS",
        "reportedCurrency": "USD",
        "cik": "0000746838",
        "fillingDate": "2020-08-04",
        "acceptedDate": "2020-08-04 16:13:25",
        "calendarYear": "2020",
        "period": "Q2",
        "revenue": 438800000,
        "costOfRevenue": 363900000,
        "grossProfit": 74900000,
        "grossProfitRatio": 0.1706927985,
        "researchAndDevelopmentExpenses": 3200000,
        "generalAndAdministrativeExpenses": 80200000,
        "sellingAndMarketingExpenses": 0,
        "sellingGeneralAndAdministrativeExpenses": 80200000,
        "otherExpenses": 0,
        "operatingExpenses": 83400000,
        "costAndExpenses": 447300000,
        "interestIncome": 0,
        "interestExpense": 4600000,
        "depreciationAndAmortization": 29800000,
        "ebitda": -8500000,
        "ebitdaratio": -0.0193710119,
        "operatingIncome": -8500000,
        "operatingIncomeRatio": -0.0193710119,
        "totalOtherIncomeExpensesNet": -58300000,
        "incomeBeforeTax": -66800000,
        "incomeBeforeTaxRatio": -0.1522333637,
        "incomeTaxExpense": 9700000,
        "netIncome": -78600000,
        "netIncomeRatio": -0.1791248861,
        "eps": -1.25,
        "epsdiluted": -1.25,
        "weightedAverageShsOut": 63010000,
        "weightedAverageShsOutDil": 63010000,
        "link": "https://www.sec.gov/Archives/edgar/data/746838/000074683820000122/0000746838-20-000122-index.htm",
        "finalLink": "https://www.sec.gov/Archives/edgar/data/746838/000074683820000122/q2202010-q.htm"
    },
    {
        "date": "2020-03-31",
        "symbol": "UIS",
        "reportedCurrency": "USD",
        "cik": "0000746838",
        "fillingDate": "2020-04-28",
        "acceptedDate": "2020-04-28 16:15:07",
        "calendarYear": "2020",
        "period": "Q1",
        "revenue": 515400000,
        "costOfRevenue": 402300000,
        "grossProfit": 113100000,
        "grossProfitRatio": 0.2194412107,
        "researchAndDevelopmentExpenses": 6200000,
        "generalAndAdministrativeExpenses": 86800000,
        "sellingAndMarketingExpenses": 0,
        "sellingGeneralAndAdministrativeExpenses": 86800000,
        "otherExpenses": 0,
        "operatingExpenses": 93000000,
        "costAndExpenses": 495300000,
        "interestIncome": 0,
        "interestExpense": 13900000,
        "depreciationAndAmortization": 21800000,
        "ebitda": 9800000,
        "ebitdaratio": 0.0190143578,
        "operatingIncome": 20100000,
        "operatingIncomeRatio": 0.0389988359,
        "totalOtherIncomeExpensesNet": -62000000,
        "incomeBeforeTax": -41900000,
        "incomeBeforeTaxRatio": -0.0812960807,
        "incomeTaxExpense": 10800000,
        "netIncome": 1015300000,
        "netIncomeRatio": 1.9699262709,
        "eps": 16.21,
        "epsdiluted": 16.21,
        "weightedAverageShsOut": 62588235,
        "weightedAverageShsOutDil": 62650000,
        "link": "https://www.sec.gov/Archives/edgar/data/746838/000074683820000102/0000746838-20-000102-index.htm",
        "finalLink": "https://www.sec.gov/Archives/edgar/data/746838/000074683820000102/q1202010-q.htm"
    },
    {
        "date": "2019-12-31",
        "symbol": "UIS",
        "reportedCurrency": "USD",
        "cik": "0000746838",
        "fillingDate": "2020-02-28",
        "acceptedDate": "2020-02-28 16:31:38",
        "calendarYear": "2019",
        "period": "Q4",
        "revenue": 741500000,
        "costOfRevenue": 591300000,
        "grossProfit": 150200000,
        "grossProfitRatio": 0.2025623736,
        "researchAndDevelopmentExpenses": 9200000,
        "generalAndAdministrativeExpenses": 103600000,
        "sellingAndMarketingExpenses": 0,
        "sellingGeneralAndAdministrativeExpenses": 103600000,
        "otherExpenses": 0,
        "operatingExpenses": 112800000,
        "costAndExpenses": 704100000,
        "interestIncome": 0,
        "interestExpense": 15200000,
        "depreciationAndAmortization": 21900000,
        "ebitda": 31400000,
        "ebitdaratio": 0.0423465947,
        "operatingIncome": 37400000,
        "operatingIncomeRatio": 0.0504383007,
        "totalOtherIncomeExpensesNet": -15000000,
        "incomeBeforeTax": -5700000,
        "incomeBeforeTaxRatio": -0.0076871207,
        "incomeTaxExpense": 11200000,
        "netIncome": -10800000,
        "netIncomeRatio": -0.0145650708,
        "eps": -0.17,
        "epsdiluted": -0.17,
        "weightedAverageShsOut": 62397000,
        "weightedAverageShsOutDil": 62397000,
        "link": "https://www.sec.gov/Archives/edgar/data/746838/000074683820000059/0000746838-20-000059-index.htm",
        "finalLink": "https://www.sec.gov/Archives/edgar/data/746838/000074683820000059/a2019uis10-k.htm"
    },
    {
        "date": "2019-09-30",
        "symbol": "UIS",
        "reportedCurrency": "USD",
        "cik": "0000746838",
        "fillingDate": "2019-10-30",
        "acceptedDate": "2019-10-29 20:14:18",
        "calendarYear": "2019",
        "period": "Q3",
        "revenue": 757600000,
        "costOfRevenue": 585200000,
        "grossProfit": 172400000,
        "grossProfitRatio": 0.2275607181,
        "researchAndDevelopmentExpenses": 5900000,
        "generalAndAdministrativeExpenses": 95600000,
        "sellingAndMarketingExpenses": 0,
        "sellingGeneralAndAdministrativeExpenses": 95600000,
        "otherExpenses": 0,
        "operatingExpenses": 101500000,
        "costAndExpenses": 686700000,
        "interestIncome": 0,
        "interestExpense": 15200000,
        "depreciationAndAmortization": 22300000,
        "ebitda": 59600000,
        "ebitdaratio": 0.0786694826,
        "operatingIncome": 70900000,
        "operatingIncomeRatio": 0.0935850053,
        "totalOtherIncomeExpensesNet": -19600000,
        "incomeBeforeTax": 6500000,
        "incomeBeforeTaxRatio": 0.0085797254,
        "incomeTaxExpense": 15900000,
        "netIncome": -13200000,
        "netIncomeRatio": -0.0174234424,
        "eps": -0.23,
        "epsdiluted": -0.23,
        "weightedAverageShsOut": 58245000,
        "weightedAverageShsOutDil": 58245000,
        "link": "https://www.sec.gov/Archives/edgar/data/746838/000074683819000100/0000746838-19-000100-index.htm",
        "finalLink": "https://www.sec.gov/Archives/edgar/data/746838/000074683819000100/q3201910-q.htm"
    },
    {
        "date": "2019-06-30",
        "symbol": "UIS",
        "reportedCurrency": "USD",
        "cik": "0000746838",
        "fillingDate": "2019-07-30",
        "acceptedDate": "2019-07-30 16:30:44",
        "calendarYear": "2019",
        "period": "Q2",
        "revenue": 753800000,
        "costOfRevenue": 559900000,
        "grossProfit": 193900000,
        "grossProfitRatio": 0.2572300345,
        "researchAndDevelopmentExpenses": 7200000,
        "generalAndAdministrativeExpenses": 99700000,
        "sellingAndMarketingExpenses": 0,
        "sellingGeneralAndAdministrativeExpenses": 99700000,
        "otherExpenses": 0,
        "operatingExpenses": 106900000,
        "costAndExpenses": 666800000,
        "interestIncome": 0,
        "interestExpense": 16200000,
        "depreciationAndAmortization": 20700000,
        "ebitda": 94700000,
        "ebitdaratio": 0.1256301406,
        "operatingIncome": 87000000,
        "operatingIncomeRatio": 0.1154152295,
        "totalOtherIncomeExpensesNet": 9100000,
        "incomeBeforeTax": 41900000,
        "incomeBeforeTaxRatio": 0.0555850358,
        "incomeTaxExpense": 12100000,
        "netIncome": 26200000,
        "netIncomeRatio": 0.03475723,
        "eps": 0.51,
        "epsdiluted": 0.5,
        "weightedAverageShsOut": 51782000,
        "weightedAverageShsOutDil": 52110000,
        "link": "https://www.sec.gov/Archives/edgar/data/746838/000074683819000087/0000746838-19-000087-index.htm",
        "finalLink": "https://www.sec.gov/Archives/edgar/data/746838/000074683819000087/q2201910-q.htm"
    },
    {
        "date": "2019-03-31",
        "symbol": "UIS",
        "reportedCurrency": "USD",
        "cik": "0000746838",
        "fillingDate": "2019-05-03",
        "acceptedDate": "2019-05-03 13:58:32",
        "calendarYear": "2019",
        "period": "Q1",
        "revenue": 695800000,
        "costOfRevenue": 545900000,
        "grossProfit": 149900000,
        "grossProfitRatio": 0.21543547,
        "researchAndDevelopmentExpenses": 9000000,
        "generalAndAdministrativeExpenses": 98000000,
        "sellingAndMarketingExpenses": 0,
        "sellingGeneralAndAdministrativeExpenses": 98000000,
        "otherExpenses": 0,
        "operatingExpenses": 107000000,
        "costAndExpenses": 652900000,
        "interestIncome": 0,
        "interestExpense": 15500000,
        "depreciationAndAmortization": 18700000,
        "ebitda": 47000000,
        "ebitdaratio": 0.067548146,
        "operatingIncome": 42900000,
        "operatingIncomeRatio": 0.0616556482,
        "totalOtherIncomeExpensesNet": -8100000,
        "incomeBeforeTax": -3000000,
        "incomeBeforeTaxRatio": -0.0043115838,
        "incomeTaxExpense": 13800000,
        "netIncome": -19400000,
        "netIncomeRatio": -0.0278815752,
        "eps": -0.38,
        "epsdiluted": -0.38,
        "weightedAverageShsOut": 51093750,
        "weightedAverageShsOutDil": 51418000,
        "link": "https://www.sec.gov/Archives/edgar/data/746838/000074683819000066/0000746838-19-000066-index.htm",
        "finalLink": "https://www.sec.gov/Archives/edgar/data/746838/000074683819000066/q1201910-q.htm"
    },
    {
        "date": "2018-12-31",
        "symbol": "UIS",
        "reportedCurrency": "USD",
        "cik": "0000746838",
        "fillingDate": "2019-03-04",
        "acceptedDate": "2019-03-04 16:07:00",
        "calendarYear": "2018",
        "period": "Q4",
        "revenue": 760900000,
        "costOfRevenue": 582500000,
        "grossProfit": 178400000,
        "grossProfitRatio": 0.2344591931,
        "researchAndDevelopmentExpenses": 10100000,
        "generalAndAdministrativeExpenses": 95800000,
        "sellingAndMarketingExpenses": 0,
        "sellingGeneralAndAdministrativeExpenses": 95800000,
        "otherExpenses": 0,
        "operatingExpenses": 105900000,
        "costAndExpenses": 688400000,
        "interestIncome": 0,
        "interestExpense": 15800000,
        "depreciationAndAmortization": 23300000,
        "ebitda": 95300000,
        "ebitdaratio": 0.1252464187,
        "operatingIncome": 72500000,
        "operatingIncomeRatio": 0.095281903,
        "totalOtherIncomeExpensesNet": -34400000,
        "incomeBeforeTax": 38100000,
        "incomeBeforeTaxRatio": 0.0500722828,
        "incomeTaxExpense": 13900000,
        "netIncome": 25000000,
        "netIncomeRatio": 0.0328558286,
        "eps": 0.49,
        "epsdiluted": 0.41,
        "weightedAverageShsOut": 51028000,
        "weightedAverageShsOutDil": 51602500,
        "link": "https://www.sec.gov/Archives/edgar/data/746838/000074683819000051/0000746838-19-000051-index.htm",
        "finalLink": "https://www.sec.gov/Archives/edgar/data/746838/000074683819000051/a2018uis10-k.htm"
    },
    {
        "date": "2018-09-30",
        "symbol": "UIS",
        "reportedCurrency": "USD",
        "cik": "0000746838",
        "fillingDate": "2018-11-09",
        "acceptedDate": "2018-11-08 18:18:23",
        "calendarYear": "2018",
        "period": "Q3",
        "revenue": 688300000,
        "costOfRevenue": 534500000,
        "grossProfit": 153800000,
        "grossProfitRatio": 0.2234490774,
        "researchAndDevelopmentExpenses": 7100000,
        "generalAndAdministrativeExpenses": 90900000,
        "sellingAndMarketingExpenses": 0,
        "sellingGeneralAndAdministrativeExpenses": 90900000,
        "otherExpenses": 0,
        "operatingExpenses": 98000000,
        "costAndExpenses": 632500000,
        "interestIncome": 0,
        "interestExpense": 15900000,
        "depreciationAndAmortization": 23800000,
        "ebitda": 78700000,
        "ebitdaratio": 0.1143396775,
        "operatingIncome": 55800000,
        "operatingIncomeRatio": 0.0810693012,
        "totalOtherIncomeExpensesNet": -33600000,
        "incomeBeforeTax": 22200000,
        "incomeBeforeTaxRatio": 0.0322533779,
        "incomeTaxExpense": 15200000,
        "netIncome": 6100000,
        "netIncomeRatio": 0.0088624146,
        "eps": 0.12,
        "epsdiluted": 0.12,
        "weightedAverageShsOut": 51021000,
        "weightedAverageShsOutDil": 51718000,
        "link": "https://www.sec.gov/Archives/edgar/data/746838/000074683818000043/0000746838-18-000043-index.htm",
        "finalLink": "https://www.sec.gov/Archives/edgar/data/746838/000074683818000043/q3201810-q.htm"
    },
    {
        "date": "2018-06-30",
        "symbol": "UIS",
        "reportedCurrency": "USD",
        "cik": "0000746838",
        "fillingDate": "2018-08-01",
        "acceptedDate": "2018-08-01 13:24:14",
        "calendarYear": "2018",
        "period": "Q2",
        "revenue": 667400000,
        "costOfRevenue": 514500000,
        "grossProfit": 152900000,
        "grossProfitRatio": 0.2290979922,
        "researchAndDevelopmentExpenses": 6200000,
        "generalAndAdministrativeExpenses": 92700000,
        "sellingAndMarketingExpenses": 0,
        "sellingGeneralAndAdministrativeExpenses": 92700000,
        "otherExpenses": 0,
        "operatingExpenses": 98900000,
        "costAndExpenses": 613400000,
        "interestIncome": 0,
        "interestExpense": 15700000,
        "depreciationAndAmortization": 24300000,
        "ebitda": 76100000,
        "ebitdaratio": 0.114024573,
        "operatingIncome": 54000000,
        "operatingIncomeRatio": 0.0809109979,
        "totalOtherIncomeExpensesNet": -33700000,
        "incomeBeforeTax": 20300000,
        "incomeBeforeTaxRatio": 0.0304165418,
        "incomeTaxExpense": 14300000,
        "netIncome": 3800000,
        "netIncomeRatio": 0.0056937369,
        "eps": 0.07,
        "epsdiluted": 0.07,
        "weightedAverageShsOut": 50986000,
        "weightedAverageShsOutDil": 51398000,
        "link": "https://www.sec.gov/Archives/edgar/data/746838/000074683818000030/0000746838-18-000030-index.htm",
        "finalLink": "https://www.sec.gov/Archives/edgar/data/746838/000074683818000030/q2201810-q.htm"
    },
    {
        "date": "2018-03-31",
        "symbol": "UIS",
        "reportedCurrency": "USD",
        "cik": "0000746838",
        "fillingDate": "2018-05-02",
        "acceptedDate": "2018-05-02 13:35:26",
        "calendarYear": "2018",
        "period": "Q1",
        "revenue": 708400000,
        "costOfRevenue": 507200000,
        "grossProfit": 201200000,
        "grossProfitRatio": 0.2840203275,
        "researchAndDevelopmentExpenses": 8500000,
        "generalAndAdministrativeExpenses": 90900000,
        "sellingAndMarketingExpenses": 0,
        "sellingGeneralAndAdministrativeExpenses": 90900000,
        "otherExpenses": 0,
        "operatingExpenses": 99400000,
        "costAndExpenses": 606600000,
        "interestIncome": 0,
        "interestExpense": 16600000,
        "depreciationAndAmortization": 25900000,
        "ebitda": 121200000,
        "ebitdaratio": 0.1710897798,
        "operatingIncome": 101800000,
        "operatingIncomeRatio": 0.143704122,
        "totalOtherIncomeExpensesNet": -39200000,
        "incomeBeforeTax": 62600000,
        "incomeBeforeTaxRatio": 0.0883681536,
        "incomeTaxExpense": 20900000,
        "netIncome": 40600000,
        "netIncomeRatio": 0.057312253,
        "eps": 0.8,
        "epsdiluted": 0.62,
        "weightedAverageShsOut": 50748000,
        "weightedAverageShsOutDil": 72943000,
        "link": "https://www.sec.gov/Archives/edgar/data/746838/000074683818000018/0000746838-18-000018-index.htm",
        "finalLink": "https://www.sec.gov/Archives/edgar/data/746838/000074683818000018/q1201810-q.htm"
    },
    {
        "date": "2017-12-31",
        "symbol": "UIS",
        "reportedCurrency": "USD",
        "cik": "0000746838",
        "fillingDate": "2018-03-12",
        "acceptedDate": "2018-03-12 15:47:23",
        "calendarYear": "2017",
        "period": "Q4",
        "revenue": 746600000,
        "costOfRevenue": 576400000,
        "grossProfit": 170200000,
        "grossProfitRatio": 0.2279667827,
        "researchAndDevelopmentExpenses": 9500000,
        "generalAndAdministrativeExpenses": 100900000,
        "sellingAndMarketingExpenses": 0,
        "sellingGeneralAndAdministrativeExpenses": 100900000,
        "otherExpenses": 0,
        "operatingExpenses": 110400000,
        "costAndExpenses": 686800000,
        "interestIncome": 0,
        "interestExpense": 16400000,
        "depreciationAndAmortization": 26100000,
        "ebitda": 69900000,
        "ebitdaratio": 0.0936244308,
        "operatingIncome": 59800000,
        "operatingIncomeRatio": 0.0800964372,
        "totalOtherIncomeExpensesNet": -31700000,
        "incomeBeforeTax": 28200000,
        "incomeBeforeTaxRatio": 0.0377712296,
        "incomeTaxExpense": -27000000,
        "netIncome": 51200000,
        "netIncomeRatio": 0.0685775516,
        "eps": 1.01,
        "epsdiluted": 0.77,
        "weightedAverageShsOut": 50475000,
        "weightedAverageShsOutDil": 50440000,
        "link": "https://www.sec.gov/Archives/edgar/data/746838/000074683818000009/0000746838-18-000009-index.htm",
        "finalLink": "https://www.sec.gov/Archives/edgar/data/746838/000074683818000009/a2017uis10-k.htm"
    },
    {
        "date": "2017-09-30",
        "symbol": "UIS",
        "reportedCurrency": "USD",
        "cik": "0000746838",
        "fillingDate": "2017-10-31",
        "acceptedDate": "2017-10-31 16:15:37",
        "calendarYear": "2017",
        "period": "Q3",
        "revenue": 666300000,
        "costOfRevenue": 580200000,
        "grossProfit": 86100000,
        "grossProfitRatio": 0.1292210716,
        "researchAndDevelopmentExpenses": 10800000,
        "generalAndAdministrativeExpenses": 102300000,
        "sellingAndMarketingExpenses": 0,
        "sellingGeneralAndAdministrativeExpenses": 102300000,
        "otherExpenses": 0,
        "operatingExpenses": 113100000,
        "costAndExpenses": 693300000,
        "interestIncome": 0,
        "interestExpense": 16400000,
        "depreciationAndAmortization": 25100000,
        "ebitda": 1100000,
        "ebitdaratio": 0.001650908,
        "operatingIncome": -27000000,
        "operatingIncomeRatio": -0.0405222873,
        "totalOtherIncomeExpensesNet": -13400000,
        "incomeBeforeTax": -40400000,
        "incomeBeforeTaxRatio": -0.0606333483,
        "incomeTaxExpense": 12500000,
        "netIncome": -41100000,
        "netIncomeRatio": -0.0616839262,
        "eps": -0.81,
        "epsdiluted": -0.81,
        "weightedAverageShsOut": 50471000,
        "weightedAverageShsOutDil": 50471000,
        "link": "https://www.sec.gov/Archives/edgar/data/746838/000074683817000060/0000746838-17-000060-index.htm",
        "finalLink": "https://www.sec.gov/Archives/edgar/data/746838/000074683817000060/q3201710-q.htm"
    },
    {
        "date": "2017-06-30",
        "symbol": "UIS",
        "reportedCurrency": "USD",
        "cik": "0000746838",
        "fillingDate": "2017-08-02",
        "acceptedDate": "2017-08-02 14:04:02",
        "calendarYear": "2017",
        "period": "Q2",
        "revenue": 666200000,
        "costOfRevenue": 563700000,
        "grossProfit": 102500000,
        "grossProfitRatio": 0.1538577004,
        "researchAndDevelopmentExpenses": 13100000,
        "generalAndAdministrativeExpenses": 114200000,
        "sellingAndMarketingExpenses": 0,
        "sellingGeneralAndAdministrativeExpenses": 114200000,
        "otherExpenses": 0,
        "operatingExpenses": 127300000,
        "costAndExpenses": 691000000,
        "interestIncome": 0,
        "interestExpense": 14300000,
        "depreciationAndAmortization": 25800000,
        "ebitda": -24800000,
        "ebitdaratio": -0.0372260582,
        "operatingIncome": -24800000,
        "operatingIncomeRatio": -0.0372260582,
        "totalOtherIncomeExpensesNet": -17500000,
        "incomeBeforeTax": -42300000,
        "incomeBeforeTaxRatio": -0.0634944461,
        "incomeTaxExpense": -3800000,
        "netIncome": -42000000,
        "netIncomeRatio": -0.0630441309,
        "eps": -0.83,
        "epsdiluted": -0.83,
        "weightedAverageShsOut": 50437000,
        "weightedAverageShsOutDil": 50437000,
        "link": "https://www.sec.gov/Archives/edgar/data/746838/000074683817000049/0000746838-17-000049-index.htm",
        "finalLink": "https://www.sec.gov/Archives/edgar/data/746838/000074683817000049/q2201710-q.htm"
    },
    {
        "date": "2017-03-31",
        "symbol": "UIS",
        "reportedCurrency": "USD",
        "cik": "0000746838",
        "fillingDate": "2017-04-28",
        "acceptedDate": "2017-04-28 10:53:22",
        "calendarYear": "2017",
        "period": "Q1",
        "revenue": 664500000,
        "costOfRevenue": 544300000,
        "grossProfit": 120200000,
        "grossProfitRatio": 0.1808878856,
        "researchAndDevelopmentExpenses": 13800000,
        "generalAndAdministrativeExpenses": 109100000,
        "sellingAndMarketingExpenses": 0,
        "sellingGeneralAndAdministrativeExpenses": 109100000,
        "otherExpenses": 0,
        "operatingExpenses": 122900000,
        "costAndExpenses": 667200000,
        "interestIncome": 0,
        "interestExpense": 5700000,
        "depreciationAndAmortization": 25800000,
        "ebitda": 0,
        "ebitdaratio": 0,
        "operatingIncome": -2700000,
        "operatingIncomeRatio": -0.0040632054,
        "totalOtherIncomeExpensesNet": -14100000,
        "incomeBeforeTax": -16800000,
        "incomeBeforeTaxRatio": -0.025282167,
        "incomeTaxExpense": 12900000,
        "netIncome": -32700000,
        "netIncomeRatio": -0.0492099323,
        "eps": -0.65,
        "epsdiluted": -0.65,
        "weightedAverageShsOut": 50256000,
        "weightedAverageShsOutDil": 50256000,
        "link": "https://www.sec.gov/Archives/edgar/data/746838/000074683817000027/0000746838-17-000027-index.htm",
        "finalLink": "https://www.sec.gov/Archives/edgar/data/746838/000074683817000027/q1201710-q.htm"
    },
    {
        "date": "2016-12-31",
        "symbol": "UIS",
        "reportedCurrency": "USD",
        "cik": "0000746838",
        "fillingDate": "2017-02-21",
        "acceptedDate": "2017-02-21 10:59:59",
        "calendarYear": "2016",
        "period": "Q4",
        "revenue": 721700000,
        "costOfRevenue": 561500000,
        "grossProfit": 160200000,
        "grossProfitRatio": 0.2219758903,
        "researchAndDevelopmentExpenses": 14900000,
        "generalAndAdministrativeExpenses": 109800000,
        "sellingAndMarketingExpenses": 0,
        "sellingGeneralAndAdministrativeExpenses": 109800000,
        "otherExpenses": 0,
        "operatingExpenses": 124700000,
        "costAndExpenses": 686200000,
        "interestIncome": 0,
        "interestExpense": 7500000,
        "depreciationAndAmortization": 27100000,
        "ebitda": 71400000,
        "ebitdaratio": 0.0989330747,
        "operatingIncome": 35500000,
        "operatingIncomeRatio": 0.0491894139,
        "totalOtherIncomeExpensesNet": -10900000,
        "incomeBeforeTax": 24600000,
        "incomeBeforeTaxRatio": 0.0340861854,
        "incomeTaxExpense": 23000000,
        "netIncome": -1200000,
        "netIncomeRatio": -0.0016627408,
        "eps": -0.024,
        "epsdiluted": -0.024,
        "weightedAverageShsOut": 50085000,
        "weightedAverageShsOutDil": 50085000,
        "link": "https://www.sec.gov/Archives/edgar/data/746838/000074683817000008/0000746838-17-000008-index.htm",
        "finalLink": "https://www.sec.gov/Archives/edgar/data/746838/000074683817000008/a2016uis10-k.htm"
    },
    {
        "date": "2016-09-30",
        "symbol": "UIS",
        "reportedCurrency": "USD",
        "cik": "0000746838",
        "fillingDate": "2016-10-28",
        "acceptedDate": "2016-10-28 16:41:01",
        "calendarYear": "2016",
        "period": "Q3",
        "revenue": 683300000,
        "costOfRevenue": 561700000,
        "grossProfit": 121600000,
        "grossProfitRatio": 0.1779599005,
        "researchAndDevelopmentExpenses": 11400000,
        "generalAndAdministrativeExpenses": 120000000,
        "sellingAndMarketingExpenses": 0,
        "sellingGeneralAndAdministrativeExpenses": 120000000,
        "otherExpenses": 0,
        "operatingExpenses": 131400000,
        "costAndExpenses": 693100000,
        "interestIncome": 0,
        "interestExpense": 7700000,
        "depreciationAndAmortization": 24900000,
        "ebitda": 17400000,
        "ebitdaratio": 0.0254646568,
        "operatingIncome": -9800000,
        "operatingIncomeRatio": -0.014342163,
        "totalOtherIncomeExpensesNet": -5400000,
        "incomeBeforeTax": -15200000,
        "incomeBeforeTaxRatio": -0.0222449876,
        "incomeTaxExpense": 9900000,
        "netIncome": -28200000,
        "netIncomeRatio": -0.0412703059,
        "eps": -0.56,
        "epsdiluted": -0.56,
        "weightedAverageShsOut": 50082000,
        "weightedAverageShsOutDil": 50082000,
        "link": "https://www.sec.gov/Archives/edgar/data/746838/000074683816000057/0000746838-16-000057-index.htm",
        "finalLink": "https://www.sec.gov/Archives/edgar/data/746838/000074683816000057/q3201610-q.htm"
    },
    {
        "date": "2016-06-30",
        "symbol": "UIS",
        "reportedCurrency": "USD",
        "cik": "0000746838",
        "fillingDate": "2016-07-29",
        "acceptedDate": "2016-07-29 14:58:47",
        "calendarYear": "2016",
        "period": "Q2",
        "revenue": 748900000,
        "costOfRevenue": 570600000,
        "grossProfit": 178300000,
        "grossProfitRatio": 0.238082521,
        "researchAndDevelopmentExpenses": 13100000,
        "generalAndAdministrativeExpenses": 115700000,
        "sellingAndMarketingExpenses": 0,
        "sellingGeneralAndAdministrativeExpenses": 115700000,
        "otherExpenses": 0,
        "operatingExpenses": 128800000,
        "costAndExpenses": 699400000,
        "interestIncome": 0,
        "interestExpense": 7800000,
        "depreciationAndAmortization": 25700000,
        "ebitda": 77800000,
        "ebitdaratio": 0.103885699,
        "operatingIncome": 49500000,
        "operatingIncomeRatio": 0.0660969422,
        "totalOtherIncomeExpensesNet": -5200000,
        "incomeBeforeTax": 44300000,
        "incomeBeforeTaxRatio": 0.059153425,
        "incomeTaxExpense": 18800000,
        "netIncome": 21600000,
        "netIncomeRatio": 0.028842302,
        "eps": 0.43,
        "epsdiluted": 0.36,
        "weightedAverageShsOut": 50069000,
        "weightedAverageShsOutDil": 50043000,
        "link": "https://www.sec.gov/Archives/edgar/data/746838/000074683816000045/0000746838-16-000045-index.htm",
        "finalLink": "https://www.sec.gov/Archives/edgar/data/746838/000074683816000045/q2201610-q.htm"
    },
    {
        "date": "2016-03-31",
        "symbol": "UIS",
        "reportedCurrency": "USD",
        "cik": "0000746838",
        "fillingDate": "2016-04-29",
        "acceptedDate": "2016-04-29 13:01:10",
        "calendarYear": "2016",
        "period": "Q1",
        "revenue": 666800000,
        "costOfRevenue": 568300000,
        "grossProfit": 98500000,
        "grossProfitRatio": 0.1477204559,
        "researchAndDevelopmentExpenses": 16000000,
        "generalAndAdministrativeExpenses": 110100000,
        "sellingAndMarketingExpenses": 0,
        "sellingGeneralAndAdministrativeExpenses": 110100000,
        "otherExpenses": -1200000,
        "operatingExpenses": 126100000,
        "costAndExpenses": 694400000,
        "interestIncome": 0,
        "interestExpense": 4400000,
        "depreciationAndAmortization": 26000000,
        "ebitda": -2800000,
        "ebitdaratio": -0.0041991602,
        "operatingIncome": -27600000,
        "operatingIncomeRatio": -0.0413917217,
        "totalOtherIncomeExpensesNet": -5600000,
        "incomeBeforeTax": -33200000,
        "incomeBeforeTaxRatio": -0.049790042,
        "incomeTaxExpense": 5500000,
        "netIncome": -39900000,
        "netIncomeRatio": -0.0598380324,
        "eps": -0.8,
        "epsdiluted": -0.8,
        "weightedAverageShsOut": 49875000,
        "weightedAverageShsOutDil": 50004000,
        "link": "https://www.sec.gov/Archives/edgar/data/746838/000119312516567700/0001193125-16-567700-index.htm",
        "finalLink": "https://www.sec.gov/Archives/edgar/data/746838/000119312516567700/d168329d10q.htm"
    },
    {
        "date": "2015-12-31",
        "symbol": "UIS",
        "reportedCurrency": "USD",
        "cik": "0000746838",
        "fillingDate": "2016-02-29",
        "acceptedDate": "2016-02-29 08:46:33",
        "calendarYear": "2015",
        "period": "Q4",
        "revenue": 789900000,
        "costOfRevenue": 630900000,
        "grossProfit": 159000000,
        "grossProfitRatio": 0.2012913027,
        "researchAndDevelopmentExpenses": 13200000,
        "generalAndAdministrativeExpenses": 130000000,
        "sellingAndMarketingExpenses": 0,
        "sellingGeneralAndAdministrativeExpenses": 130000000,
        "otherExpenses": 200000,
        "operatingExpenses": 143200000,
        "costAndExpenses": 774100000,
        "interestIncome": 0,
        "interestExpense": 3600000,
        "depreciationAndAmortization": 40000000,
        "ebitda": 56000000,
        "ebitdaratio": 0.07089505,
        "operatingIncome": 15800000,
        "operatingIncomeRatio": 0.020002532,
        "totalOtherIncomeExpensesNet": -3400000,
        "incomeBeforeTax": 12400000,
        "incomeBeforeTaxRatio": 0.0156981896,
        "incomeTaxExpense": 11100000,
        "netIncome": 1100000,
        "netIncomeRatio": 0.0013925813,
        "eps": 0.022,
        "epsdiluted": 0.022,
        "weightedAverageShsOut": 49938000,
        "weightedAverageShsOutDil": 50004000,
        "link": "https://www.sec.gov/Archives/edgar/data/746838/000119312516483720/0001193125-16-483720-index.htm",
        "finalLink": "https://www.sec.gov/Archives/edgar/data/746838/000119312516483720/d13712d10k.htm"
    },
    {
        "date": "2015-09-30",
        "symbol": "UIS",
        "reportedCurrency": "USD",
        "cik": "0000746838",
        "fillingDate": "2015-10-23",
        "acceptedDate": "2015-10-23 14:02:51",
        "calendarYear": "2015",
        "period": "Q3",
        "revenue": 739200000,
        "costOfRevenue": 598600000,
        "grossProfit": 140600000,
        "grossProfitRatio": 0.1902056277,
        "researchAndDevelopmentExpenses": 16600000,
        "generalAndAdministrativeExpenses": 115400000,
        "sellingAndMarketingExpenses": 0,
        "sellingGeneralAndAdministrativeExpenses": 115400000,
        "otherExpenses": 0,
        "operatingExpenses": 132000000,
        "costAndExpenses": 730600000,
        "interestIncome": 0,
        "interestExpense": 3000000,
        "depreciationAndAmortization": 28800000,
        "ebitda": 39100000,
        "ebitdaratio": 0.0528950216,
        "operatingIncome": 8600000,
        "operatingIncomeRatio": 0.0116341991,
        "totalOtherIncomeExpensesNet": -1300000,
        "incomeBeforeTax": 7300000,
        "incomeBeforeTaxRatio": 0.0098755411,
        "incomeTaxExpense": 14900000,
        "netIncome": -9600000,
        "netIncomeRatio": -0.012987013,
        "eps": -0.19,
        "epsdiluted": -0.19,
        "weightedAverageShsOut": 49934000,
        "weightedAverageShsOutDil": 49934000,
        "link": "https://www.sec.gov/Archives/edgar/data/746838/000119312515351790/0001193125-15-351790-index.htm",
        "finalLink": "https://www.sec.gov/Archives/edgar/data/746838/000119312515351790/d76341d10q.htm"
    },
    {
        "date": "2015-06-30",
        "symbol": "UIS",
        "reportedCurrency": "USD",
        "cik": "0000746838",
        "fillingDate": "2015-07-24",
        "acceptedDate": "2015-07-24 14:19:23",
        "calendarYear": "2015",
        "period": "Q2",
        "revenue": 764800000,
        "costOfRevenue": 640500000,
        "grossProfit": 124300000,
        "grossProfitRatio": 0.1625261506,
        "researchAndDevelopmentExpenses": 28400000,
        "generalAndAdministrativeExpenses": 145400000,
        "sellingAndMarketingExpenses": 0,
        "sellingGeneralAndAdministrativeExpenses": 145400000,
        "otherExpenses": 1400000,
        "operatingExpenses": 173800000,
        "costAndExpenses": 814300000,
        "interestIncome": 0,
        "interestExpense": 2700000,
        "depreciationAndAmortization": 27600000,
        "ebitda": -20500000,
        "ebitdaratio": -0.0268043933,
        "operatingIncome": -49500000,
        "operatingIncomeRatio": -0.0647228033,
        "totalOtherIncomeExpensesNet": -1300000,
        "incomeBeforeTax": -50800000,
        "incomeBeforeTaxRatio": -0.0664225941,
        "incomeTaxExpense": 5100000,
        "netIncome": -58200000,
        "netIncomeRatio": -0.0760983264,
        "eps": -1.17,
        "epsdiluted": -1.17,
        "weightedAverageShsOut": 49743589,
        "weightedAverageShsOutDil": 49927000,
        "link": "https://www.sec.gov/Archives/edgar/data/746838/000119312515262550/0001193125-15-262550-index.htm",
        "finalLink": "https://www.sec.gov/Archives/edgar/data/746838/000119312515262550/d928416d10q.htm"
    },
    {
        "date": "2015-03-31",
        "symbol": "UIS",
        "reportedCurrency": "USD",
        "cik": "0000746838",
        "fillingDate": "2015-04-30",
        "acceptedDate": "2015-04-30 15:44:32",
        "calendarYear": "2015",
        "period": "Q1",
        "revenue": 721200000,
        "costOfRevenue": 604200000,
        "grossProfit": 117000000,
        "grossProfitRatio": 0.1622296173,
        "researchAndDevelopmentExpenses": 18200000,
        "generalAndAdministrativeExpenses": 128800000,
        "sellingAndMarketingExpenses": 0,
        "sellingGeneralAndAdministrativeExpenses": 128800000,
        "otherExpenses": 0,
        "operatingExpenses": 147000000,
        "costAndExpenses": 751200000,
        "interestIncome": 0,
        "interestExpense": 2600000,
        "depreciationAndAmortization": 28000000,
        "ebitda": 2900000,
        "ebitdaratio": 0.004021076,
        "operatingIncome": -30000000,
        "operatingIncomeRatio": -0.0415973378,
        "totalOtherIncomeExpensesNet": 2300000,
        "incomeBeforeTax": -27700000,
        "incomeBeforeTaxRatio": -0.0384082085,
        "incomeTaxExpense": 13300000,
        "netIncome": -43200000,
        "netIncomeRatio": -0.0599001664,
        "eps": -0.87,
        "epsdiluted": -0.87,
        "weightedAverageShsOut": 49655172,
        "weightedAverageShsOutDil": 49821000,
        "link": "https://www.sec.gov/Archives/edgar/data/746838/000119312515161608/0001193125-15-161608-index.htm",
        "finalLink": "https://www.sec.gov/Archives/edgar/data/746838/000119312515161608/d901366d10q.htm"
    },
    {
        "date": "2014-12-31",
        "symbol": "UIS",
        "reportedCurrency": "USD",
        "cik": "0000746838",
        "fillingDate": "2015-02-23",
        "acceptedDate": "2015-02-23 17:21:18",
        "calendarYear": "2014",
        "period": "Q4",
        "revenue": 905800000,
        "costOfRevenue": 661100000,
        "grossProfit": 244700000,
        "grossProfitRatio": 0.2701479355,
        "researchAndDevelopmentExpenses": 18300000,
        "generalAndAdministrativeExpenses": 144000000,
        "sellingAndMarketingExpenses": 0,
        "sellingGeneralAndAdministrativeExpenses": 144000000,
        "otherExpenses": 0,
        "operatingExpenses": 162300000,
        "costAndExpenses": 823400000,
        "interestIncome": 0,
        "interestExpense": 2600000,
        "depreciationAndAmortization": 29400000,
        "ebitda": 120600000,
        "ebitdaratio": 0.1331419739,
        "operatingIncome": 82400000,
        "operatingIncomeRatio": 0.0909693089,
        "totalOtherIncomeExpensesNet": 6200000,
        "incomeBeforeTax": 88600000,
        "incomeBeforeTaxRatio": 0.097814087,
        "incomeTaxExpense": 23900000,
        "netIncome": 61800000,
        "netIncomeRatio": 0.0682269817,
        "eps": 1.24,
        "epsdiluted": 1.24,
        "weightedAverageShsOut": 49688000,
        "weightedAverageShsOutDil": 49821000,
        "link": "https://www.sec.gov/Archives/edgar/data/746838/000119312515058367/0001193125-15-058367-index.htm",
        "finalLink": "https://www.sec.gov/Archives/edgar/data/746838/000119312515058367/d825749d10k.htm"
    },
    {
        "date": "2014-09-30",
        "symbol": "UIS",
        "reportedCurrency": "USD",
        "cik": "0000746838",
        "fillingDate": "2014-10-31",
        "acceptedDate": "2014-10-31 14:14:31",
        "calendarYear": "2014",
        "period": "Q3",
        "revenue": 882500000,
        "costOfRevenue": 647600000,
        "grossProfit": 234900000,
        "grossProfitRatio": 0.2661756374,
        "researchAndDevelopmentExpenses": 20300000,
        "generalAndAdministrativeExpenses": 138000000,
        "sellingAndMarketingExpenses": 0,
        "sellingGeneralAndAdministrativeExpenses": 138000000,
        "otherExpenses": 0,
        "operatingExpenses": 158300000,
        "costAndExpenses": 805900000,
        "interestIncome": 0,
        "interestExpense": 2300000,
        "depreciationAndAmortization": 29100000,
        "ebitda": 109000000,
        "ebitdaratio": 0.1235127479,
        "operatingIncome": 76600000,
        "operatingIncomeRatio": 0.0867988669,
        "totalOtherIncomeExpensesNet": 1000000,
        "incomeBeforeTax": 77600000,
        "incomeBeforeTaxRatio": 0.0879320113,
        "incomeTaxExpense": 26400000,
        "netIncome": 47800000,
        "netIncomeRatio": 0.0541643059,
        "eps": 0.95,
        "epsdiluted": 0.95,
        "weightedAverageShsOut": 50245000,
        "weightedAverageShsOutDil": 50422000,
        "link": "https://www.sec.gov/Archives/edgar/data/746838/000119312514391758/0001193125-14-391758-index.htm",
        "finalLink": "https://www.sec.gov/Archives/edgar/data/746838/000119312514391758/d779319d10q.htm"
    },
    {
        "date": "2014-06-30",
        "symbol": "UIS",
        "reportedCurrency": "USD",
        "cik": "0000746838",
        "fillingDate": "2014-08-01",
        "acceptedDate": "2014-08-01 15:08:37",
        "calendarYear": "2014",
        "period": "Q2",
        "revenue": 806400000,
        "costOfRevenue": 641200000,
        "grossProfit": 165200000,
        "grossProfitRatio": 0.2048611111,
        "researchAndDevelopmentExpenses": 15800000,
        "generalAndAdministrativeExpenses": 133600000,
        "sellingAndMarketingExpenses": 0,
        "sellingGeneralAndAdministrativeExpenses": 133600000,
        "otherExpenses": 0,
        "operatingExpenses": 149400000,
        "costAndExpenses": 790600000,
        "interestIncome": 0,
        "interestExpense": 2300000,
        "depreciationAndAmortization": 25300000,
        "ebitda": 38600000,
        "ebitdaratio": 0.0478670635,
        "operatingIncome": 15800000,
        "operatingIncomeRatio": 0.019593254,
        "totalOtherIncomeExpensesNet": -4800000,
        "incomeBeforeTax": 11000000,
        "incomeBeforeTaxRatio": 0.013640873,
        "incomeTaxExpense": 19900000,
        "netIncome": -12100000,
        "netIncomeRatio": -0.0150049603,
        "eps": -0.24,
        "epsdiluted": -0.24,
        "weightedAverageShsOut": 50416666,
        "weightedAverageShsOutDil": 50843000,
        "link": "https://www.sec.gov/Archives/edgar/data/746838/000119312514291429/0001193125-14-291429-index.htm",
        "finalLink": "https://www.sec.gov/Archives/edgar/data/746838/000119312514291429/d728858d10q.htm"
    },
    {
        "date": "2014-03-31",
        "symbol": "UIS",
        "reportedCurrency": "USD",
        "cik": "0000746838",
        "fillingDate": "2014-05-01",
        "acceptedDate": "2014-05-01 17:00:58",
        "calendarYear": "2014",
        "period": "Q1",
        "revenue": 761700000,
        "costOfRevenue": 628700000,
        "grossProfit": 133000000,
        "grossProfitRatio": 0.1746094263,
        "researchAndDevelopmentExpenses": 14400000,
        "generalAndAdministrativeExpenses": 138500000,
        "sellingAndMarketingExpenses": 0,
        "sellingGeneralAndAdministrativeExpenses": 138500000,
        "otherExpenses": 0,
        "operatingExpenses": 152900000,
        "costAndExpenses": 781600000,
        "interestIncome": 0,
        "interestExpense": 2000000,
        "depreciationAndAmortization": 26700000,
        "ebitda": -3000000,
        "ebitdaratio": -0.0039385585,
        "operatingIncome": -19900000,
        "operatingIncomeRatio": -0.0261257713,
        "totalOtherIncomeExpensesNet": -11800000,
        "incomeBeforeTax": -31700000,
        "incomeBeforeTaxRatio": -0.0416174347,
        "incomeTaxExpense": 16000000,
        "netIncome": -50800000,
        "netIncomeRatio": -0.0666929237,
        "eps": -1.1,
        "epsdiluted": -1.1,
        "weightedAverageShsOut": 46343000,
        "weightedAverageShsOutDil": 46343000,
        "link": "https://www.sec.gov/Archives/edgar/data/746838/000119312514177405/0001193125-14-177405-index.htm",
        "finalLink": "https://www.sec.gov/Archives/edgar/data/746838/000119312514177405/d686876d10q.htm"
    },
    {
        "date": "2013-12-31",
        "symbol": "UIS",
        "reportedCurrency": "USD",
        "cik": "0000746838",
        "fillingDate": "2014-02-24",
        "acceptedDate": "2014-02-24 08:21:38",
        "calendarYear": "2013",
        "period": "Q4",
        "revenue": 995900000,
        "costOfRevenue": 680500000,
        "grossProfit": 315400000,
        "grossProfitRatio": 0.3166984637,
        "researchAndDevelopmentExpenses": 18900000,
        "generalAndAdministrativeExpenses": 140600000,
        "sellingAndMarketingExpenses": 0,
        "sellingGeneralAndAdministrativeExpenses": 140600000,
        "otherExpenses": -1300000,
        "operatingExpenses": 159500000,
        "costAndExpenses": 840000000,
        "interestIncome": 0,
        "interestExpense": 2200000,
        "depreciationAndAmortization": 24600000,
        "ebitda": 179200000,
        "ebitdaratio": 0.1799377448,
        "operatingIncome": 155900000,
        "operatingIncomeRatio": 0.1565418215,
        "totalOtherIncomeExpensesNet": -3500000,
        "incomeBeforeTax": 152400000,
        "incomeBeforeTaxRatio": 0.1530274124,
        "incomeTaxExpense": 28200000,
        "netIncome": 121500000,
        "netIncomeRatio": 0.1220002008,
        "eps": 2.62,
        "epsdiluted": 2.62,
        "weightedAverageShsOut": 46343000,
        "weightedAverageShsOutDil": 46343000,
        "link": "https://www.sec.gov/Archives/edgar/data/746838/000119312514063880/0001193125-14-063880-index.htm",
        "finalLink": "https://www.sec.gov/Archives/edgar/data/746838/000119312514063880/d627493d10k.htm"
    },
    {
        "date": "2013-09-30",
        "symbol": "UIS",
        "reportedCurrency": "USD",
        "cik": "0000746838",
        "fillingDate": "2013-11-01",
        "acceptedDate": "2013-11-01 13:36:23",
        "calendarYear": "2013",
        "period": "Q3",
        "revenue": 792100000,
        "costOfRevenue": 620600000,
        "grossProfit": 171500000,
        "grossProfitRatio": 0.2165130665,
        "researchAndDevelopmentExpenses": 15800000,
        "generalAndAdministrativeExpenses": 131700000,
        "sellingAndMarketingExpenses": 0,
        "sellingGeneralAndAdministrativeExpenses": 131700000,
        "otherExpenses": 0,
        "operatingExpenses": 147500000,
        "costAndExpenses": 768100000,
        "interestIncome": 0,
        "interestExpense": 2400000,
        "depreciationAndAmortization": 26800000,
        "ebitda": 52700000,
        "ebitdaratio": 0.0665320035,
        "operatingIncome": 24000000,
        "operatingIncomeRatio": 0.0302992046,
        "totalOtherIncomeExpensesNet": -500000,
        "incomeBeforeTax": 23500000,
        "incomeBeforeTaxRatio": 0.0296679712,
        "incomeTaxExpense": 27000000,
        "netIncome": -7600000,
        "netIncomeRatio": -0.0095947481,
        "eps": -0.17,
        "epsdiluted": -0.17,
        "weightedAverageShsOut": 43811000,
        "weightedAverageShsOutDil": 43811000,
        "link": "https://www.sec.gov/Archives/edgar/data/746838/000119312513422621/0001193125-13-422621-index.htm",
        "finalLink": "https://www.sec.gov/Archives/edgar/data/746838/000119312513422621/d591556d10q.htm"
    },
    {
        "date": "2013-06-30",
        "symbol": "UIS",
        "reportedCurrency": "USD",
        "cik": "0000746838",
        "fillingDate": "2013-07-31",
        "acceptedDate": "2013-07-31 16:21:27",
        "calendarYear": "2013",
        "period": "Q2",
        "revenue": 858600000,
        "costOfRevenue": 657900000,
        "grossProfit": 200700000,
        "grossProfitRatio": 0.2337526205,
        "researchAndDevelopmentExpenses": 17800000,
        "generalAndAdministrativeExpenses": 144900000,
        "sellingAndMarketingExpenses": 0,
        "sellingGeneralAndAdministrativeExpenses": 144900000,
        "otherExpenses": 0,
        "operatingExpenses": 162700000,
        "costAndExpenses": 820600000,
        "interestIncome": 0,
        "interestExpense": 2600000,
        "depreciationAndAmortization": 27300000,
        "ebitda": 79400000,
        "ebitdaratio": 0.0924761239,
        "operatingIncome": 38000000,
        "operatingIncomeRatio": 0.0442580946,
        "totalOtherIncomeExpensesNet": 11500000,
        "incomeBeforeTax": 49500000,
        "incomeBeforeTaxRatio": 0.0576519916,
        "incomeTaxExpense": 22700000,
        "netIncome": 24500000,
        "netIncomeRatio": 0.0285348241,
        "eps": 0.47,
        "epsdiluted": 0.46,
        "weightedAverageShsOut": 43780000,
        "weightedAverageShsOutDil": 44195000,
        "link": "https://www.sec.gov/Archives/edgar/data/746838/000119312513312602/0001193125-13-312602-index.htm",
        "finalLink": "https://www.sec.gov/Archives/edgar/data/746838/000119312513312602/d544629d10q.htm"
    },
    {
        "date": "2013-03-31",
        "symbol": "UIS",
        "reportedCurrency": "USD",
        "cik": "0000746838",
        "fillingDate": "2013-05-03",
        "acceptedDate": "2013-05-03 10:23:03",
        "calendarYear": "2013",
        "period": "Q1",
        "revenue": 809900000,
        "costOfRevenue": 649100000,
        "grossProfit": 160800000,
        "grossProfitRatio": 0.19854303,
        "researchAndDevelopmentExpenses": 17000000,
        "generalAndAdministrativeExpenses": 142200000,
        "sellingAndMarketingExpenses": 0,
        "sellingGeneralAndAdministrativeExpenses": 142200000,
        "otherExpenses": 0,
        "operatingExpenses": 159200000,
        "costAndExpenses": 808300000,
        "interestIncome": 0,
        "interestExpense": 2700000,
        "depreciationAndAmortization": 27400000,
        "ebitda": 24100000,
        "ebitdaratio": 0.0297567601,
        "operatingIncome": 1600000,
        "operatingIncomeRatio": 0.0019755525,
        "totalOtherIncomeExpensesNet": -7600000,
        "incomeBeforeTax": -6000000,
        "incomeBeforeTaxRatio": -0.007408322,
        "incomeTaxExpense": 21400000,
        "netIncome": -29900000,
        "netIncomeRatio": -0.036918138,
        "eps": -0.68,
        "epsdiluted": -0.68,
        "weightedAverageShsOut": 44025974,
        "weightedAverageShsOutDil": 44054000,
        "link": "https://www.sec.gov/Archives/edgar/data/746838/000119312513198067/0001193125-13-198067-index.htm",
        "finalLink": "https://www.sec.gov/Archives/edgar/data/746838/000119312513198067/d502956d10q.htm"
    },
    {
        "date": "2012-12-31",
        "symbol": "UIS",
        "reportedCurrency": "USD",
        "cik": "0000746838",
        "fillingDate": "2013-02-22",
        "acceptedDate": "2013-02-22 16:07:50",
        "calendarYear": "2012",
        "period": "Q4",
        "revenue": 979300000,
        "costOfRevenue": 693400000,
        "grossProfit": 285900000,
        "grossProfitRatio": 0.2919432248,
        "researchAndDevelopmentExpenses": 20500000,
        "generalAndAdministrativeExpenses": 150800000,
        "sellingAndMarketingExpenses": 0,
        "sellingGeneralAndAdministrativeExpenses": 150800000,
        "otherExpenses": 0,
        "operatingExpenses": 171300000,
        "costAndExpenses": 864700000,
        "interestIncome": 0,
        "interestExpense": 2500000,
        "depreciationAndAmortization": -11700000,
        "ebitda": 127500000,
        "ebitdaratio": 0.1301950373,
        "operatingIncome": 114600000,
        "operatingIncomeRatio": 0.1170223629,
        "totalOtherIncomeExpensesNet": -5200000,
        "incomeBeforeTax": 109400000,
        "incomeBeforeTaxRatio": 0.1117124477,
        "incomeTaxExpense": 20500000,
        "netIncome": 85900000,
        "netIncomeRatio": 0.0877157153,
        "eps": 1.95,
        "epsdiluted": 1.95,
        "weightedAverageShsOut": 43975000,
        "weightedAverageShsOutDil": 44054000,
        "link": "https://www.sec.gov/Archives/edgar/data/746838/000119312513071504/0001193125-13-071504-index.htm",
        "finalLink": "https://www.sec.gov/Archives/edgar/data/746838/000119312513071504/d444691d10k.htm"
    },
    {
        "date": "2012-09-30",
        "symbol": "UIS",
        "reportedCurrency": "USD",
        "cik": "0000746838",
        "fillingDate": "2012-11-01",
        "acceptedDate": "2012-11-01 16:43:18",
        "calendarYear": "2012",
        "period": "Q3",
        "revenue": 877400000,
        "costOfRevenue": 658800000,
        "grossProfit": 218600000,
        "grossProfitRatio": 0.2491452017,
        "researchAndDevelopmentExpenses": 18800000,
        "generalAndAdministrativeExpenses": 138600000,
        "sellingAndMarketingExpenses": 0,
        "sellingGeneralAndAdministrativeExpenses": 138600000,
        "otherExpenses": 0,
        "operatingExpenses": 157400000,
        "costAndExpenses": 816200000,
        "interestIncome": 0,
        "interestExpense": 7800000,
        "depreciationAndAmortization": 40100000,
        "ebitda": 101300000,
        "ebitdaratio": 0.1154547527,
        "operatingIncome": 61200000,
        "operatingIncomeRatio": 0.0697515386,
        "totalOtherIncomeExpensesNet": -33600000,
        "incomeBeforeTax": 27600000,
        "incomeBeforeTaxRatio": 0.0314565762,
        "incomeTaxExpense": 32700000,
        "netIncome": -8400000,
        "netIncomeRatio": -0.0095737406,
        "eps": -0.19,
        "epsdiluted": -0.19,
        "weightedAverageShsOut": 43966000,
        "weightedAverageShsOutDil": 43966000,
        "link": "https://www.sec.gov/Archives/edgar/data/746838/000119312512446717/0001193125-12-446717-index.htm",
        "finalLink": "https://www.sec.gov/Archives/edgar/data/746838/000119312512446717/d413133d10q.htm"
    },
    {
        "date": "2012-06-30",
        "symbol": "UIS",
        "reportedCurrency": "USD",
        "cik": "0000746838",
        "fillingDate": "2012-08-01",
        "acceptedDate": "2012-08-01 13:29:51",
        "calendarYear": "2012",
        "period": "Q2",
        "revenue": 921300000,
        "costOfRevenue": 678100000,
        "grossProfit": 243200000,
        "grossProfitRatio": 0.2639748182,
        "researchAndDevelopmentExpenses": 22200000,
        "generalAndAdministrativeExpenses": 142000000,
        "sellingAndMarketingExpenses": 0,
        "sellingGeneralAndAdministrativeExpenses": 142000000,
        "otherExpenses": 0,
        "operatingExpenses": 164200000,
        "costAndExpenses": 842300000,
        "interestIncome": 0,
        "interestExpense": 7900000,
        "depreciationAndAmortization": 46500000,
        "ebitda": 112300000,
        "ebitdaratio": 0.1218929773,
        "operatingIncome": 79000000,
        "operatingIncomeRatio": 0.085748399,
        "totalOtherIncomeExpensesNet": -3800000,
        "incomeBeforeTax": 75200000,
        "incomeBeforeTaxRatio": 0.0816237925,
        "incomeTaxExpense": 22100000,
        "netIncome": 50700000,
        "netIncomeRatio": 0.0550309345,
        "eps": 1.06,
        "epsdiluted": 0.99,
        "weightedAverageShsOut": 43905000,
        "weightedAverageShsOutDil": 51244000,
        "link": "https://www.sec.gov/Archives/edgar/data/746838/000119312512328102/0001193125-12-328102-index.htm",
        "finalLink": "https://www.sec.gov/Archives/edgar/data/746838/000119312512328102/d355103d10q.htm"
    },
    {
        "date": "2012-03-31",
        "symbol": "UIS",
        "reportedCurrency": "USD",
        "cik": "0000746838",
        "fillingDate": "2012-05-01",
        "acceptedDate": "2012-05-01 16:11:38",
        "calendarYear": "2012",
        "period": "Q1",
        "revenue": 928400000,
        "costOfRevenue": 702600000,
        "grossProfit": 225800000,
        "grossProfitRatio": 0.2432141318,
        "researchAndDevelopmentExpenses": 20000000,
        "generalAndAdministrativeExpenses": 141400000,
        "sellingAndMarketingExpenses": 0,
        "sellingGeneralAndAdministrativeExpenses": 141400000,
        "otherExpenses": 0,
        "operatingExpenses": 161400000,
        "costAndExpenses": 864000000,
        "interestIncome": 0,
        "interestExpense": 9300000,
        "depreciationAndAmortization": 41800000,
        "ebitda": 106200000,
        "ebitdaratio": 0.114390349,
        "operatingIncome": 64400000,
        "operatingIncomeRatio": 0.0693666523,
        "totalOtherIncomeExpensesNet": -22500000,
        "incomeBeforeTax": 41900000,
        "incomeBeforeTaxRatio": 0.0451314089,
        "incomeTaxExpense": 22000000,
        "netIncome": 17400000,
        "netIncomeRatio": 0.0187419216,
        "eps": 0.31,
        "epsdiluted": 0.3,
        "weightedAverageShsOut": 43611000,
        "weightedAverageShsOutDil": 44063000,
        "link": "https://www.sec.gov/Archives/edgar/data/746838/000119312512200763/0001193125-12-200763-index.htm",
        "finalLink": "https://www.sec.gov/Archives/edgar/data/746838/000119312512200763/d320049d10q.htm"
    },
    {
        "date": "2011-12-31",
        "symbol": "UIS",
        "reportedCurrency": "USD",
        "cik": "0000746838",
        "fillingDate": "2012-02-24",
        "acceptedDate": "2012-02-24 17:13:45",
        "calendarYear": "2011",
        "period": "Q4",
        "revenue": 985300000,
        "costOfRevenue": 705000000,
        "grossProfit": 280300000,
        "grossProfitRatio": 0.2844818837,
        "researchAndDevelopmentExpenses": 18900000,
        "generalAndAdministrativeExpenses": 139800000,
        "sellingAndMarketingExpenses": 0,
        "sellingGeneralAndAdministrativeExpenses": 139800000,
        "otherExpenses": 0,
        "operatingExpenses": 158700000,
        "costAndExpenses": 863700000,
        "interestIncome": 0,
        "interestExpense": 11400000,
        "depreciationAndAmortization": 44900000,
        "ebitda": 167600000,
        "ebitdaratio": 0.170100477,
        "operatingIncome": 121600000,
        "operatingIncomeRatio": 0.1234141886,
        "totalOtherIncomeExpensesNet": -10300000,
        "incomeBeforeTax": 111300000,
        "incomeBeforeTaxRatio": 0.1129605196,
        "incomeTaxExpense": 12400000,
        "netIncome": 98300000,
        "netIncomeRatio": 0.0997665686,
        "eps": 2.25,
        "epsdiluted": 2.25,
        "weightedAverageShsOut": 43391000,
        "weightedAverageShsOutDil": 43611000,
        "link": "https://www.sec.gov/Archives/edgar/data/746838/000119312512078426/0001193125-12-078426-index.htm",
        "finalLink": "https://www.sec.gov/Archives/edgar/data/746838/000119312512078426/d265690d10k.htm"
    },
    {
        "date": "2011-09-30",
        "symbol": "UIS",
        "reportedCurrency": "USD",
        "cik": "0000746838",
        "fillingDate": "2011-10-27",
        "acceptedDate": "2011-10-27 16:36:09",
        "calendarYear": "2011",
        "period": "Q3",
        "revenue": 1020100000,
        "costOfRevenue": 735300000,
        "grossProfit": 284800000,
        "grossProfitRatio": 0.2791883149,
        "researchAndDevelopmentExpenses": 18500000,
        "generalAndAdministrativeExpenses": 153300000,
        "sellingAndMarketingExpenses": 0,
        "sellingGeneralAndAdministrativeExpenses": 153300000,
        "otherExpenses": 0,
        "operatingExpenses": 171800000,
        "costAndExpenses": 907100000,
        "interestIncome": 0,
        "interestExpense": 12500000,
        "depreciationAndAmortization": 46900000,
        "ebitda": 176500000,
        "ebitdaratio": 0.1730222527,
        "operatingIncome": 113000000,
        "operatingIncomeRatio": 0.1107734536,
        "totalOtherIncomeExpensesNet": 4100000,
        "incomeBeforeTax": 117100000,
        "incomeBeforeTaxRatio": 0.1147926674,
        "incomeTaxExpense": 33400000,
        "netIncome": 82700000,
        "netIncomeRatio": 0.0810704833,
        "eps": 1.82,
        "epsdiluted": 1.63,
        "weightedAverageShsOut": 43246000,
        "weightedAverageShsOutDil": 50623000,
        "link": "https://www.sec.gov/Archives/edgar/data/746838/000119312511284234/0001193125-11-284234-index.htm",
        "finalLink": "https://www.sec.gov/Archives/edgar/data/746838/000119312511284234/d228859d10q.htm"
    },
    {
        "date": "2011-06-30",
        "symbol": "UIS",
        "reportedCurrency": "USD",
        "cik": "0000746838",
        "fillingDate": "2011-07-29",
        "acceptedDate": "2011-07-29 11:09:48",
        "calendarYear": "2011",
        "period": "Q2",
        "revenue": 937200000,
        "costOfRevenue": 723500000,
        "grossProfit": 213700000,
        "grossProfitRatio": 0.2280196329,
        "researchAndDevelopmentExpenses": 18400000,
        "generalAndAdministrativeExpenses": 147200000,
        "sellingAndMarketingExpenses": 0,
        "sellingGeneralAndAdministrativeExpenses": 147200000,
        "otherExpenses": 0,
        "operatingExpenses": 165600000,
        "costAndExpenses": 889100000,
        "interestIncome": 0,
        "interestExpense": 13300000,
        "depreciationAndAmortization": 49800000,
        "ebitda": 48100000,
        "ebitdaratio": 0.0513230901,
        "operatingIncome": 48100000,
        "operatingIncomeRatio": 0.0513230901,
        "totalOtherIncomeExpensesNet": -62700000,
        "incomeBeforeTax": -14600000,
        "incomeBeforeTaxRatio": -0.0155783184,
        "incomeTaxExpense": -9200000,
        "netIncome": -7600000,
        "netIncomeRatio": -0.0081092616,
        "eps": -0.18,
        "epsdiluted": -0.18,
        "weightedAverageShsOut": 43106000,
        "weightedAverageShsOutDil": 43106000,
        "link": "https://www.sec.gov/Archives/edgar/data/746838/000119312511202126/0001193125-11-202126-index.htm",
        "finalLink": "https://www.sec.gov/Archives/edgar/data/746838/000119312511202126/d10q.htm"
    },
    {
        "date": "2011-03-31",
        "symbol": "UIS",
        "reportedCurrency": "USD",
        "cik": "0000746838",
        "fillingDate": "2011-05-02",
        "acceptedDate": "2011-05-02 11:08:28",
        "calendarYear": "2011",
        "period": "Q1",
        "revenue": 911200000,
        "costOfRevenue": 703000000,
        "grossProfit": 208200000,
        "grossProfitRatio": 0.2284899034,
        "researchAndDevelopmentExpenses": 20300000,
        "generalAndAdministrativeExpenses": 146000000,
        "sellingAndMarketingExpenses": 0,
        "sellingGeneralAndAdministrativeExpenses": 146000000,
        "otherExpenses": 0,
        "operatingExpenses": 166300000,
        "costAndExpenses": 869300000,
        "interestIncome": 0,
        "interestExpense": 25900000,
        "depreciationAndAmortization": 53200000,
        "ebitda": 71300000,
        "ebitdaratio": 0.0782484636,
        "operatingIncome": 41900000,
        "operatingIncomeRatio": 0.0459833187,
        "totalOtherIncomeExpensesNet": -49700000,
        "incomeBeforeTax": -7800000,
        "incomeBeforeTaxRatio": -0.0085601405,
        "incomeTaxExpense": 28200000,
        "netIncome": -39400000,
        "netIncomeRatio": -0.0432396839,
        "eps": -0.92,
        "epsdiluted": -0.92,
        "weightedAverageShsOut": 42836000,
        "weightedAverageShsOutDil": 42836000,
        "link": "https://www.sec.gov/Archives/edgar/data/746838/000119312511120432/0001193125-11-120432-index.htm",
        "finalLink": "https://www.sec.gov/Archives/edgar/data/746838/000119312511120432/d10q.htm"
    },
    {
        "date": "2010-12-31",
        "symbol": "UIS",
        "reportedCurrency": "USD",
        "cik": "0000746838",
        "fillingDate": "2011-02-22",
        "acceptedDate": "2011-02-22 06:28:22",
        "calendarYear": "2010",
        "period": "Q4",
        "revenue": 1044600000,
        "costOfRevenue": 733500000,
        "grossProfit": 311100000,
        "grossProfitRatio": 0.2978173464,
        "researchAndDevelopmentExpenses": 18100000,
        "generalAndAdministrativeExpenses": 158400000,
        "sellingAndMarketingExpenses": 0,
        "sellingGeneralAndAdministrativeExpenses": 158400000,
        "otherExpenses": 0,
        "operatingExpenses": 176500000,
        "costAndExpenses": 910000000,
        "interestIncome": 0,
        "interestExpense": 25000000,
        "depreciationAndAmortization": 60600000,
        "ebitda": 195200000,
        "ebitdaratio": 0.1868657859,
        "operatingIncome": 134600000,
        "operatingIncomeRatio": 0.1288531495,
        "totalOtherIncomeExpensesNet": -31400000,
        "incomeBeforeTax": 103200000,
        "incomeBeforeTaxRatio": 0.0987937967,
        "incomeTaxExpense": 6100000,
        "netIncome": 99200000,
        "netIncomeRatio": 0.0949645797,
        "eps": 2.32,
        "epsdiluted": 2.32,
        "weightedAverageShsOut": 42640000,
        "weightedAverageShsOutDil": 42836000,
        "link": "https://www.sec.gov/Archives/edgar/data/746838/000119312511041209/0001193125-11-041209-index.htm",
        "finalLink": "https://www.sec.gov/Archives/edgar/data/746838/000119312511041209/d10k.htm"
    },
    {
        "date": "2010-09-30",
        "symbol": "UIS",
        "reportedCurrency": "USD",
        "cik": "0000746838",
        "fillingDate": "2010-10-28",
        "acceptedDate": "2010-10-28 16:33:39",
        "calendarYear": "2010",
        "period": "Q3",
        "revenue": 960600000,
        "costOfRevenue": 723200000,
        "grossProfit": 237400000,
        "grossProfitRatio": 0.2471372059,
        "researchAndDevelopmentExpenses": 18900000,
        "generalAndAdministrativeExpenses": 142400000,
        "sellingAndMarketingExpenses": 0,
        "sellingGeneralAndAdministrativeExpenses": 142400000,
        "otherExpenses": 0,
        "operatingExpenses": 161300000,
        "costAndExpenses": 884500000,
        "interestIncome": 0,
        "interestExpense": 25000000,
        "depreciationAndAmortization": 60600000,
        "ebitda": 136500000,
        "ebitdaratio": 0.1420986883,
        "operatingIncome": 76100000,
        "operatingIncomeRatio": 0.07922132,
        "totalOtherIncomeExpensesNet": -25200000,
        "incomeBeforeTax": 50900000,
        "incomeBeforeTaxRatio": 0.052987716,
        "incomeTaxExpense": 28200000,
        "netIncome": 28300000,
        "netIncomeRatio": 0.0294607537,
        "eps": 0.66,
        "epsdiluted": 0.65,
        "weightedAverageShsOut": 42620000,
        "weightedAverageShsOutDil": 43292000,
        "link": "https://www.sec.gov/Archives/edgar/data/746838/000119312510239814/0001193125-10-239814-index.htm",
        "finalLink": "https://www.sec.gov/Archives/edgar/data/746838/000119312510239814/d10q.htm"
    },
    {
        "date": "2010-06-30",
        "symbol": "UIS",
        "reportedCurrency": "USD",
        "cik": "0000746838",
        "fillingDate": "2010-07-30",
        "acceptedDate": "2010-07-30 15:12:10",
        "calendarYear": "2010",
        "period": "Q2",
        "revenue": 1056300000,
        "costOfRevenue": 768000000,
        "grossProfit": 288300000,
        "grossProfitRatio": 0.2729338256,
        "researchAndDevelopmentExpenses": 21100000,
        "generalAndAdministrativeExpenses": 160500000,
        "sellingAndMarketingExpenses": 0,
        "sellingGeneralAndAdministrativeExpenses": 160500000,
        "otherExpenses": 0,
        "operatingExpenses": 181600000,
        "costAndExpenses": 949600000,
        "interestIncome": 0,
        "interestExpense": 25300000,
        "depreciationAndAmortization": 62500000,
        "ebitda": 161500000,
        "ebitdaratio": 0.1528921708,
        "operatingIncome": 106700000,
        "operatingIncomeRatio": 0.1010129698,
        "totalOtherIncomeExpensesNet": -32700000,
        "incomeBeforeTax": 73800000,
        "incomeBeforeTaxRatio": 0.0698665152,
        "incomeTaxExpense": 13200000,
        "netIncome": 120200000,
        "netIncomeRatio": 0.1137934299,
        "eps": 2.82,
        "epsdiluted": 2.77,
        "weightedAverageShsOut": 42590000,
        "weightedAverageShsOutDil": 43329000,
        "link": "https://www.sec.gov/Archives/edgar/data/746838/000119312510172130/0001193125-10-172130-index.htm",
        "finalLink": "https://www.sec.gov/Archives/edgar/data/746838/000119312510172130/d10q.htm"
    },
    {
        "date": "2010-03-31",
        "symbol": "UIS",
        "reportedCurrency": "USD",
        "cik": "0000746838",
        "fillingDate": "2010-04-30",
        "acceptedDate": "2010-04-30 17:04:25",
        "calendarYear": "2010",
        "period": "Q1",
        "revenue": 998300000,
        "costOfRevenue": 762200000,
        "grossProfit": 236100000,
        "grossProfitRatio": 0.2365020535,
        "researchAndDevelopmentExpenses": 20800000,
        "generalAndAdministrativeExpenses": 156400000,
        "sellingAndMarketingExpenses": 0,
        "sellingGeneralAndAdministrativeExpenses": 156400000,
        "otherExpenses": 0,
        "operatingExpenses": 177200000,
        "costAndExpenses": 939400000,
        "interestIncome": 0,
        "interestExpense": 26500000,
        "depreciationAndAmortization": 66900000,
        "ebitda": 125800000,
        "ebitdaratio": 0.1260142242,
        "operatingIncome": 58900000,
        "operatingIncomeRatio": 0.0590003005,
        "totalOtherIncomeExpensesNet": -63400000,
        "incomeBeforeTax": -4400000,
        "incomeBeforeTaxRatio": -0.0044074927,
        "incomeTaxExpense": 11300000,
        "netIncome": -11600000,
        "netIncomeRatio": -0.0116197536,
        "eps": -0.27,
        "epsdiluted": -0.27,
        "weightedAverageShsOut": 42398000,
        "weightedAverageShsOutDil": 42398000,
        "link": "https://www.sec.gov/Archives/edgar/data/746838/000074683810000114/0000746838-10-000114-index.htm",
        "finalLink": "https://www.sec.gov/Archives/edgar/data/746838/000074683810000114/firstq.txt"
    },
    {
        "date": "2009-12-31",
        "symbol": "UIS",
        "reportedCurrency": "USD",
        "cik": "0000746838",
        "fillingDate": "2010-02-24",
        "acceptedDate": "2010-02-24 12:50:26",
        "calendarYear": "2009",
        "period": "Q4",
        "revenue": 1209500000,
        "costOfRevenue": 871300000,
        "grossProfit": 338200000,
        "grossProfitRatio": 0.2796196776,
        "researchAndDevelopmentExpenses": 25100000,
        "generalAndAdministrativeExpenses": 182900000,
        "sellingAndMarketingExpenses": 0,
        "sellingGeneralAndAdministrativeExpenses": 182900000,
        "otherExpenses": 0,
        "operatingExpenses": 208000000,
        "costAndExpenses": 1079300000,
        "interestIncome": 0,
        "interestExpense": 26800000,
        "depreciationAndAmortization": 96600000,
        "ebitda": 226800000,
        "ebitdaratio": 0.1875155023,
        "operatingIncome": 130200000,
        "operatingIncomeRatio": 0.1076477883,
        "totalOtherIncomeExpensesNet": -35600000,
        "incomeBeforeTax": 94600000,
        "incomeBeforeTaxRatio": 0.0782141381,
        "incomeTaxExpense": -16800000,
        "netIncome": 114500000,
        "netIncomeRatio": 0.0946672179,
        "eps": 2.7,
        "epsdiluted": 2.7,
        "weightedAverageShsOut": 42319000,
        "weightedAverageShsOutDil": 42398000,
        "link": "https://www.sec.gov/Archives/edgar/data/746838/000119312510038558/0001193125-10-038558-index.htm",
        "finalLink": "https://www.sec.gov/Archives/edgar/data/746838/000119312510038558/d10k.htm"
    },
    {
        "date": "2009-09-30",
        "symbol": "UIS",
        "reportedCurrency": "USD",
        "cik": "0000746838",
        "fillingDate": "2009-10-30",
        "acceptedDate": "2009-10-30 15:16:32",
        "calendarYear": "2009",
        "period": "Q3",
        "revenue": 1159600000,
        "costOfRevenue": 853800000,
        "grossProfit": 305800000,
        "grossProfitRatio": 0.2637116247,
        "researchAndDevelopmentExpenses": 24300000,
        "generalAndAdministrativeExpenses": 163500000,
        "sellingAndMarketingExpenses": 0,
        "sellingGeneralAndAdministrativeExpenses": 163500000,
        "otherExpenses": 0,
        "operatingExpenses": 187800000,
        "costAndExpenses": 1041600000,
        "interestIncome": 0,
        "interestExpense": 25400000,
        "depreciationAndAmortization": 82100000,
        "ebitda": 200100000,
        "ebitdaratio": 0.1725595033,
        "operatingIncome": 118000000,
        "operatingIncomeRatio": 0.1017592273,
        "totalOtherIncomeExpensesNet": -28800000,
        "incomeBeforeTax": 89300000,
        "incomeBeforeTaxRatio": 0.0770093136,
        "incomeTaxExpense": 26200000,
        "netIncome": 61100000,
        "netIncomeRatio": 0.052690583,
        "eps": 1.51,
        "epsdiluted": 1.48,
        "weightedAverageShsOut": 40569000,
        "weightedAverageShsOutDil": 41403000,
        "link": "https://www.sec.gov/Archives/edgar/data/746838/000074683809000213/0000746838-09-000213-index.htm",
        "finalLink": "https://www.sec.gov/Archives/edgar/data/746838/000074683809000213/thirdq.txt"
    },
    {
        "date": "2009-06-30",
        "symbol": "UIS",
        "reportedCurrency": "USD",
        "cik": "0000746838",
        "fillingDate": "2009-07-31",
        "acceptedDate": "2009-07-31 17:29:07",
        "calendarYear": "2009",
        "period": "Q2",
        "revenue": 1128700000,
        "costOfRevenue": 859000000,
        "grossProfit": 269700000,
        "grossProfitRatio": 0.2389474617,
        "researchAndDevelopmentExpenses": 25100000,
        "generalAndAdministrativeExpenses": 169200000,
        "sellingAndMarketingExpenses": 0,
        "sellingGeneralAndAdministrativeExpenses": 169200000,
        "otherExpenses": 0,
        "operatingExpenses": 194300000,
        "costAndExpenses": 1053300000,
        "interestIncome": 0,
        "interestExpense": 21200000,
        "depreciationAndAmortization": 90100000,
        "ebitda": 160800000,
        "ebitdaratio": 0.1424647825,
        "operatingIncome": 75400000,
        "operatingIncomeRatio": 0.0668025162,
        "totalOtherIncomeExpensesNet": -18200000,
        "incomeBeforeTax": 57200000,
        "incomeBeforeTaxRatio": 0.0506777709,
        "incomeTaxExpense": 16600000,
        "netIncome": 38100000,
        "netIncomeRatio": 0.0337556481,
        "eps": 1.03,
        "epsdiluted": 1.02,
        "weightedAverageShsOut": 37032000,
        "weightedAverageShsOutDil": 37449000,
        "link": "https://www.sec.gov/Archives/edgar/data/746838/000074683809000183/0000746838-09-000183-index.htm",
        "finalLink": "https://www.sec.gov/Archives/edgar/data/746838/000074683809000183/secondq.txt"
    },
    {
        "date": "2009-03-31",
        "symbol": "UIS",
        "reportedCurrency": "USD",
        "cik": "0000746838",
        "fillingDate": "2009-05-11",
        "acceptedDate": "2009-05-11 15:32:19",
        "calendarYear": "2009",
        "period": "Q1",
        "revenue": 1099900000,
        "costOfRevenue": 876900000,
        "grossProfit": 223000000,
        "grossProfitRatio": 0.2027457042,
        "researchAndDevelopmentExpenses": 27400000,
        "generalAndAdministrativeExpenses": 173600000,
        "sellingAndMarketingExpenses": 0,
        "sellingGeneralAndAdministrativeExpenses": 173600000,
        "otherExpenses": 0,
        "operatingExpenses": 201000000,
        "costAndExpenses": 1077900000,
        "interestIncome": 0,
        "interestExpense": 21800000,
        "depreciationAndAmortization": 83700000,
        "ebitda": 105700000,
        "ebitdaratio": 0.0960996454,
        "operatingIncome": 22000000,
        "operatingIncomeRatio": 0.0200018183,
        "totalOtherIncomeExpensesNet": -28500000,
        "incomeBeforeTax": -6500000,
        "incomeBeforeTaxRatio": -0.0059096281,
        "incomeTaxExpense": 15600000,
        "netIncome": -24400000,
        "netIncomeRatio": -0.0221838349,
        "eps": -0.66,
        "epsdiluted": -0.66,
        "weightedAverageShsOut": 37005000,
        "weightedAverageShsOutDil": 37005000,
        "link": "https://www.sec.gov/Archives/edgar/data/746838/000074683809000150/0000746838-09-000150-index.htm",
        "finalLink": "https://www.sec.gov/Archives/edgar/data/746838/000074683809000150/firstq.txt"
    },
    {
        "date": "2008-12-31",
        "symbol": "UIS",
        "reportedCurrency": "USD",
        "cik": "0000746838",
        "fillingDate": "2009-03-02",
        "acceptedDate": "2009-03-02 16:51:30",
        "calendarYear": "2008",
        "period": "Q4",
        "revenue": 1279500000,
        "costOfRevenue": 1041800000,
        "grossProfit": 237700000,
        "grossProfitRatio": 0.1857756936,
        "researchAndDevelopmentExpenses": 30400000,
        "generalAndAdministrativeExpenses": 255100000,
        "sellingAndMarketingExpenses": 0,
        "sellingGeneralAndAdministrativeExpenses": 255100000,
        "otherExpenses": 0,
        "operatingExpenses": 285500000,
        "costAndExpenses": 1327300000,
        "interestIncome": 0,
        "interestExpense": 0,
        "depreciationAndAmortization": 121600000,
        "ebitda": 73800000,
        "ebitdaratio": 0.0576787808,
        "operatingIncome": -47800000,
        "operatingIncomeRatio": -0.0373583431,
        "totalOtherIncomeExpensesNet": -29500000,
        "incomeBeforeTax": -77300000,
        "incomeBeforeTaxRatio": -0.0604142243,
        "incomeTaxExpense": -19300000,
        "netIncome": -58000000,
        "netIncomeRatio": -0.0453302071,
        "eps": -1.59,
        "epsdiluted": -1.57,
        "weightedAverageShsOut": 36521000,
        "weightedAverageShsOutDil": 37004600,
        "link": "https://www.sec.gov/Archives/edgar/data/746838/000119312509042668/0001193125-09-042668-index.htm",
        "finalLink": "https://www.sec.gov/Archives/edgar/data/746838/000119312509042668/d10k.htm"
    },
    {
        "date": "2008-09-30",
        "symbol": "UIS",
        "reportedCurrency": "USD",
        "cik": "0000746838",
        "fillingDate": "2008-11-06",
        "acceptedDate": "2008-11-06 16:34:01",
        "calendarYear": "2008",
        "period": "Q3",
        "revenue": 1312400000,
        "costOfRevenue": 1020400000,
        "grossProfit": 292000000,
        "grossProfitRatio": 0.2224931423,
        "researchAndDevelopmentExpenses": 35700000,
        "generalAndAdministrativeExpenses": 218400000,
        "sellingAndMarketingExpenses": 0,
        "sellingGeneralAndAdministrativeExpenses": 218400000,
        "otherExpenses": 0,
        "operatingExpenses": 254100000,
        "costAndExpenses": 1274500000,
        "interestIncome": 0,
        "interestExpense": 21500000,
        "depreciationAndAmortization": 97900000,
        "ebitda": 134900000,
        "ebitdaratio": 0.1027887839,
        "operatingIncome": 37900000,
        "operatingIncomeRatio": 0.0288783907,
        "totalOtherIncomeExpensesNet": -22400000,
        "incomeBeforeTax": 10300000,
        "incomeBeforeTaxRatio": 0.007848217,
        "incomeTaxExpense": 45000000,
        "netIncome": -34700000,
        "netIncomeRatio": -0.0264401097,
        "eps": -0.96,
        "epsdiluted": -0.96,
        "weightedAverageShsOut": 36094000,
        "weightedAverageShsOutDil": 36094000,
        "link": "https://www.sec.gov/Archives/edgar/data/746838/000074683808000177/0000746838-08-000177-index.htm",
        "finalLink": "https://www.sec.gov/Archives/edgar/data/746838/000074683808000177/thirdq.txt"
    },
    {
        "date": "2008-06-30",
        "symbol": "UIS",
        "reportedCurrency": "USD",
        "cik": "0000746838",
        "fillingDate": "2008-08-07",
        "acceptedDate": "2008-08-07 14:53:16",
        "calendarYear": "2008",
        "period": "Q2",
        "revenue": 1340000000,
        "costOfRevenue": 1036200000,
        "grossProfit": 303800000,
        "grossProfitRatio": 0.2267164179,
        "researchAndDevelopmentExpenses": 30200000,
        "generalAndAdministrativeExpenses": 251000000,
        "sellingAndMarketingExpenses": 0,
        "sellingGeneralAndAdministrativeExpenses": 251000000,
        "otherExpenses": 0,
        "operatingExpenses": 281200000,
        "costAndExpenses": 1317400000,
        "interestIncome": 0,
        "interestExpense": 21200000,
        "depreciationAndAmortization": 98900000,
        "ebitda": 133300000,
        "ebitdaratio": 0.0994776119,
        "operatingIncome": 22600000,
        "operatingIncomeRatio": 0.0168656716,
        "totalOtherIncomeExpensesNet": -27600000,
        "incomeBeforeTax": -10400000,
        "incomeBeforeTaxRatio": -0.007761194,
        "incomeTaxExpense": 3600000,
        "netIncome": -14000000,
        "netIncomeRatio": -0.0104477612,
        "eps": -0.39,
        "epsdiluted": -0.39,
        "weightedAverageShsOut": 35816700,
        "weightedAverageShsOutDil": 35816700,
        "link": "https://www.sec.gov/Archives/edgar/data/746838/000074683808000146/0000746838-08-000146-index.htm",
        "finalLink": "https://www.sec.gov/Archives/edgar/data/746838/000074683808000146/secondq.txt"
    },
    {
        "date": "2008-03-31",
        "symbol": "UIS",
        "reportedCurrency": "USD",
        "cik": "0000746838",
        "fillingDate": "2008-05-12",
        "acceptedDate": "2008-05-12 15:38:07",
        "calendarYear": "2008",
        "period": "Q1",
        "revenue": 1301300000,
        "costOfRevenue": 1008100000,
        "grossProfit": 293200000,
        "grossProfitRatio": 0.2253131484,
        "researchAndDevelopmentExpenses": 32700000,
        "generalAndAdministrativeExpenses": 232500000,
        "sellingAndMarketingExpenses": 0,
        "sellingGeneralAndAdministrativeExpenses": 232500000,
        "otherExpenses": 0,
        "operatingExpenses": 265200000,
        "costAndExpenses": 1273300000,
        "interestIncome": 0,
        "interestExpense": 21600000,
        "depreciationAndAmortization": 99600000,
        "ebitda": 126500000,
        "ebitdaratio": 0.0972104818,
        "operatingIncome": 28000000,
        "operatingIncomeRatio": 0.0215169446,
        "totalOtherIncomeExpensesNet": -22700000,
        "incomeBeforeTax": 400000,
        "incomeBeforeTaxRatio": 0.0003073849,
        "incomeTaxExpense": 23800000,
        "netIncome": -23400000,
        "netIncomeRatio": -0.017982018,
        "eps": -0.66,
        "epsdiluted": -0.66,
        "weightedAverageShsOut": 35479800,
        "weightedAverageShsOutDil": 35479800,
        "link": "https://www.sec.gov/Archives/edgar/data/746838/000074683808000111/0000746838-08-000111-index.htm",
        "finalLink": "https://www.sec.gov/Archives/edgar/data/746838/000074683808000111/firstq.txt"
    },
    {
        "date": "2007-12-31",
        "symbol": "UIS",
        "reportedCurrency": "USD",
        "cik": "0000746838",
        "fillingDate": "2008-02-29",
        "acceptedDate": "2008-02-29 16:44:57",
        "calendarYear": "2007",
        "period": "Q4",
        "revenue": 1535700000,
        "costOfRevenue": 1114600000,
        "grossProfit": 421100000,
        "grossProfitRatio": 0.2742072019,
        "researchAndDevelopmentExpenses": 47400000,
        "generalAndAdministrativeExpenses": 304300000,
        "sellingAndMarketingExpenses": 0,
        "sellingGeneralAndAdministrativeExpenses": 304300000,
        "otherExpenses": 0,
        "operatingExpenses": 351700000,
        "costAndExpenses": 1466300000,
        "interestIncome": 0,
        "interestExpense": 0,
        "depreciationAndAmortization": 104100000,
        "ebitda": 173500000,
        "ebitdaratio": 0.1129777951,
        "operatingIncome": 69400000,
        "operatingIncomeRatio": 0.0451911181,
        "totalOtherIncomeExpensesNet": -23800000,
        "incomeBeforeTax": 45600000,
        "incomeBeforeTaxRatio": 0.0296932995,
        "incomeTaxExpense": 31800000,
        "netIncome": 13800000,
        "netIncomeRatio": 0.0089861301,
        "eps": 0.41,
        "epsdiluted": 0.41,
        "weightedAverageShsOut": 33428571,
        "weightedAverageShsOutDil": 33428571,
        "link": "https://www.sec.gov/Archives/edgar/data/746838/000119312508043792/0001193125-08-043792-index.htm",
        "finalLink": "https://www.sec.gov/Archives/edgar/data/746838/000119312508043792/d10k.htm"
    },
    {
        "date": "2007-09-30",
        "symbol": "UIS",
        "reportedCurrency": "USD",
        "cik": "0000746838",
        "fillingDate": "2007-11-09",
        "acceptedDate": "2007-11-09 15:14:12",
        "calendarYear": "2007",
        "period": "Q3",
        "revenue": 1393100000,
        "costOfRevenue": 1084000000,
        "grossProfit": 309100000,
        "grossProfitRatio": 0.2218792621,
        "researchAndDevelopmentExpenses": 39700000,
        "generalAndAdministrativeExpenses": 225800000,
        "sellingAndMarketingExpenses": 0,
        "sellingGeneralAndAdministrativeExpenses": 225800000,
        "otherExpenses": 0,
        "operatingExpenses": 265500000,
        "costAndExpenses": 1349500000,
        "interestIncome": 0,
        "interestExpense": 0,
        "depreciationAndAmortization": 86800000,
        "ebitda": 130400000,
        "ebitdaratio": 0.0936041921,
        "operatingIncome": 43600000,
        "operatingIncomeRatio": 0.0312971072,
        "totalOtherIncomeExpensesNet": -37800000,
        "incomeBeforeTax": 5800000,
        "incomeBeforeTaxRatio": 0.0041633766,
        "incomeTaxExpense": 36800000,
        "netIncome": -31000000,
        "netIncomeRatio": -0.0222525303,
        "eps": -0.88,
        "epsdiluted": -0.88,
        "weightedAverageShsOut": 35076500,
        "weightedAverageShsOutDil": 35076500,
        "link": "https://www.sec.gov/Archives/edgar/data/746838/000074683807000145/0000746838-07-000145-index.htm",
        "finalLink": "https://www.sec.gov/Archives/edgar/data/746838/000074683807000145/thirdq.txt"
    },
    {
        "date": "2007-06-30",
        "symbol": "UIS",
        "reportedCurrency": "USD",
        "cik": "0000746838",
        "fillingDate": "2007-08-08",
        "acceptedDate": "2007-08-08 15:23:01",
        "calendarYear": "2007",
        "period": "Q2",
        "revenue": 1375700000,
        "costOfRevenue": 1076300000,
        "grossProfit": 299400000,
        "grossProfitRatio": 0.2176346587,
        "researchAndDevelopmentExpenses": 49500000,
        "generalAndAdministrativeExpenses": 247400000,
        "sellingAndMarketingExpenses": 0,
        "sellingGeneralAndAdministrativeExpenses": 247400000,
        "otherExpenses": 0,
        "operatingExpenses": 296900000,
        "costAndExpenses": 1373200000,
        "interestIncome": 0,
        "interestExpense": 0,
        "depreciationAndAmortization": 90800000,
        "ebitda": 93300000,
        "ebitdaratio": 0.0678200189,
        "operatingIncome": 2500000,
        "operatingIncomeRatio": 0.0018172567,
        "totalOtherIncomeExpensesNet": -27400000,
        "incomeBeforeTax": -24900000,
        "incomeBeforeTaxRatio": -0.0180998764,
        "incomeTaxExpense": 40600000,
        "netIncome": -65500000,
        "netIncomeRatio": -0.0476121247,
        "eps": -1.9,
        "epsdiluted": -1.9,
        "weightedAverageShsOut": 34473684,
        "weightedAverageShsOutDil": 34473684,
        "link": "https://www.sec.gov/Archives/edgar/data/746838/000074683807000118/0000746838-07-000118-index.htm",
        "finalLink": "https://www.sec.gov/Archives/edgar/data/746838/000074683807000118/secondq.txt"
    },
    {
        "date": "2007-03-31",
        "symbol": "UIS",
        "reportedCurrency": "USD",
        "cik": "0000746838",
        "fillingDate": "2007-05-04",
        "acceptedDate": "2007-05-04 12:07:56",
        "calendarYear": "2007",
        "period": "Q1",
        "revenue": 1348000000,
        "costOfRevenue": 1090600000,
        "grossProfit": 257400000,
        "grossProfitRatio": 0.1909495549,
        "researchAndDevelopmentExpenses": 42400000,
        "generalAndAdministrativeExpenses": 244600000,
        "sellingAndMarketingExpenses": 0,
        "sellingGeneralAndAdministrativeExpenses": 244600000,
        "otherExpenses": 0,
        "operatingExpenses": 287000000,
        "costAndExpenses": 1377600000,
        "interestIncome": 0,
        "interestExpense": 0,
        "depreciationAndAmortization": 98800000,
        "ebitda": 69200000,
        "ebitdaratio": 0.0513353116,
        "operatingIncome": -29600000,
        "operatingIncomeRatio": -0.021958457,
        "totalOtherIncomeExpensesNet": 6600000,
        "incomeBeforeTax": -23000000,
        "incomeBeforeTaxRatio": -0.0170623145,
        "incomeTaxExpense": -26600000,
        "netIncome": 3600000,
        "netIncomeRatio": 0.0026706231,
        "eps": 0.1,
        "epsdiluted": 0.1,
        "weightedAverageShsOut": 36000000,
        "weightedAverageShsOutDil": 36000000,
        "link": "https://www.sec.gov/Archives/edgar/data/746838/000074683807000100/0000746838-07-000100-index.htm",
        "finalLink": "https://www.sec.gov/Archives/edgar/data/746838/000074683807000100/firstq.txt"
    },
    {
        "date": "2006-12-31",
        "symbol": "UIS",
        "reportedCurrency": "USD",
        "cik": "0000746838",
        "fillingDate": "2007-02-23",
        "acceptedDate": "2007-02-23 15:20:04",
        "calendarYear": "2006",
        "period": "Q4",
        "revenue": 1552000000,
        "costOfRevenue": 1165900000,
        "grossProfit": 386100000,
        "grossProfitRatio": 0.2487757732,
        "researchAndDevelopmentExpenses": 47000000,
        "generalAndAdministrativeExpenses": 270500000,
        "sellingAndMarketingExpenses": 0,
        "sellingGeneralAndAdministrativeExpenses": 270500000,
        "otherExpenses": 0,
        "operatingExpenses": 317500000,
        "costAndExpenses": 1483400000,
        "interestIncome": 0,
        "interestExpense": 0,
        "depreciationAndAmortization": 101200000,
        "ebitda": 169800000,
        "ebitdaratio": 0.1094072165,
        "operatingIncome": 68600000,
        "operatingIncomeRatio": 0.0442010309,
        "totalOtherIncomeExpensesNet": -19300000,
        "incomeBeforeTax": 49300000,
        "incomeBeforeTaxRatio": 0.0317654639,
        "incomeTaxExpense": 28000000,
        "netIncome": 21300000,
        "netIncomeRatio": 0.0137242268,
        "eps": 0.59,
        "epsdiluted": 0.59,
        "weightedAverageShsOut": 36000000,
        "weightedAverageShsOutDil": 36000000,
        "link": "https://www.sec.gov/Archives/edgar/data/746838/000119312507038291/0001193125-07-038291-index.htm",
        "finalLink": "https://www.sec.gov/Archives/edgar/data/746838/000119312507038291/d10k.htm"
    },
    {
        "date": "2006-09-30",
        "symbol": "UIS",
        "reportedCurrency": "USD",
        "cik": "0000746838",
        "fillingDate": "2006-10-27",
        "acceptedDate": "2006-10-27 16:40:21",
        "calendarYear": "2006",
        "period": "Q3",
        "revenue": 1410100000,
        "costOfRevenue": 1151400000,
        "grossProfit": 258700000,
        "grossProfitRatio": 0.1834621658,
        "researchAndDevelopmentExpenses": 45500000,
        "generalAndAdministrativeExpenses": 256100000,
        "sellingAndMarketingExpenses": 0,
        "sellingGeneralAndAdministrativeExpenses": 256100000,
        "otherExpenses": 0,
        "operatingExpenses": 301600000,
        "costAndExpenses": 1453000000,
        "interestIncome": 0,
        "interestExpense": 0,
        "depreciationAndAmortization": 95900000,
        "ebitda": 53000000,
        "ebitdaratio": 0.0375859868,
        "operatingIncome": -42900000,
        "operatingIncomeRatio": -0.0304233742,
        "totalOtherIncomeExpensesNet": -18600000,
        "incomeBeforeTax": -61500000,
        "incomeBeforeTaxRatio": -0.0436139281,
        "incomeTaxExpense": 16000000,
        "netIncome": -77500000,
        "netIncomeRatio": -0.0549606411,
        "eps": -2.3,
        "epsdiluted": -2.3,
        "weightedAverageShsOut": 33695652,
        "weightedAverageShsOutDil": 33695652,
        "link": "https://www.sec.gov/Archives/edgar/data/746838/000074683806000156/0000746838-06-000156-index.htm",
        "finalLink": "https://www.sec.gov/Archives/edgar/data/746838/000074683806000156/thirdq.txt"
    },
    {
        "date": "2006-06-30",
        "symbol": "UIS",
        "reportedCurrency": "USD",
        "cik": "0000746838",
        "fillingDate": "2006-08-09",
        "acceptedDate": "2006-08-09 11:58:26",
        "calendarYear": "2006",
        "period": "Q2",
        "revenue": 1407300000,
        "costOfRevenue": 1244400000,
        "grossProfit": 162900000,
        "grossProfitRatio": 0.1157535707,
        "researchAndDevelopmentExpenses": 63900000,
        "generalAndAdministrativeExpenses": 282700000,
        "sellingAndMarketingExpenses": 0,
        "sellingGeneralAndAdministrativeExpenses": 282700000,
        "otherExpenses": 0,
        "operatingExpenses": 346600000,
        "costAndExpenses": 1591000000,
        "interestIncome": 0,
        "interestExpense": 0,
        "depreciationAndAmortization": 93000000,
        "ebitda": -90700000,
        "ebitdaratio": -0.0644496554,
        "operatingIncome": -183700000,
        "operatingIncomeRatio": -0.130533646,
        "totalOtherIncomeExpensesNet": -19800000,
        "incomeBeforeTax": -203500000,
        "incomeBeforeTaxRatio": -0.1446031408,
        "incomeTaxExpense": -8900000,
        "netIncome": -194600000,
        "netIncomeRatio": -0.1382789739,
        "eps": -5.7,
        "epsdiluted": -5.7,
        "weightedAverageShsOut": 34140351,
        "weightedAverageShsOutDil": 34140351,
        "link": "https://www.sec.gov/Archives/edgar/data/746838/000074683806000141/0000746838-06-000141-index.htm",
        "finalLink": "https://www.sec.gov/Archives/edgar/data/746838/000074683806000141/secondq.txt"
    },
    {
        "date": "2006-03-31",
        "symbol": "UIS",
        "reportedCurrency": "USD",
        "cik": "0000746838",
        "fillingDate": "2006-05-01",
        "acceptedDate": "2006-04-28 17:31:32",
        "calendarYear": "2006",
        "period": "Q1",
        "revenue": 1387800000,
        "costOfRevenue": 1185900000,
        "grossProfit": 201900000,
        "grossProfitRatio": 0.1454820579,
        "researchAndDevelopmentExpenses": 75300000,
        "generalAndAdministrativeExpenses": 295400000,
        "sellingAndMarketingExpenses": 0,
        "sellingGeneralAndAdministrativeExpenses": 295400000,
        "otherExpenses": 0,
        "operatingExpenses": 370700000,
        "costAndExpenses": 1556600000,
        "interestIncome": 0,
        "interestExpense": 0,
        "depreciationAndAmortization": 98400000,
        "ebitda": -70400000,
        "ebitdaratio": -0.0507277706,
        "operatingIncome": -168800000,
        "operatingIncomeRatio": -0.121631359,
        "totalOtherIncomeExpensesNet": 133600000,
        "incomeBeforeTax": -35200000,
        "incomeBeforeTaxRatio": -0.0253638853,
        "incomeTaxExpense": -7300000,
        "netIncome": -27900000,
        "netIncomeRatio": -0.0201037613,
        "eps": -0.8,
        "epsdiluted": -0.8,
        "weightedAverageShsOut": 34875000,
        "weightedAverageShsOutDil": 34875000,
        "link": "https://www.sec.gov/Archives/edgar/data/746838/000074683806000108/0000746838-06-000108-index.htm",
        "finalLink": "https://www.sec.gov/Archives/edgar/data/746838/000074683806000108/firstq.txt"
    },
    {
        "date": "2005-12-31",
        "symbol": "UIS",
        "reportedCurrency": "USD",
        "cik": "0000746838",
        "fillingDate": "2006-02-24",
        "acceptedDate": "2006-02-24 16:25:58",
        "calendarYear": "2005",
        "period": "Q4",
        "revenue": 1569500000,
        "costOfRevenue": 1191800000,
        "grossProfit": 377700000,
        "grossProfitRatio": 0.2406498885,
        "researchAndDevelopmentExpenses": 71200000,
        "generalAndAdministrativeExpenses": 269900000,
        "sellingAndMarketingExpenses": 0,
        "sellingGeneralAndAdministrativeExpenses": 269900000,
        "otherExpenses": 0,
        "operatingExpenses": 341100000,
        "costAndExpenses": 1532900000,
        "interestIncome": 0,
        "interestExpense": 0,
        "depreciationAndAmortization": 96900000,
        "ebitda": 133500000,
        "ebitdaratio": 0.085058936,
        "operatingIncome": 36600000,
        "operatingIncomeRatio": 0.0233195285,
        "totalOtherIncomeExpensesNet": -9400000,
        "incomeBeforeTax": 27200000,
        "incomeBeforeTaxRatio": 0.01733036,
        "incomeTaxExpense": 58300000,
        "netIncome": -31100000,
        "netIncomeRatio": -0.0198152278,
        "eps": -0.91,
        "epsdiluted": -0.89,
        "weightedAverageShsOut": 34257850,
        "weightedAverageShsOutDil": 34875000,
        "link": "https://www.sec.gov/Archives/edgar/data/746838/000119312506038890/0001193125-06-038890-index.htm",
        "finalLink": "https://www.sec.gov/Archives/edgar/data/746838/000119312506038890/d10k.htm"
    },
    {
        "date": "2005-09-30",
        "symbol": "UIS",
        "reportedCurrency": "USD",
        "cik": "0000746838",
        "fillingDate": "2005-11-09",
        "acceptedDate": "2005-11-09 16:39:51",
        "calendarYear": "2005",
        "period": "Q3",
        "revenue": 1387100000,
        "costOfRevenue": 1141100000,
        "grossProfit": 246000000,
        "grossProfitRatio": 0.1773484248,
        "researchAndDevelopmentExpenses": 61200000,
        "generalAndAdministrativeExpenses": 261000000,
        "sellingAndMarketingExpenses": 0,
        "sellingGeneralAndAdministrativeExpenses": 261000000,
        "otherExpenses": 0,
        "operatingExpenses": 322200000,
        "costAndExpenses": 1463300000,
        "interestIncome": 0,
        "interestExpense": 0,
        "depreciationAndAmortization": 90700000,
        "ebitda": 14500000,
        "ebitdaratio": 0.0104534641,
        "operatingIncome": -76200000,
        "operatingIncomeRatio": -0.054934756,
        "totalOtherIncomeExpensesNet": -3800000,
        "incomeBeforeTax": -80000000,
        "incomeBeforeTaxRatio": -0.0576742845,
        "incomeTaxExpense": 1548200000,
        "netIncome": -1628200000,
        "netIncomeRatio": -1.1738158748,
        "eps": -47.8,
        "epsdiluted": -47.8,
        "weightedAverageShsOut": 34062762,
        "weightedAverageShsOutDil": 34062762,
        "link": "https://www.sec.gov/Archives/edgar/data/746838/000074683805000275/0000746838-05-000275-index.htm",
        "finalLink": "https://www.sec.gov/Archives/edgar/data/746838/000074683805000275/thirdq10q.txt"
    },
    {
        "date": "2005-06-30",
        "symbol": "UIS",
        "reportedCurrency": "USD",
        "cik": "0000746838",
        "fillingDate": "2005-07-27",
        "acceptedDate": "2005-07-27 14:43:48",
        "calendarYear": "2005",
        "period": "Q2",
        "revenue": 1435500000,
        "costOfRevenue": 1158100000,
        "grossProfit": 277400000,
        "grossProfitRatio": 0.1932427726,
        "researchAndDevelopmentExpenses": 66600000,
        "generalAndAdministrativeExpenses": 267400000,
        "sellingAndMarketingExpenses": 0,
        "sellingGeneralAndAdministrativeExpenses": 267400000,
        "otherExpenses": 0,
        "operatingExpenses": 334000000,
        "costAndExpenses": 1492100000,
        "interestIncome": 0,
        "interestExpense": 0,
        "depreciationAndAmortization": 93400000,
        "ebitda": 36800000,
        "ebitdaratio": 0.025635667,
        "operatingIncome": -56600000,
        "operatingIncomeRatio": -0.0394287705,
        "totalOtherIncomeExpensesNet": 16800000,
        "incomeBeforeTax": -39800000,
        "incomeBeforeTaxRatio": -0.0277255312,
        "incomeTaxExpense": -12700000,
        "netIncome": -27100000,
        "netIncomeRatio": -0.0188784396,
        "eps": -0.8,
        "epsdiluted": -0.8,
        "weightedAverageShsOut": 33875000,
        "weightedAverageShsOutDil": 33875000,
        "link": "https://www.sec.gov/Archives/edgar/data/746838/000074683805000203/0000746838-05-000203-index.htm",
        "finalLink": "https://www.sec.gov/Archives/edgar/data/746838/000074683805000203/secondq10q.txt"
    },
    {
        "date": "2005-03-31",
        "symbol": "UIS",
        "reportedCurrency": "USD",
        "cik": "0000746838",
        "fillingDate": "2005-04-21",
        "acceptedDate": "2005-04-21 16:12:53",
        "calendarYear": "2005",
        "period": "Q1",
        "revenue": 1366600000,
        "costOfRevenue": 1106300000,
        "grossProfit": 260300000,
        "grossProfitRatio": 0.190472706,
        "researchAndDevelopmentExpenses": 64900000,
        "generalAndAdministrativeExpenses": 261600000,
        "sellingAndMarketingExpenses": 0,
        "sellingGeneralAndAdministrativeExpenses": 261600000,
        "otherExpenses": 0,
        "operatingExpenses": 326500000,
        "costAndExpenses": 1432800000,
        "interestIncome": 0,
        "interestExpense": 0,
        "depreciationAndAmortization": 93200000,
        "ebitda": 27000000,
        "ebitdaratio": 0.0197570613,
        "operatingIncome": -66200000,
        "operatingIncomeRatio": -0.0484413874,
        "totalOtherIncomeExpensesNet": -12100000,
        "incomeBeforeTax": -78300000,
        "incomeBeforeTaxRatio": -0.0572954778,
        "incomeTaxExpense": -32800000,
        "netIncome": -45500000,
        "netIncomeRatio": -0.033294307,
        "eps": -1.3,
        "epsdiluted": -1.3,
        "weightedAverageShsOut": 35000000,
        "weightedAverageShsOutDil": 35000000,
        "link": "https://www.sec.gov/Archives/edgar/data/746838/000074683805000132/0000746838-05-000132-index.htm",
        "finalLink": "https://www.sec.gov/Archives/edgar/data/746838/000074683805000132/firstq10q.txt"
    },
    {
        "date": "2004-12-31",
        "symbol": "UIS",
        "reportedCurrency": "USD",
        "cik": "0000746838",
        "fillingDate": "2005-02-18",
        "acceptedDate": "2005-02-17 18:47:13",
        "calendarYear": "2004",
        "period": "Q4",
        "revenue": 1524000000,
        "costOfRevenue": 1261200000,
        "grossProfit": 262800000,
        "grossProfitRatio": 0.1724409449,
        "researchAndDevelopmentExpenses": 76200000,
        "generalAndAdministrativeExpenses": 265100000,
        "sellingAndMarketingExpenses": 0,
        "sellingGeneralAndAdministrativeExpenses": 265100000,
        "otherExpenses": 0,
        "operatingExpenses": 341300000,
        "costAndExpenses": 1602500000,
        "interestIncome": 0,
        "interestExpense": 0,
        "depreciationAndAmortization": 115700000,
        "ebitda": 37200000,
        "ebitdaratio": 0.0244094488,
        "operatingIncome": -78500000,
        "operatingIncomeRatio": -0.0515091864,
        "totalOtherIncomeExpensesNet": -11400000,
        "incomeBeforeTax": -89900000,
        "incomeBeforeTaxRatio": -0.0589895013,
        "incomeTaxExpense": -55000000,
        "netIncome": -34900000,
        "netIncomeRatio": -0.0229002625,
        "eps": -1,
        "epsdiluted": -1,
        "weightedAverageShsOut": 35000000,
        "weightedAverageShsOutDil": 35000000,
        "link": "https://www.sec.gov/Archives/edgar/data/746838/000119312505032226/0001193125-05-032226-index.htm",
        "finalLink": "https://www.sec.gov/Archives/edgar/data/746838/000119312505032226/d10k.htm"
    },
    {
        "date": "2004-09-30",
        "symbol": "UIS",
        "reportedCurrency": "USD",
        "cik": "0000746838",
        "fillingDate": "2004-10-22",
        "acceptedDate": "2004-10-22 16:26:26",
        "calendarYear": "2004",
        "period": "Q3",
        "revenue": 1445700000,
        "costOfRevenue": 1104700000,
        "grossProfit": 341000000,
        "grossProfitRatio": 0.235871896,
        "researchAndDevelopmentExpenses": 75300000,
        "generalAndAdministrativeExpenses": 303700000,
        "sellingAndMarketingExpenses": 0,
        "sellingGeneralAndAdministrativeExpenses": 303700000,
        "otherExpenses": 0,
        "operatingExpenses": 379000000,
        "costAndExpenses": 1483700000,
        "interestIncome": 0,
        "interestExpense": 0,
        "depreciationAndAmortization": 92300000,
        "ebitda": 61100000,
        "ebitdaratio": 0.0422632635,
        "operatingIncome": -38000000,
        "operatingIncomeRatio": -0.0262848447,
        "totalOtherIncomeExpensesNet": -19200000,
        "incomeBeforeTax": -57200000,
        "incomeBeforeTaxRatio": -0.0395656084,
        "incomeTaxExpense": -82400000,
        "netIncome": 25200000,
        "netIncomeRatio": 0.0174310023,
        "eps": 0.8,
        "epsdiluted": 0.7,
        "weightedAverageShsOut": 31500000,
        "weightedAverageShsOutDil": 36000000,
        "link": "https://www.sec.gov/Archives/edgar/data/746838/000074683804000284/0000746838-04-000284-index.htm",
        "finalLink": "https://www.sec.gov/Archives/edgar/data/746838/000074683804000284/thirdq10-q.txt"
    },
    {
        "date": "2004-06-30",
        "symbol": "UIS",
        "reportedCurrency": "USD",
        "cik": "0000746838",
        "fillingDate": "2004-07-23",
        "acceptedDate": "2004-07-23 15:21:25",
        "calendarYear": "2004",
        "period": "Q2",
        "revenue": 1388100000,
        "costOfRevenue": 1021000000,
        "grossProfit": 367100000,
        "grossProfitRatio": 0.2644622145,
        "researchAndDevelopmentExpenses": 71300000,
        "generalAndAdministrativeExpenses": 272900000,
        "sellingAndMarketingExpenses": 0,
        "sellingGeneralAndAdministrativeExpenses": 272900000,
        "otherExpenses": 0,
        "operatingExpenses": 344200000,
        "costAndExpenses": 1365200000,
        "interestIncome": 0,
        "interestExpense": 0,
        "depreciationAndAmortization": 96600000,
        "ebitda": 119500000,
        "ebitdaratio": 0.0860888985,
        "operatingIncome": 22900000,
        "operatingIncomeRatio": 0.0164973705,
        "totalOtherIncomeExpensesNet": 5800000,
        "incomeBeforeTax": 28700000,
        "incomeBeforeTaxRatio": 0.0206757438,
        "incomeTaxExpense": 9300000,
        "netIncome": 19400000,
        "netIncomeRatio": 0.0139759383,
        "eps": 0.6,
        "epsdiluted": 0.6,
        "weightedAverageShsOut": 32333333,
        "weightedAverageShsOutDil": 32333333,
        "link": "https://www.sec.gov/Archives/edgar/data/746838/000074683804000204/0000746838-04-000204-index.htm",
        "finalLink": "https://www.sec.gov/Archives/edgar/data/746838/000074683804000204/secondq10-q.txt"
    },
    {
        "date": "2004-03-31",
        "symbol": "UIS",
        "reportedCurrency": "USD",
        "cik": "0000746838",
        "fillingDate": "2004-04-22",
        "acceptedDate": "2004-04-22 14:58:16",
        "calendarYear": "2004",
        "period": "Q1",
        "revenue": 1462900000,
        "costOfRevenue": 1071400000,
        "grossProfit": 391500000,
        "grossProfitRatio": 0.2676191127,
        "researchAndDevelopmentExpenses": 71500000,
        "generalAndAdministrativeExpenses": 261200000,
        "sellingAndMarketingExpenses": 0,
        "sellingGeneralAndAdministrativeExpenses": 261200000,
        "otherExpenses": 0,
        "operatingExpenses": 332700000,
        "costAndExpenses": 1404100000,
        "interestIncome": 0,
        "interestExpense": 0,
        "depreciationAndAmortization": 89400000,
        "ebitda": 148200000,
        "ebitdaratio": 0.1013056258,
        "operatingIncome": 58800000,
        "operatingIncomeRatio": 0.0401941349,
        "totalOtherIncomeExpensesNet": -16400000,
        "incomeBeforeTax": 42400000,
        "incomeBeforeTaxRatio": 0.0289835259,
        "incomeTaxExpense": 13500000,
        "netIncome": 28900000,
        "netIncomeRatio": 0.0197552806,
        "eps": 0.9,
        "epsdiluted": 0.9,
        "weightedAverageShsOut": 32111111,
        "weightedAverageShsOutDil": 32111111,
        "link": "https://www.sec.gov/Archives/edgar/data/746838/000074683804000140/0000746838-04-000140-index.htm",
        "finalLink": "https://www.sec.gov/Archives/edgar/data/746838/000074683804000140/firstq10-q.txt"
    },
    {
        "date": "2003-12-31",
        "symbol": "UIS",
        "reportedCurrency": "USD",
        "cik": "0000746838",
        "fillingDate": "2004-02-18",
        "acceptedDate": "2004-02-17 20:36:27",
        "calendarYear": "2003",
        "period": "Q4",
        "revenue": 1637600000,
        "costOfRevenue": 1126900000,
        "grossProfit": 510700000,
        "grossProfitRatio": 0.3118588178,
        "researchAndDevelopmentExpenses": 81400000,
        "generalAndAdministrativeExpenses": 270100000,
        "sellingAndMarketingExpenses": 0,
        "sellingGeneralAndAdministrativeExpenses": 270100000,
        "otherExpenses": 0,
        "operatingExpenses": 351500000,
        "costAndExpenses": 1478400000,
        "interestIncome": 0,
        "interestExpense": 0,
        "depreciationAndAmortization": 95500000,
        "ebitda": 254700000,
        "ebitdaratio": 0.1555324866,
        "operatingIncome": 159200000,
        "operatingIncomeRatio": 0.0972154372,
        "totalOtherIncomeExpensesNet": 1600000,
        "incomeBeforeTax": 160800000,
        "incomeBeforeTaxRatio": 0.0981924768,
        "incomeTaxExpense": 49300000,
        "netIncome": 111500000,
        "netIncomeRatio": 0.068087445,
        "eps": 3.47,
        "epsdiluted": 3.47,
        "weightedAverageShsOut": 32111111,
        "weightedAverageShsOutDil": 32111111,
        "link": "https://www.sec.gov/Archives/edgar/data/746838/000119312504025390/0001193125-04-025390-index.htm",
        "finalLink": "https://www.sec.gov/Archives/edgar/data/746838/000119312504025390/d10k.htm"
    },
    {
        "date": "2003-09-30",
        "symbol": "UIS",
        "reportedCurrency": "USD",
        "cik": "0000746838",
        "fillingDate": "2003-10-24",
        "acceptedDate": "2003-10-24 15:53:39",
        "calendarYear": "2003",
        "period": "Q3",
        "revenue": 1449700000,
        "costOfRevenue": 1024600000,
        "grossProfit": 425100000,
        "grossProfitRatio": 0.2932330827,
        "researchAndDevelopmentExpenses": 68200000,
        "generalAndAdministrativeExpenses": 251000000,
        "sellingAndMarketingExpenses": 0,
        "sellingGeneralAndAdministrativeExpenses": 251000000,
        "otherExpenses": 0,
        "operatingExpenses": 319200000,
        "costAndExpenses": 1343800000,
        "interestIncome": 0,
        "interestExpense": 0,
        "depreciationAndAmortization": 81800000,
        "ebitda": 187700000,
        "ebitdaratio": 0.1294750638,
        "operatingIncome": 105900000,
        "operatingIncomeRatio": 0.0730495965,
        "totalOtherIncomeExpensesNet": -21900000,
        "incomeBeforeTax": 84000000,
        "incomeBeforeTaxRatio": 0.0579430227,
        "incomeTaxExpense": 27800000,
        "netIncome": 56200000,
        "netIncomeRatio": 0.0387666414,
        "eps": 1.7,
        "epsdiluted": 1.7,
        "weightedAverageShsOut": 33058824,
        "weightedAverageShsOutDil": 33058824,
        "link": "https://www.sec.gov/Archives/edgar/data/746838/000074683803000095/0000746838-03-000095-index.htm",
        "finalLink": "https://www.sec.gov/Archives/edgar/data/746838/000074683803000095/thirdq10q.txt"
    },
    {
        "date": "2003-06-30",
        "symbol": "UIS",
        "reportedCurrency": "USD",
        "cik": "0000746838",
        "fillingDate": "2003-07-24",
        "acceptedDate": "2003-07-24 14:02:13",
        "calendarYear": "2003",
        "period": "Q2",
        "revenue": 1425000000,
        "costOfRevenue": 1032900000,
        "grossProfit": 392100000,
        "grossProfitRatio": 0.2751578947,
        "researchAndDevelopmentExpenses": 63700000,
        "generalAndAdministrativeExpenses": 242400000,
        "sellingAndMarketingExpenses": 0,
        "sellingGeneralAndAdministrativeExpenses": 242400000,
        "otherExpenses": 0,
        "operatingExpenses": 306100000,
        "costAndExpenses": 1339000000,
        "interestIncome": 0,
        "interestExpense": 0,
        "depreciationAndAmortization": 85600000,
        "ebitda": 171600000,
        "ebitdaratio": 0.1204210526,
        "operatingIncome": 86000000,
        "operatingIncomeRatio": 0.0603508772,
        "totalOtherIncomeExpensesNet": -7800000,
        "incomeBeforeTax": 78200000,
        "incomeBeforeTaxRatio": 0.054877193,
        "incomeTaxExpense": 25700000,
        "netIncome": 52500000,
        "netIncomeRatio": 0.0368421053,
        "eps": 1.6,
        "epsdiluted": 1.6,
        "weightedAverageShsOut": 32812500,
        "weightedAverageShsOutDil": 32812500,
        "link": "https://www.sec.gov/Archives/edgar/data/746838/000074683803000043/0000746838-03-000043-index.htm",
        "finalLink": "https://www.sec.gov/Archives/edgar/data/746838/000074683803000043/secondq10q.txt"
    },
    {
        "date": "2003-03-31",
        "symbol": "UIS",
        "reportedCurrency": "USD",
        "cik": "0000746838",
        "fillingDate": "2003-05-02",
        "acceptedDate": "2003-05-02 15:30:20",
        "calendarYear": "2003",
        "period": "Q1",
        "revenue": 1398900000,
        "costOfRevenue": 1011800000,
        "grossProfit": 387100000,
        "grossProfitRatio": 0.2767174208,
        "researchAndDevelopmentExpenses": 66800000,
        "generalAndAdministrativeExpenses": 243700000,
        "sellingAndMarketingExpenses": 0,
        "sellingGeneralAndAdministrativeExpenses": 243700000,
        "otherExpenses": 0,
        "operatingExpenses": 310500000,
        "costAndExpenses": 1322300000,
        "interestIncome": 0,
        "interestExpense": 0,
        "depreciationAndAmortization": 79700000,
        "ebitda": 156300000,
        "ebitdaratio": 0.1117306455,
        "operatingIncome": 76600000,
        "operatingIncomeRatio": 0.0547573093,
        "totalOtherIncomeExpensesNet": -19100000,
        "incomeBeforeTax": 57500000,
        "incomeBeforeTaxRatio": 0.0411037244,
        "incomeTaxExpense": 19000000,
        "netIncome": 38500000,
        "netIncomeRatio": 0.0275216241,
        "eps": 1.2,
        "epsdiluted": 1.2,
        "weightedAverageShsOut": 32083333,
        "weightedAverageShsOutDil": 32083333,
        "link": "https://www.sec.gov/Archives/edgar/data/746838/000074683803000010/0000746838-03-000010-index.htm",
        "finalLink": "https://www.sec.gov/Archives/edgar/data/746838/000074683803000010/firstq10q.txt"
    },
    {
        "date": "2002-12-31",
        "symbol": "UIS",
        "reportedCurrency": "USD",
        "cik": "0000746838",
        "fillingDate": "2003-02-19",
        "acceptedDate": "2003-02-19 16:04:12",
        "calendarYear": "2002",
        "period": "Q4",
        "revenue": 1552800000,
        "costOfRevenue": 1061100000,
        "grossProfit": 491700000,
        "grossProfitRatio": 0.3166537867,
        "researchAndDevelopmentExpenses": 80700000,
        "generalAndAdministrativeExpenses": 259800000,
        "sellingAndMarketingExpenses": 0,
        "sellingGeneralAndAdministrativeExpenses": 259800000,
        "otherExpenses": 0,
        "operatingExpenses": 340500000,
        "costAndExpenses": 1401600000,
        "interestIncome": 0,
        "interestExpense": 0,
        "depreciationAndAmortization": 81900000,
        "ebitda": 233100000,
        "ebitdaratio": 0.1501159196,
        "operatingIncome": 151200000,
        "operatingIncomeRatio": 0.0973724884,
        "totalOtherIncomeExpensesNet": -18300000,
        "incomeBeforeTax": 132900000,
        "incomeBeforeTaxRatio": 0.0855873261,
        "incomeTaxExpense": 43800000,
        "netIncome": 89100000,
        "netIncomeRatio": 0.0573802164,
        "eps": 2.78,
        "epsdiluted": 2.78,
        "weightedAverageShsOut": 31299753,
        "weightedAverageShsOutDil": 32083333,
        "link": "https://www.sec.gov/Archives/edgar/data/746838/000102140803003172/0001021408-03-003172-index.htm",
        "finalLink": "https://www.sec.gov/Archives/edgar/data/746838/000102140803003172/d10k.txt"
    },
    {
        "date": "2002-09-30",
        "symbol": "UIS",
        "reportedCurrency": "USD",
        "cik": "0000746838",
        "fillingDate": "2002-11-01",
        "acceptedDate": "2002-11-01 17:19:25",
        "calendarYear": "2002",
        "period": "Q3",
        "revenue": 1332300000,
        "costOfRevenue": 929300000,
        "grossProfit": 403000000,
        "grossProfitRatio": 0.3024844254,
        "researchAndDevelopmentExpenses": 65500000,
        "generalAndAdministrativeExpenses": 241300000,
        "sellingAndMarketingExpenses": 0,
        "sellingGeneralAndAdministrativeExpenses": 241300000,
        "otherExpenses": 0,
        "operatingExpenses": 306800000,
        "costAndExpenses": 1236100000,
        "interestIncome": 0,
        "interestExpense": 0,
        "depreciationAndAmortization": 71300000,
        "ebitda": 167500000,
        "ebitdaratio": 0.1257224349,
        "operatingIncome": 96200000,
        "operatingIncomeRatio": 0.0722059596,
        "totalOtherIncomeExpensesNet": -8100000,
        "incomeBeforeTax": 88100000,
        "incomeBeforeTaxRatio": 0.0661262478,
        "incomeTaxExpense": 29100000,
        "netIncome": 59000000,
        "netIncomeRatio": 0.0442843203,
        "eps": 1.8,
        "epsdiluted": 1.8,
        "weightedAverageShsOut": 32777778,
        "weightedAverageShsOutDil": 32777778,
        "link": "https://www.sec.gov/Archives/edgar/data/746838/000074683802000016/0000746838-02-000016-index.htm",
        "finalLink": "https://www.sec.gov/Archives/edgar/data/746838/000074683802000016/q3.txt"
    },
    {
        "date": "2002-06-30",
        "symbol": "UIS",
        "reportedCurrency": "USD",
        "cik": "0000746838",
        "fillingDate": "2002-08-13",
        "acceptedDate": "2002-08-13 15:09:05",
        "calendarYear": "2002",
        "period": "Q2",
        "revenue": 1359800000,
        "costOfRevenue": 955300000,
        "grossProfit": 404500000,
        "grossProfitRatio": 0.2974702162,
        "researchAndDevelopmentExpenses": 62000000,
        "generalAndAdministrativeExpenses": 245500000,
        "sellingAndMarketingExpenses": 0,
        "sellingGeneralAndAdministrativeExpenses": 245500000,
        "otherExpenses": 0,
        "operatingExpenses": 307500000,
        "costAndExpenses": 1262800000,
        "interestIncome": 0,
        "interestExpense": 0,
        "depreciationAndAmortization": 75000000,
        "ebitda": 172000000,
        "ebitdaratio": 0.1264891896,
        "operatingIncome": 97000000,
        "operatingIncomeRatio": 0.0713340197,
        "totalOtherIncomeExpensesNet": -34100000,
        "incomeBeforeTax": 62900000,
        "incomeBeforeTaxRatio": 0.0462568025,
        "incomeTaxExpense": 20700000,
        "netIncome": 42200000,
        "netIncomeRatio": 0.0310339756,
        "eps": 1.3,
        "epsdiluted": 1.3,
        "weightedAverageShsOut": 32461538,
        "weightedAverageShsOutDil": 32461538,
        "link": "https://www.sec.gov/Archives/edgar/data/746838/000074683802000009/0000746838-02-000009-index.htm",
        "finalLink": "https://www.sec.gov/Archives/edgar/data/746838/000074683802000009/q2final.txt"
    },
    {
        "date": "2002-03-31",
        "symbol": "UIS",
        "reportedCurrency": "USD",
        "cik": "0000746838",
        "fillingDate": "2002-04-26",
        "acceptedDate": "2002-04-26 00:00:00",
        "calendarYear": "2002",
        "period": "Q1",
        "revenue": 1362500000,
        "costOfRevenue": 973200000,
        "grossProfit": 389300000,
        "grossProfitRatio": 0.2857247706,
        "researchAndDevelopmentExpenses": 65100000,
        "generalAndAdministrativeExpenses": 245400000,
        "sellingAndMarketingExpenses": 0,
        "sellingGeneralAndAdministrativeExpenses": 245400000,
        "otherExpenses": 0,
        "operatingExpenses": 310500000,
        "costAndExpenses": 1283700000,
        "interestIncome": 0,
        "interestExpense": 0,
        "depreciationAndAmortization": 69600000,
        "ebitda": 148400000,
        "ebitdaratio": 0.1089174312,
        "operatingIncome": 78800000,
        "operatingIncomeRatio": 0.0578348624,
        "totalOtherIncomeExpensesNet": -29900000,
        "incomeBeforeTax": 48900000,
        "incomeBeforeTaxRatio": 0.0358899083,
        "incomeTaxExpense": 16200000,
        "netIncome": 32700000,
        "netIncomeRatio": 0.024,
        "eps": 1,
        "epsdiluted": 1,
        "weightedAverageShsOut": 32700000,
        "weightedAverageShsOutDil": 32700000,
        "link": "https://www.sec.gov/Archives/edgar/data/746838/000102140802005843/0001021408-02-005843-index.htm",
        "finalLink": "https://www.sec.gov/Archives/edgar/data/746838/000102140802005843/d10q.txt"
    },
    {
        "date": "2001-12-31",
        "symbol": "UIS",
        "reportedCurrency": "USD",
        "cik": "0000746838",
        "fillingDate": "2002-02-19",
        "acceptedDate": "2002-02-19 00:00:00",
        "calendarYear": "2001",
        "period": "Q4",
        "revenue": 1556900000,
        "costOfRevenue": 1278500000,
        "grossProfit": 278400000,
        "grossProfitRatio": 0.1788168797,
        "researchAndDevelopmentExpenses": 106900000,
        "generalAndAdministrativeExpenses": 371900000,
        "sellingAndMarketingExpenses": 0,
        "sellingGeneralAndAdministrativeExpenses": 371900000,
        "otherExpenses": 0,
        "operatingExpenses": 478800000,
        "costAndExpenses": 1757300000,
        "interestIncome": 0,
        "interestExpense": 0,
        "depreciationAndAmortization": 100800000,
        "ebitda": -99600000,
        "ebitdaratio": -0.0639732802,
        "operatingIncome": -200400000,
        "operatingIncomeRatio": -0.1287173229,
        "totalOtherIncomeExpensesNet": -24600000,
        "incomeBeforeTax": -225000000,
        "incomeBeforeTaxRatio": -0.1445179523,
        "incomeTaxExpense": -55600000,
        "netIncome": -169400000,
        "netIncomeRatio": -0.1088059606,
        "eps": -5.31,
        "epsdiluted": -5.18,
        "weightedAverageShsOut": 31903274,
        "weightedAverageShsOutDil": 32700000,
        "link": "https://www.sec.gov/Archives/edgar/data/746838/000093066102000536/0000930661-02-000536-index.htm",
        "finalLink": "https://www.sec.gov/Archives/edgar/data/746838/000093066102000536/d10k.txt"
    },
    {
        "date": "2001-09-30",
        "symbol": "UIS",
        "reportedCurrency": "USD",
        "cik": "0000746838",
        "fillingDate": "2001-10-19",
        "acceptedDate": "2001-10-19 00:00:00",
        "calendarYear": "2001",
        "period": "Q3",
        "revenue": 1376000000,
        "costOfRevenue": 996100000,
        "grossProfit": 379900000,
        "grossProfitRatio": 0.2760901163,
        "researchAndDevelopmentExpenses": 73400000,
        "generalAndAdministrativeExpenses": 262700000,
        "sellingAndMarketingExpenses": 0,
        "sellingGeneralAndAdministrativeExpenses": 262700000,
        "otherExpenses": 0,
        "operatingExpenses": 336100000,
        "costAndExpenses": 1332200000,
        "interestIncome": 0,
        "interestExpense": 0,
        "depreciationAndAmortization": 67600000,
        "ebitda": 111400000,
        "ebitdaratio": 0.0809593023,
        "operatingIncome": 43800000,
        "operatingIncomeRatio": 0.0318313953,
        "totalOtherIncomeExpensesNet": -12600000,
        "incomeBeforeTax": 31200000,
        "incomeBeforeTaxRatio": 0.0226744186,
        "incomeTaxExpense": 10300000,
        "netIncome": 20900000,
        "netIncomeRatio": 0.0151889535,
        "eps": 0.7,
        "epsdiluted": 0.7,
        "weightedAverageShsOut": 29857143,
        "weightedAverageShsOutDil": 29857143,
        "link": "https://www.sec.gov/Archives/edgar/data/746838/000074683801500022/0000746838-01-500022-index.htm",
        "finalLink": "https://www.sec.gov/Archives/edgar/data/746838/000074683801500022/q310q.txt"
    },
    {
        "date": "2001-06-30",
        "symbol": "UIS",
        "reportedCurrency": "USD",
        "cik": "0000746838",
        "fillingDate": "2001-07-20",
        "acceptedDate": "2001-07-20 00:00:00",
        "calendarYear": "2001",
        "period": "Q2",
        "revenue": 1461400000,
        "costOfRevenue": 1064000000,
        "grossProfit": 397400000,
        "grossProfitRatio": 0.271931025,
        "researchAndDevelopmentExpenses": 75200000,
        "generalAndAdministrativeExpenses": 276400000,
        "sellingAndMarketingExpenses": 0,
        "sellingGeneralAndAdministrativeExpenses": 276400000,
        "otherExpenses": 0,
        "operatingExpenses": 351600000,
        "costAndExpenses": 1415600000,
        "interestIncome": 0,
        "interestExpense": 0,
        "depreciationAndAmortization": 66400000,
        "ebitda": 109900000,
        "ebitdaratio": 0.0752018612,
        "operatingIncome": 45800000,
        "operatingIncomeRatio": 0.0313398111,
        "totalOtherIncomeExpensesNet": -1900000,
        "incomeBeforeTax": 43900000,
        "incomeBeforeTaxRatio": 0.030039688,
        "incomeTaxExpense": 14600000,
        "netIncome": 12100000,
        "netIncomeRatio": 0.0082797318,
        "eps": 0.4,
        "epsdiluted": 0.4,
        "weightedAverageShsOut": 30250000,
        "weightedAverageShsOutDil": 30250000,
        "link": "https://www.sec.gov/Archives/edgar/data/746838/000074683801500018/0000746838-01-500018-index.htm",
        "finalLink": "https://www.sec.gov/Archives/edgar/data/746838/000074683801500018/q210q.txt"
    },
    {
        "date": "2001-03-31",
        "symbol": "UIS",
        "reportedCurrency": "USD",
        "cik": "0000746838",
        "fillingDate": "2001-04-26",
        "acceptedDate": "2001-04-26 00:00:00",
        "calendarYear": "2001",
        "period": "Q1",
        "revenue": 1623800000,
        "costOfRevenue": 1196200000,
        "grossProfit": 427600000,
        "grossProfitRatio": 0.2633329228,
        "researchAndDevelopmentExpenses": 76000000,
        "generalAndAdministrativeExpenses": 245300000,
        "sellingAndMarketingExpenses": 0,
        "sellingGeneralAndAdministrativeExpenses": 245300000,
        "otherExpenses": 0,
        "operatingExpenses": 321300000,
        "costAndExpenses": 1517500000,
        "interestIncome": 0,
        "interestExpense": 0,
        "depreciationAndAmortization": 67400000,
        "ebitda": 176000000,
        "ebitdaratio": 0.1083877325,
        "operatingIncome": 106300000,
        "operatingIncomeRatio": 0.0654637271,
        "totalOtherIncomeExpensesNet": -2900000,
        "incomeBeforeTax": 103400000,
        "incomeBeforeTaxRatio": 0.0636777928,
        "incomeTaxExpense": 34100000,
        "netIncome": 69300000,
        "netIncomeRatio": 0.0426776697,
        "eps": 2.2,
        "epsdiluted": 2.2,
        "weightedAverageShsOut": 31630900,
        "weightedAverageShsOutDil": 31902900,
        "link": "https://www.sec.gov/Archives/edgar/data/746838/000074683801500011/0000746838-01-500011-index.htm",
        "finalLink": "https://www.sec.gov/Archives/edgar/data/746838/000074683801500011/firstq10q.txt"
    },
    {
        "date": "2000-12-31",
        "symbol": "UIS",
        "reportedCurrency": "USD",
        "cik": "0000746838",
        "fillingDate": "2001-02-02",
        "acceptedDate": "2001-02-02 00:00:00",
        "calendarYear": "2000",
        "period": "Q4",
        "revenue": 1928300000,
        "costOfRevenue": 1270300000,
        "grossProfit": 658000000,
        "grossProfitRatio": 0.3412332106,
        "researchAndDevelopmentExpenses": 95800000,
        "generalAndAdministrativeExpenses": 404600000,
        "sellingAndMarketingExpenses": 0,
        "sellingGeneralAndAdministrativeExpenses": 404600000,
        "otherExpenses": 63700000,
        "operatingExpenses": 564100000,
        "costAndExpenses": 1834400000,
        "interestIncome": 0,
        "interestExpense": 0,
        "depreciationAndAmortization": 63700000,
        "ebitda": 157600000,
        "ebitdaratio": 0.0817300213,
        "operatingIncome": 93900000,
        "operatingIncomeRatio": 0.0486957424,
        "totalOtherIncomeExpensesNet": -26600000,
        "incomeBeforeTax": 67300000,
        "incomeBeforeTaxRatio": 0.0349012083,
        "incomeTaxExpense": 28200000,
        "netIncome": 39100000,
        "netIncomeRatio": 0.0202769279,
        "eps": 1.24,
        "epsdiluted": 1.24,
        "weightedAverageShsOut": 31500000,
        "weightedAverageShsOutDil": 31500000,
        "link": "https://www.sec.gov/Archives/edgar/data/746838/000103605001000142/0001036050-01-000142-index.htm",
        "finalLink": "https://www.sec.gov/Archives/edgar/data/746838/000103605001000142/0001036050-01-000142-0001.txt"
    },
    {
        "date": "2000-09-30",
        "symbol": "UIS",
        "reportedCurrency": "USD",
        "cik": "0000746838",
        "fillingDate": "2000-10-23",
        "acceptedDate": "2000-10-23 00:00:00",
        "calendarYear": "2000",
        "period": "Q3",
        "revenue": 1690900000,
        "costOfRevenue": 1144900000,
        "grossProfit": 546000000,
        "grossProfitRatio": 0.3229049619,
        "researchAndDevelopmentExpenses": 77500000,
        "generalAndAdministrativeExpenses": 320100000,
        "sellingAndMarketingExpenses": 0,
        "sellingGeneralAndAdministrativeExpenses": 320100000,
        "otherExpenses": 71300000,
        "operatingExpenses": 468900000,
        "costAndExpenses": 1613800000,
        "interestIncome": 0,
        "interestExpense": 0,
        "depreciationAndAmortization": 71300000,
        "ebitda": 148400000,
        "ebitdaratio": 0.0877639127,
        "operatingIncome": 77100000,
        "operatingIncomeRatio": 0.0455970193,
        "totalOtherIncomeExpensesNet": -12100000,
        "incomeBeforeTax": 65000000,
        "incomeBeforeTaxRatio": 0.0384410669,
        "incomeTaxExpense": 22100000,
        "netIncome": 42900000,
        "netIncomeRatio": 0.0253711041,
        "eps": 1.4,
        "epsdiluted": 1.4,
        "weightedAverageShsOut": 30642857,
        "weightedAverageShsOutDil": 30642857,
        "link": "https://www.sec.gov/Archives/edgar/data/746838/000074683800000005/0000746838-00-000005-index.htm",
        "finalLink": "https://www.sec.gov/Archives/edgar/data/746838/000074683800000005/0000746838-00-000005-0001.txt"
    },
    {
        "date": "2000-06-30",
        "symbol": "UIS",
        "reportedCurrency": "USD",
        "cik": "0000746838",
        "fillingDate": "2000-07-28",
        "acceptedDate": "2000-07-28 00:00:00",
        "calendarYear": "2000",
        "period": "Q2",
        "revenue": 1597100000,
        "costOfRevenue": 1049700000,
        "grossProfit": 547400000,
        "grossProfitRatio": 0.3427462275,
        "researchAndDevelopmentExpenses": 78200000,
        "generalAndAdministrativeExpenses": 322500000,
        "sellingAndMarketingExpenses": 0,
        "sellingGeneralAndAdministrativeExpenses": 322500000,
        "otherExpenses": 66600000,
        "operatingExpenses": 467300000,
        "costAndExpenses": 1517000000,
        "interestIncome": 0,
        "interestExpense": 0,
        "depreciationAndAmortization": 66600000,
        "ebitda": 146700000,
        "ebitdaratio": 0.0918539853,
        "operatingIncome": 80100000,
        "operatingIncomeRatio": 0.050153403,
        "totalOtherIncomeExpensesNet": 5200000,
        "incomeBeforeTax": 85300000,
        "incomeBeforeTaxRatio": 0.0534093044,
        "incomeTaxExpense": 29000000,
        "netIncome": 36500000,
        "netIncomeRatio": 0.0228539227,
        "eps": 1.2,
        "epsdiluted": 1.2,
        "weightedAverageShsOut": 30416667,
        "weightedAverageShsOutDil": 30416667,
        "link": "https://www.sec.gov/Archives/edgar/data/746838/000074683800000004/0000746838-00-000004-index.htm",
        "finalLink": "https://www.sec.gov/Archives/edgar/data/746838/000074683800000004/0000746838-00-000004-0001.txt"
    },
    {
        "date": "2000-03-31",
        "symbol": "UIS",
        "reportedCurrency": "USD",
        "cik": "0000746838",
        "fillingDate": "2000-04-20",
        "acceptedDate": "2000-04-20 00:00:00",
        "calendarYear": "2000",
        "period": "Q1",
        "revenue": 1668700000,
        "costOfRevenue": 1060000000,
        "grossProfit": 608700000,
        "grossProfitRatio": 0.3647749745,
        "researchAndDevelopmentExpenses": 82100000,
        "generalAndAdministrativeExpenses": 281500000,
        "sellingAndMarketingExpenses": 0,
        "sellingGeneralAndAdministrativeExpenses": 281500000,
        "otherExpenses": 69400000,
        "operatingExpenses": 433000000,
        "costAndExpenses": 1493000000,
        "interestIncome": 0,
        "interestExpense": 0,
        "depreciationAndAmortization": 69400000,
        "ebitda": 245100000,
        "ebitdaratio": 0.1468808054,
        "operatingIncome": 175700000,
        "operatingIncomeRatio": 0.1052915443,
        "totalOtherIncomeExpensesNet": -14300000,
        "incomeBeforeTax": 161400000,
        "incomeBeforeTaxRatio": 0.0967219992,
        "incomeTaxExpense": 54900000,
        "netIncome": 106500000,
        "netIncomeRatio": 0.063822137,
        "eps": 3.4,
        "epsdiluted": 3.4,
        "weightedAverageShsOut": 31323529,
        "weightedAverageShsOutDil": 31323529,
        "link": "https://www.sec.gov/Archives/edgar/data/746838/000074683800000001/0000746838-00-000001-index.html",
        "finalLink": "https://www.sec.gov/Archives/edgar/data/746838/000074683800000001/"
    },
    {
        "date": "1999-12-31",
        "symbol": "UIS",
        "reportedCurrency": "USD",
        "cik": "0000746838",
        "fillingDate": "2000-02-14",
        "acceptedDate": "2000-02-14 00:00:00",
        "calendarYear": "1999",
        "period": "Q4",
        "revenue": 1959900000,
        "costOfRevenue": 1212000000,
        "grossProfit": 747900000,
        "grossProfitRatio": 0.3816011021,
        "researchAndDevelopmentExpenses": 88000000,
        "generalAndAdministrativeExpenses": 349700000,
        "sellingAndMarketingExpenses": 0,
        "sellingGeneralAndAdministrativeExpenses": 349700000,
        "otherExpenses": 66100000,
        "operatingExpenses": 503800000,
        "costAndExpenses": 1715800000,
        "interestIncome": 0,
        "interestExpense": 0,
        "depreciationAndAmortization": 66100000,
        "ebitda": 310200000,
        "ebitdaratio": 0.1582733813,
        "operatingIncome": 244100000,
        "operatingIncomeRatio": 0.1245471708,
        "totalOtherIncomeExpensesNet": -22100000,
        "incomeBeforeTax": 222000000,
        "incomeBeforeTaxRatio": 0.1132710853,
        "incomeTaxExpense": 77600000,
        "netIncome": 144400000,
        "netIncomeRatio": 0.0736772284,
        "eps": 4.61,
        "epsdiluted": 4.61,
        "weightedAverageShsOut": 31112481,
        "weightedAverageShsOutDil": 31323529,
        "link": "https://www.sec.gov/Archives/edgar/data/746838/000103605000000169/0001036050-00-000169-index.html",
        "finalLink": "https://www.sec.gov/Archives/edgar/data/746838/000103605000000169/"
    },
    {
        "date": "1999-09-30",
        "symbol": "UIS",
        "reportedCurrency": "USD",
        "cik": "0000746838",
        "fillingDate": "1999-11-12",
        "acceptedDate": "1999-11-12 00:00:00",
        "calendarYear": "1999",
        "period": "Q3",
        "revenue": 1865400000,
        "costOfRevenue": 1134500000,
        "grossProfit": 730900000,
        "grossProfitRatio": 0.3918194489,
        "researchAndDevelopmentExpenses": 86200000,
        "generalAndAdministrativeExpenses": 354800000,
        "sellingAndMarketingExpenses": 0,
        "sellingGeneralAndAdministrativeExpenses": 354800000,
        "otherExpenses": 60700000,
        "operatingExpenses": 501700000,
        "costAndExpenses": 1636200000,
        "interestIncome": 0,
        "interestExpense": 0,
        "depreciationAndAmortization": 60700000,
        "ebitda": 289900000,
        "ebitdaratio": 0.1554090276,
        "operatingIncome": 229200000,
        "operatingIncomeRatio": 0.1228690897,
        "totalOtherIncomeExpensesNet": -33100000,
        "incomeBeforeTax": 196100000,
        "incomeBeforeTaxRatio": 0.1051249062,
        "incomeTaxExpense": 45600000,
        "netIncome": 138400000,
        "netIncomeRatio": 0.0741932025,
        "eps": 4.5,
        "epsdiluted": 4.3,
        "weightedAverageShsOut": 30333333,
        "weightedAverageShsOutDil": 31744186,
        "link": "https://www.sec.gov/Archives/edgar/data/746838/000074683899000017/0000746838-99-000017-index.html",
        "finalLink": "https://www.sec.gov/Archives/edgar/data/746838/000074683899000017/"
    },
    {
        "date": "1999-06-30",
        "symbol": "UIS",
        "reportedCurrency": "USD",
        "cik": "0000746838",
        "fillingDate": "1999-08-10",
        "acceptedDate": "1999-08-10 00:00:00",
        "calendarYear": "1999",
        "period": "Q2",
        "revenue": 1886400000,
        "costOfRevenue": 1155800000,
        "grossProfit": 730600000,
        "grossProfitRatio": 0.3872985581,
        "researchAndDevelopmentExpenses": 81200000,
        "generalAndAdministrativeExpenses": 341500000,
        "sellingAndMarketingExpenses": 0,
        "sellingGeneralAndAdministrativeExpenses": 341500000,
        "otherExpenses": 72100000,
        "operatingExpenses": 494800000,
        "costAndExpenses": 1650600000,
        "interestIncome": 0,
        "interestExpense": 0,
        "depreciationAndAmortization": 72100000,
        "ebitda": 306900000,
        "ebitdaratio": 0.1626908397,
        "operatingIncome": 235800000,
        "operatingIncomeRatio": 0.125,
        "totalOtherIncomeExpensesNet": -51700000,
        "incomeBeforeTax": 184200000,
        "incomeBeforeTaxRatio": 0.0976463104,
        "incomeTaxExpense": 64500000,
        "netIncome": 119700000,
        "netIncomeRatio": 0.0634541985,
        "eps": 3.9,
        "epsdiluted": 3.7,
        "weightedAverageShsOut": 27414600,
        "weightedAverageShsOutDil": 28582800,
        "link": "https://www.sec.gov/Archives/edgar/data/746838/000074683899000014/0000746838-99-000014-index.html",
        "finalLink": "https://www.sec.gov/Archives/edgar/data/746838/000074683899000014/"
    },
    {
        "date": "1999-03-31",
        "symbol": "UIS",
        "reportedCurrency": "USD",
        "cik": "0000746838",
        "fillingDate": "1999-04-26",
        "acceptedDate": "1999-04-26 00:00:00",
        "calendarYear": "1999",
        "period": "Q1",
        "revenue": 1812400000,
        "costOfRevenue": 1083500000,
        "grossProfit": 728900000,
        "grossProfitRatio": 0.402173913,
        "researchAndDevelopmentExpenses": 77200000,
        "generalAndAdministrativeExpenses": 331000000,
        "sellingAndMarketingExpenses": 0,
        "sellingGeneralAndAdministrativeExpenses": 331000000,
        "otherExpenses": 66300000,
        "operatingExpenses": 474500000,
        "costAndExpenses": 1558000000,
        "interestIncome": 0,
        "interestExpense": 0,
        "depreciationAndAmortization": 66300000,
        "ebitda": 320400000,
        "ebitdaratio": 0.1767821673,
        "operatingIncome": 254400000,
        "operatingIncomeRatio": 0.140366365,
        "totalOtherIncomeExpensesNet": -83500000,
        "incomeBeforeTax": 171000000,
        "incomeBeforeTaxRatio": 0.0943500331,
        "incomeTaxExpense": 59800000,
        "netIncome": 111200000,
        "netIncomeRatio": 0.0613551092,
        "eps": 3.3,
        "epsdiluted": 3.1,
        "weightedAverageShsOut": 26270400,
        "weightedAverageShsOutDil": 27783000,
        "link": "https://www.sec.gov/Archives/edgar/data/746838/000074683899000007/0000746838-99-000007-index.html",
        "finalLink": "https://www.sec.gov/Archives/edgar/data/746838/"
    },
    {
        "date": "1998-12-31",
        "symbol": "UIS",
        "reportedCurrency": "USD",
        "cik": "0000746838",
        "fillingDate": "1999-03-03",
        "acceptedDate": "1999-03-03 00:00:00",
        "calendarYear": "1998",
        "period": "Q4",
        "revenue": 2048800000,
        "costOfRevenue": 1272700000,
        "grossProfit": 776100000,
        "grossProfitRatio": 0.3788071066,
        "researchAndDevelopmentExpenses": 79800000,
        "generalAndAdministrativeExpenses": 357700000,
        "sellingAndMarketingExpenses": 0,
        "sellingGeneralAndAdministrativeExpenses": 357700000,
        "otherExpenses": 68600000,
        "operatingExpenses": 506100000,
        "costAndExpenses": 1778800000,
        "interestIncome": 0,
        "interestExpense": 0,
        "depreciationAndAmortization": 68600000,
        "ebitda": 338600000,
        "ebitdaratio": 0.1652674736,
        "operatingIncome": 270000000,
        "operatingIncomeRatio": 0.1317844592,
        "totalOtherIncomeExpensesNet": -53500000,
        "incomeBeforeTax": 216500000,
        "incomeBeforeTaxRatio": 0.1056716127,
        "incomeTaxExpense": 77900000,
        "netIncome": 138600000,
        "netIncomeRatio": 0.0676493557,
        "eps": 5.33,
        "epsdiluted": 5.02,
        "weightedAverageShsOut": 26000000,
        "weightedAverageShsOutDil": 27625000,
        "link": "https://www.sec.gov/Archives/edgar/data/746838/000103605099000407/0001036050-99-000407-index.html",
        "finalLink": "https://www.sec.gov/Archives/edgar/data/746838/"
    },
    {
        "date": "1998-09-30",
        "symbol": "UIS",
        "reportedCurrency": "USD",
        "cik": "0000746838",
        "fillingDate": "1998-11-13",
        "acceptedDate": "1998-11-13 00:00:00",
        "calendarYear": "1998",
        "period": "Q3",
        "revenue": 1781400000,
        "costOfRevenue": 1109800000,
        "grossProfit": 671600000,
        "grossProfitRatio": 0.3770068485,
        "researchAndDevelopmentExpenses": 73900000,
        "generalAndAdministrativeExpenses": 326500000,
        "sellingAndMarketingExpenses": 0,
        "sellingGeneralAndAdministrativeExpenses": 326500000,
        "otherExpenses": 71400000,
        "operatingExpenses": 471800000,
        "costAndExpenses": 1581600000,
        "interestIncome": 0,
        "interestExpense": 0,
        "depreciationAndAmortization": 71400000,
        "ebitda": 272000000,
        "ebitdaratio": 0.1526888964,
        "operatingIncome": 199800000,
        "operatingIncomeRatio": 0.1121589761,
        "totalOtherIncomeExpensesNet": -50300000,
        "incomeBeforeTax": 149400000,
        "incomeBeforeTaxRatio": 0.0838666218,
        "incomeTaxExpense": 53800000,
        "netIncome": 95600000,
        "netIncomeRatio": 0.0536656562,
        "eps": 2.6,
        "epsdiluted": 2.5,
        "weightedAverageShsOut": 25846154,
        "weightedAverageShsOutDil": 26880000,
        "link": "https://www.sec.gov/Archives/edgar/data/746838/000074683898000014/0000746838-98-000014-index.html",
        "finalLink": "https://www.sec.gov/Archives/edgar/data/746838/"
    },
    {
        "date": "1998-06-30",
        "symbol": "UIS",
        "reportedCurrency": "USD",
        "cik": "0000746838",
        "fillingDate": "1998-07-24",
        "acceptedDate": "1998-07-24 00:00:00",
        "calendarYear": "1998",
        "period": "Q2",
        "revenue": 1728500000,
        "costOfRevenue": 1080600000,
        "grossProfit": 647900000,
        "grossProfitRatio": 0.3748336708,
        "researchAndDevelopmentExpenses": 70000000,
        "generalAndAdministrativeExpenses": 328600000,
        "sellingAndMarketingExpenses": 0,
        "sellingGeneralAndAdministrativeExpenses": 328600000,
        "otherExpenses": 65000000,
        "operatingExpenses": 463600000,
        "costAndExpenses": 1544200000,
        "interestIncome": 0,
        "interestExpense": 0,
        "depreciationAndAmortization": 65000000,
        "ebitda": 249300000,
        "ebitdaratio": 0.1442291004,
        "operatingIncome": 184300000,
        "operatingIncomeRatio": 0.1066242407,
        "totalOtherIncomeExpensesNet": -43500000,
        "incomeBeforeTax": 140800000,
        "incomeBeforeTaxRatio": 0.0814579115,
        "incomeTaxExpense": 50700000,
        "netIncome": 90100000,
        "netIncomeRatio": 0.0521261209,
        "eps": 2.5,
        "epsdiluted": 2.4,
        "weightedAverageShsOut": 25113400,
        "weightedAverageShsOutDil": 26647300,
        "link": "https://www.sec.gov/Archives/edgar/data/746838/000074683898000011/0000746838-98-000011-index.html",
        "finalLink": "https://www.sec.gov/Archives/edgar/data/746838/"
    },
    {
        "date": "1998-03-31",
        "symbol": "UIS",
        "reportedCurrency": "USD",
        "cik": "0000746838",
        "fillingDate": "1998-05-15",
        "acceptedDate": "1998-05-15 00:00:00",
        "calendarYear": "1998",
        "period": "Q1",
        "revenue": 1649700000,
        "costOfRevenue": 1029100000,
        "grossProfit": 620600000,
        "grossProfitRatio": 0.3761896102,
        "researchAndDevelopmentExpenses": 72900000,
        "generalAndAdministrativeExpenses": 330200000,
        "sellingAndMarketingExpenses": 0,
        "sellingGeneralAndAdministrativeExpenses": 330200000,
        "otherExpenses": 61400000,
        "operatingExpenses": 464500000,
        "costAndExpenses": 1493600000,
        "interestIncome": 0,
        "interestExpense": 0,
        "depreciationAndAmortization": 61400000,
        "ebitda": 217500000,
        "ebitdaratio": 0.1318421531,
        "operatingIncome": 156100000,
        "operatingIncomeRatio": 0.0946232648,
        "totalOtherIncomeExpensesNet": -58100000,
        "incomeBeforeTax": 98000000,
        "incomeBeforeTaxRatio": 0.0594047403,
        "incomeTaxExpense": 35300000,
        "netIncome": 62700000,
        "netIncomeRatio": 0.0380069103,
        "eps": 1.4,
        "epsdiluted": 1.4,
        "weightedAverageShsOut": 24858600,
        "weightedAverageShsOutDil": 26283300,
        "link": "https://www.sec.gov/Archives/edgar/data/746838/000074683898000008/0000746838-98-000008-index.html",
        "finalLink": "https://www.sec.gov/Archives/edgar/data/746838/"
    },
    {
        "date": "1997-12-31",
        "symbol": "UIS",
        "reportedCurrency": "USD",
        "cik": "0000746838",
        "fillingDate": "1998-03-20",
        "acceptedDate": "1998-03-20 00:00:00",
        "calendarYear": "1997",
        "period": "Q4",
        "revenue": 1898600000,
        "costOfRevenue": 297000000,
        "grossProfit": 1601600000,
        "grossProfitRatio": 0.8435689455,
        "researchAndDevelopmentExpenses": 80100000,
        "generalAndAdministrativeExpenses": 416600000,
        "sellingAndMarketingExpenses": 0,
        "sellingGeneralAndAdministrativeExpenses": 416600000,
        "otherExpenses": 997100000,
        "operatingExpenses": 1493800000,
        "costAndExpenses": 1790800000,
        "interestIncome": 0,
        "interestExpense": 0,
        "depreciationAndAmortization": 997100000,
        "ebitda": 1104900000,
        "ebitdaratio": 0.5819551248,
        "operatingIncome": 107800000,
        "operatingIncomeRatio": 0.056778679,
        "totalOtherIncomeExpensesNet": -1044500000,
        "incomeBeforeTax": -936700000,
        "incomeBeforeTaxRatio": -0.493363531,
        "incomeTaxExpense": 29000000,
        "netIncome": -965700000,
        "netIncomeRatio": -0.5086379437,
        "eps": -38.85,
        "epsdiluted": -36.74,
        "weightedAverageShsOut": 24858600,
        "weightedAverageShsOutDil": 26283300,
        "link": "https://www.sec.gov/Archives/edgar/data/746838/000095010998001907/0000950109-98-001907-index.html",
        "finalLink": "https://www.sec.gov/Archives/edgar/data/746838/"
    },
    {
        "date": "1997-09-30",
        "symbol": "UIS",
        "reportedCurrency": "USD",
        "cik": "0000746838",
        "fillingDate": "1997-11-07",
        "acceptedDate": "1997-11-07 00:00:00",
        "calendarYear": "1997",
        "period": "Q3",
        "revenue": 1621400000,
        "costOfRevenue": 973900000,
        "grossProfit": 647500000,
        "grossProfitRatio": 0.399346244,
        "researchAndDevelopmentExpenses": 74500000,
        "generalAndAdministrativeExpenses": 340000000,
        "sellingAndMarketingExpenses": 0,
        "sellingGeneralAndAdministrativeExpenses": 340000000,
        "otherExpenses": 72500000,
        "operatingExpenses": 487000000,
        "costAndExpenses": 1460900000,
        "interestIncome": 0,
        "interestExpense": 0,
        "depreciationAndAmortization": 72500000,
        "ebitda": 233000000,
        "ebitdaratio": 0.1437029727,
        "operatingIncome": 160500000,
        "operatingIncomeRatio": 0.0989885284,
        "totalOtherIncomeExpensesNet": -79700000,
        "incomeBeforeTax": 80800000,
        "incomeBeforeTaxRatio": 0.0498334772,
        "incomeTaxExpense": 29900000,
        "netIncome": 50900000,
        "netIncomeRatio": 0.0313926237,
        "eps": 1.4,
        "epsdiluted": 1.3,
        "weightedAverageShsOut": 17357143,
        "weightedAverageShsOutDil": 18692308,
        "link": "https://www.sec.gov/Archives/edgar/data/746838/000074683897000018/0000746838-97-000018-index.html",
        "finalLink": "https://www.sec.gov/Archives/edgar/data/746838/"
    },
    {
        "date": "1997-06-30",
        "symbol": "UIS",
        "reportedCurrency": "USD",
        "cik": "0000746838",
        "fillingDate": "1997-08-14",
        "acceptedDate": "1997-08-14 00:00:00",
        "calendarYear": "1997",
        "period": "Q2",
        "revenue": 1585300000,
        "costOfRevenue": 972700000,
        "grossProfit": 612600000,
        "grossProfitRatio": 0.3864252823,
        "researchAndDevelopmentExpenses": 67400000,
        "generalAndAdministrativeExpenses": 341800000,
        "sellingAndMarketingExpenses": 0,
        "sellingGeneralAndAdministrativeExpenses": 341800000,
        "otherExpenses": 74200000,
        "operatingExpenses": 483400000,
        "costAndExpenses": 1456100000,
        "interestIncome": 0,
        "interestExpense": 0,
        "depreciationAndAmortization": 74200000,
        "ebitda": 203400000,
        "ebitdaratio": 0.1283037911,
        "operatingIncome": 129200000,
        "operatingIncomeRatio": 0.0814987699,
        "totalOtherIncomeExpensesNet": -62700000,
        "incomeBeforeTax": 66500000,
        "incomeBeforeTaxRatio": 0.0419478963,
        "incomeTaxExpense": 24600000,
        "netIncome": 41900000,
        "netIncomeRatio": 0.0264303286,
        "eps": 0.8,
        "epsdiluted": 0.8,
        "weightedAverageShsOut": 17323000,
        "weightedAverageShsOutDil": 17507800,
        "link": "https://www.sec.gov/Archives/edgar/data/746838/000074683897000012/0000746838-97-000012-index.html",
        "finalLink": "https://www.sec.gov/Archives/edgar/data/746838/"
    },
    {
        "date": "1997-03-31",
        "symbol": "UIS",
        "reportedCurrency": "USD",
        "cik": "0000746838",
        "fillingDate": "1997-05-15",
        "acceptedDate": "1997-05-15 00:00:00",
        "calendarYear": "1997",
        "period": "Q1",
        "revenue": 1530700000,
        "costOfRevenue": 941900000,
        "grossProfit": 588800000,
        "grossProfitRatio": 0.3846606128,
        "researchAndDevelopmentExpenses": 80300000,
        "generalAndAdministrativeExpenses": 328800000,
        "sellingAndMarketingExpenses": 0,
        "sellingGeneralAndAdministrativeExpenses": 328800000,
        "otherExpenses": 73100000,
        "operatingExpenses": 482200000,
        "costAndExpenses": 1424100000,
        "interestIncome": 0,
        "interestExpense": 0,
        "depreciationAndAmortization": 73100000,
        "ebitda": 179700000,
        "ebitdaratio": 0.1173972692,
        "operatingIncome": 106600000,
        "operatingIncomeRatio": 0.0696413406,
        "totalOtherIncomeExpensesNet": -76000000,
        "incomeBeforeTax": 30600000,
        "incomeBeforeTaxRatio": 0.0199908539,
        "incomeTaxExpense": 11300000,
        "netIncome": 19300000,
        "netIncomeRatio": 0.0126086104,
        "eps": -0.6,
        "epsdiluted": -0.6,
        "weightedAverageShsOut": 17300000,
        "weightedAverageShsOutDil": 17300000,
        "link": "https://www.sec.gov/Archives/edgar/data/746838/000074683897000010/0000746838-97-000010-index.html",
        "finalLink": "https://www.sec.gov/Archives/edgar/data/746838/"
    },
    {
        "date": "1996-12-31",
        "symbol": "UIS",
        "reportedCurrency": "USD",
        "cik": "0000746838",
        "fillingDate": "1997-03-31",
        "acceptedDate": "1997-03-31 00:00:00",
        "calendarYear": "1996",
        "period": "Q4",
        "revenue": 1811500000,
        "costOfRevenue": 1067500000,
        "grossProfit": 744000000,
        "grossProfitRatio": 0.4107093569,
        "researchAndDevelopmentExpenses": 84300000,
        "generalAndAdministrativeExpenses": 426400000,
        "sellingAndMarketingExpenses": 0,
        "sellingGeneralAndAdministrativeExpenses": 426400000,
        "otherExpenses": 86400000,
        "operatingExpenses": 597100000,
        "costAndExpenses": 1664600000,
        "interestIncome": 0,
        "interestExpense": 0,
        "depreciationAndAmortization": 86400000,
        "ebitda": 233300000,
        "ebitdaratio": 0.128788297,
        "operatingIncome": 146900000,
        "operatingIncomeRatio": 0.0810930168,
        "totalOtherIncomeExpensesNet": -62400000,
        "incomeBeforeTax": 84500000,
        "incomeBeforeTaxRatio": 0.0466464256,
        "incomeTaxExpense": 28800000,
        "netIncome": 43600000,
        "netIncomeRatio": 0.0240684516,
        "eps": 2.52,
        "epsdiluted": 2.52,
        "weightedAverageShsOut": 17300000,
        "weightedAverageShsOutDil": 17300000,
        "link": "https://www.sec.gov/Archives/edgar/data/746838/000074683897000005/0000746838-97-000005-index.html",
        "finalLink": "https://www.sec.gov/Archives/edgar/data/746838/"
    },
    {
        "date": "1996-09-30",
        "symbol": "UIS",
        "reportedCurrency": "USD",
        "cik": "0000746838",
        "fillingDate": "1996-11-14",
        "acceptedDate": "1996-11-14 00:00:00",
        "calendarYear": "1996",
        "period": "Q3",
        "revenue": 1630900000,
        "costOfRevenue": 1019000000,
        "grossProfit": 611900000,
        "grossProfitRatio": 0.375191612,
        "researchAndDevelopmentExpenses": 81200000,
        "generalAndAdministrativeExpenses": 353100000,
        "sellingAndMarketingExpenses": 0,
        "sellingGeneralAndAdministrativeExpenses": 353100000,
        "otherExpenses": 81900000,
        "operatingExpenses": 516200000,
        "costAndExpenses": 1535200000,
        "interestIncome": 0,
        "interestExpense": 0,
        "depreciationAndAmortization": 81900000,
        "ebitda": 177600000,
        "ebitdaratio": 0.1088969281,
        "operatingIncome": 95700000,
        "operatingIncomeRatio": 0.0586792569,
        "totalOtherIncomeExpensesNet": -74200000,
        "incomeBeforeTax": 21500000,
        "incomeBeforeTaxRatio": 0.0131829051,
        "incomeTaxExpense": 7300000,
        "netIncome": 14200000,
        "netIncomeRatio": 0.008706849,
        "eps": -0.9,
        "epsdiluted": -0.9,
        "weightedAverageShsOut": 17297000,
        "weightedAverageShsOutDil": 17297000,
        "link": "https://www.sec.gov/Archives/edgar/data/746838/000074683896000022/0000746838-96-000022-index.html",
        "finalLink": "https://www.sec.gov/Archives/edgar/data/746838/"
    },
    {
        "date": "1996-06-30",
        "symbol": "UIS",
        "reportedCurrency": "USD",
        "cik": "0000746838",
        "fillingDate": "1996-08-14",
        "acceptedDate": "1996-08-14 00:00:00",
        "calendarYear": "1996",
        "period": "Q2",
        "revenue": 1505000000,
        "costOfRevenue": 935400000,
        "grossProfit": 569600000,
        "grossProfitRatio": 0.3784717608,
        "researchAndDevelopmentExpenses": 81400000,
        "generalAndAdministrativeExpenses": 346600000,
        "sellingAndMarketingExpenses": 0,
        "sellingGeneralAndAdministrativeExpenses": 346600000,
        "otherExpenses": 77700000,
        "operatingExpenses": 505700000,
        "costAndExpenses": 1441100000,
        "interestIncome": 0,
        "interestExpense": 0,
        "depreciationAndAmortization": 77700000,
        "ebitda": 141600000,
        "ebitdaratio": 0.0940863787,
        "operatingIncome": 63900000,
        "operatingIncomeRatio": 0.0424584718,
        "totalOtherIncomeExpensesNet": -55900000,
        "incomeBeforeTax": 8000000,
        "incomeBeforeTaxRatio": 0.0053156146,
        "incomeTaxExpense": 2700000,
        "netIncome": 5300000,
        "netIncomeRatio": 0.0035215947,
        "eps": -1.4,
        "epsdiluted": -1.4,
        "weightedAverageShsOut": 17270200,
        "weightedAverageShsOutDil": 17270200,
        "link": "https://www.sec.gov/Archives/edgar/data/746838/000074683896000020/0000746838-96-000020-index.html",
        "finalLink": "https://www.sec.gov/Archives/edgar/data/746838/"
    },
    {
        "date": "1996-03-31",
        "symbol": "UIS",
        "reportedCurrency": "USD",
        "cik": "0000746838",
        "fillingDate": "1996-05-15",
        "acceptedDate": "1996-05-15 00:00:00",
        "calendarYear": "1996",
        "period": "Q1",
        "revenue": 1423100000,
        "costOfRevenue": 900500000,
        "grossProfit": 522600000,
        "grossProfitRatio": 0.3672264774,
        "researchAndDevelopmentExpenses": 96000000,
        "generalAndAdministrativeExpenses": 322000000,
        "sellingAndMarketingExpenses": 0,
        "sellingGeneralAndAdministrativeExpenses": 322000000,
        "otherExpenses": 83700000,
        "operatingExpenses": 501700000,
        "costAndExpenses": 1402200000,
        "interestIncome": 0,
        "interestExpense": 0,
        "depreciationAndAmortization": 83700000,
        "ebitda": 104600000,
        "ebitdaratio": 0.0735015108,
        "operatingIncome": 20900000,
        "operatingIncomeRatio": 0.0146862483,
        "totalOtherIncomeExpensesNet": -41200000,
        "incomeBeforeTax": -20300000,
        "incomeBeforeTaxRatio": -0.0142646335,
        "incomeTaxExpense": -6900000,
        "netIncome": -13400000,
        "netIncomeRatio": -0.0094160635,
        "eps": -0.78,
        "epsdiluted": -0.78,
        "weightedAverageShsOut": 17143700,
        "weightedAverageShsOutDil": 17143700,
        "link": "https://www.sec.gov/Archives/edgar/data/746838/000074683896000014/0000746838-96-000014-index.html",
        "finalLink": "https://www.sec.gov/Archives/edgar/data/746838/"
    },
    {
        "date": "1995-12-31",
        "symbol": "UIS",
        "reportedCurrency": "USD",
        "cik": "0000746838",
        "fillingDate": "1996-05-31",
        "acceptedDate": "1996-05-31 00:00:00",
        "calendarYear": "1995",
        "period": "Q4",
        "revenue": 1838700000,
        "costOfRevenue": 1604700000,
        "grossProfit": 234000000,
        "grossProfitRatio": 0.1272638277,
        "researchAndDevelopmentExpenses": 139200000,
        "generalAndAdministrativeExpenses": 772600000,
        "sellingAndMarketingExpenses": 0,
        "sellingGeneralAndAdministrativeExpenses": 772600000,
        "otherExpenses": 114200000,
        "operatingExpenses": 1026000000,
        "costAndExpenses": 2630700000,
        "interestIncome": 0,
        "interestExpense": 0,
        "depreciationAndAmortization": 114200000,
        "ebitda": -677800000,
        "ebitdaratio": -0.3686300103,
        "operatingIncome": -792000000,
        "operatingIncomeRatio": -0.4307391092,
        "totalOtherIncomeExpensesNet": -49300000,
        "incomeBeforeTax": -841300000,
        "incomeBeforeTaxRatio": -0.457551531,
        "incomeTaxExpense": -174300000,
        "netIncome": -676800000,
        "netIncomeRatio": -0.3680861478,
        "eps": -39.48,
        "epsdiluted": -39.48,
        "weightedAverageShsOut": 17141052,
        "weightedAverageShsOutDil": 17143700,
        "link": "https://www.sec.gov/Archives/edgar/data/746838/000074683896000015/0000746838-96-000015-index.html",
        "finalLink": "https://www.sec.gov/Archives/edgar/data/746838/"
    },
    {
        "date": "1995-09-30",
        "symbol": "UIS",
        "reportedCurrency": "USD",
        "cik": "0000746838",
        "fillingDate": "1995-11-14",
        "acceptedDate": "1995-11-14 00:00:00",
        "calendarYear": "1995",
        "period": "Q3",
        "revenue": 1460700000,
        "costOfRevenue": 923800000,
        "grossProfit": 536900000,
        "grossProfitRatio": 0.367563497,
        "researchAndDevelopmentExpenses": 86000000,
        "generalAndAdministrativeExpenses": 389400000,
        "sellingAndMarketingExpenses": 0,
        "sellingGeneralAndAdministrativeExpenses": 389400000,
        "otherExpenses": 89700000,
        "operatingExpenses": 565100000,
        "costAndExpenses": 1488900000,
        "interestIncome": 0,
        "interestExpense": 0,
        "depreciationAndAmortization": 89700000,
        "ebitda": 61500000,
        "ebitdaratio": 0.0421031013,
        "operatingIncome": -28200000,
        "operatingIncomeRatio": -0.0193058123,
        "totalOtherIncomeExpensesNet": -20600000,
        "incomeBeforeTax": -48800000,
        "incomeBeforeTaxRatio": -0.0334086397,
        "incomeTaxExpense": -16600000,
        "netIncome": -32200000,
        "netIncomeRatio": -0.0220442254,
        "eps": -1.88,
        "epsdiluted": -1.88,
        "weightedAverageShsOut": 17138700,
        "weightedAverageShsOutDil": 17138700,
        "link": "https://www.sec.gov/Archives/edgar/data/746838/000074683895000005/0000746838-95-000005-index.html",
        "finalLink": "https://www.sec.gov/Archives/edgar/data/746838/"
    },
    {
        "date": "1995-06-30",
        "symbol": "UIS",
        "reportedCurrency": "USD",
        "cik": "0000746838",
        "fillingDate": "1995-08-14",
        "acceptedDate": "1995-08-14 00:00:00",
        "calendarYear": "1995",
        "period": "Q2",
        "revenue": 1495800000,
        "costOfRevenue": 873500000,
        "grossProfit": 622300000,
        "grossProfitRatio": 0.416031555,
        "researchAndDevelopmentExpenses": 87500000,
        "generalAndAdministrativeExpenses": 380600000,
        "sellingAndMarketingExpenses": 0,
        "sellingGeneralAndAdministrativeExpenses": 380600000,
        "otherExpenses": 88500000,
        "operatingExpenses": 556600000,
        "costAndExpenses": 1430100000,
        "interestIncome": 0,
        "interestExpense": 0,
        "depreciationAndAmortization": 88500000,
        "ebitda": 154200000,
        "ebitdaratio": 0.1030886482,
        "operatingIncome": 65700000,
        "operatingIncomeRatio": 0.0439229844,
        "totalOtherIncomeExpensesNet": -5100000,
        "incomeBeforeTax": 60600000,
        "incomeBeforeTaxRatio": 0.0405134376,
        "incomeTaxExpense": 20800000,
        "netIncome": 39800000,
        "netIncomeRatio": 0.0266078353,
        "eps": 0.6,
        "epsdiluted": 0.6,
        "weightedAverageShsOut": 17215000,
        "weightedAverageShsOutDil": 17215000,
        "link": "https://www.sec.gov/Archives/edgar/data/746838/000074683895000004/0000746838-95-000004-index.html",
        "finalLink": "https://www.sec.gov/Archives/edgar/data/746838/"
    },
    {
        "date": "1995-03-31",
        "symbol": "UIS",
        "reportedCurrency": "USD",
        "cik": "0000746838",
        "fillingDate": "1995-05-15",
        "acceptedDate": "1995-05-15 00:00:00",
        "calendarYear": "1995",
        "period": "Q1",
        "revenue": 1407100000,
        "costOfRevenue": 809500000,
        "grossProfit": 597600000,
        "grossProfitRatio": 0.4247032905,
        "researchAndDevelopmentExpenses": 96800000,
        "generalAndAdministrativeExpenses": 341200000,
        "sellingAndMarketingExpenses": 0,
        "sellingGeneralAndAdministrativeExpenses": 341200000,
        "otherExpenses": 103200000,
        "operatingExpenses": 541200000,
        "costAndExpenses": 1350700000,
        "interestIncome": 0,
        "interestExpense": 0,
        "depreciationAndAmortization": 103200000,
        "ebitda": 159600000,
        "ebitdaratio": 0.1134247744,
        "operatingIncome": 56400000,
        "operatingIncomeRatio": 0.0400824391,
        "totalOtherIncomeExpensesNet": -8000000,
        "incomeBeforeTax": 48400000,
        "incomeBeforeTaxRatio": 0.0343969867,
        "incomeTaxExpense": 16300000,
        "netIncome": 44600000,
        "netIncomeRatio": 0.0316963968,
        "eps": 0.9,
        "epsdiluted": 0.9,
        "weightedAverageShsOut": 17182100,
        "weightedAverageShsOutDil": 17182100,
        "link": "https://www.sec.gov/Archives/edgar/data/746838/000074683895000002/0000746838-95-000002-index.html",
        "finalLink": "https://www.sec.gov/Archives/edgar/data/746838/"
    },
    {
        "date": "1994-12-31",
        "symbol": "UIS",
        "reportedCurrency": "USD",
        "cik": "0000746838",
        "fillingDate": "1995-03-15",
        "acceptedDate": "1995-03-15 00:00:00",
        "calendarYear": "1994",
        "period": "Q4",
        "revenue": 2123500000,
        "costOfRevenue": 1384200000,
        "grossProfit": 739300000,
        "grossProfitRatio": 0.3481516364,
        "researchAndDevelopmentExpenses": 130000000,
        "generalAndAdministrativeExpenses": 514500000,
        "sellingAndMarketingExpenses": 0,
        "sellingGeneralAndAdministrativeExpenses": 514500000,
        "otherExpenses": 116400000,
        "operatingExpenses": 760900000,
        "costAndExpenses": 2145100000,
        "interestIncome": 0,
        "interestExpense": 0,
        "depreciationAndAmortization": 116400000,
        "ebitda": 94800000,
        "ebitdaratio": 0.0446432776,
        "operatingIncome": -21600000,
        "operatingIncomeRatio": -0.010171886,
        "totalOtherIncomeExpensesNet": -51200000,
        "incomeBeforeTax": -72800000,
        "incomeBeforeTaxRatio": -0.0342830233,
        "incomeTaxExpense": -20500000,
        "netIncome": -52300000,
        "netIncomeRatio": -0.02462915,
        "eps": -3.16,
        "epsdiluted": -3.04,
        "weightedAverageShsOut": 16562800,
        "weightedAverageShsOutDil": 17182100,
        "link": "https://www.sec.gov/Archives/edgar/data/746838/000095010995000707/0000950109-95-000707-index.html",
        "finalLink": "https://www.sec.gov/Archives/edgar/data/746838/"
    },
    {
        "date": "1994-09-30",
        "symbol": "UIS",
        "reportedCurrency": "USD",
        "cik": "0000746838",
        "fillingDate": "1994-11-14",
        "acceptedDate": "1994-11-14 00:00:00",
        "calendarYear": "1994",
        "period": "Q3",
        "revenue": 1788100000,
        "costOfRevenue": 1065900000,
        "grossProfit": 722200000,
        "grossProfitRatio": 0.4038923998,
        "researchAndDevelopmentExpenses": 114200000,
        "generalAndAdministrativeExpenses": 410500000,
        "sellingAndMarketingExpenses": 0,
        "sellingGeneralAndAdministrativeExpenses": 410500000,
        "otherExpenses": 112000000,
        "operatingExpenses": 636700000,
        "costAndExpenses": 1702600000,
        "interestIncome": 0,
        "interestExpense": 0,
        "depreciationAndAmortization": 112000000,
        "ebitda": 197500000,
        "ebitdaratio": 0.1104524355,
        "operatingIncome": 85500000,
        "operatingIncomeRatio": 0.0478161177,
        "totalOtherIncomeExpensesNet": -25000000,
        "incomeBeforeTax": 60500000,
        "incomeBeforeTaxRatio": 0.0338347967,
        "incomeTaxExpense": 17600000,
        "netIncome": 42900000,
        "netIncomeRatio": 0.0239919468,
        "eps": 0.8,
        "epsdiluted": 0.8,
        "weightedAverageShsOut": 17180300,
        "weightedAverageShsOutDil": 20559700,
        "link": "https://www.sec.gov/Archives/edgar/data/746838/000074683894000011/0000746838-94-000011-index.html",
        "finalLink": "https://www.sec.gov/Archives/edgar/data/746838/"
    },
    {
        "date": "1994-06-30",
        "symbol": "UIS",
        "reportedCurrency": "USD",
        "cik": "0000746838",
        "fillingDate": "1994-08-15",
        "acceptedDate": "1994-08-15 00:00:00",
        "calendarYear": "1994",
        "period": "Q2",
        "revenue": 1799200000,
        "costOfRevenue": 1058900000,
        "grossProfit": 740300000,
        "grossProfitRatio": 0.4114606492,
        "researchAndDevelopmentExpenses": 117600000,
        "generalAndAdministrativeExpenses": 391300000,
        "sellingAndMarketingExpenses": 0,
        "sellingGeneralAndAdministrativeExpenses": 391300000,
        "otherExpenses": 112300000,
        "operatingExpenses": 621200000,
        "costAndExpenses": 1680100000,
        "interestIncome": 0,
        "interestExpense": 0,
        "depreciationAndAmortization": 112300000,
        "ebitda": 231400000,
        "ebitdaratio": 0.1286127168,
        "operatingIncome": 119100000,
        "operatingIncomeRatio": 0.0661960871,
        "totalOtherIncomeExpensesNet": -48900000,
        "incomeBeforeTax": 70200000,
        "incomeBeforeTaxRatio": 0.039017341,
        "incomeTaxExpense": 20300000,
        "netIncome": 49900000,
        "netIncomeRatio": 0.0277345487,
        "eps": 1.2,
        "epsdiluted": 1.2,
        "weightedAverageShsOut": 17224500,
        "weightedAverageShsOutDil": 20594300,
        "link": "https://www.sec.gov/Archives/edgar/data/746838/000074683894000009/0000746838-94-000009-index.html",
        "finalLink": "https://www.sec.gov/Archives/edgar/data/746838/"
    },
    {
        "date": "1994-03-31",
        "symbol": "UIS",
        "reportedCurrency": "USD",
        "cik": "0000746838",
        "fillingDate": "1994-05-16",
        "acceptedDate": "1994-05-16 00:00:00",
        "calendarYear": "1994",
        "period": "Q1",
        "revenue": 1688900000,
        "costOfRevenue": 981800000,
        "grossProfit": 707100000,
        "grossProfitRatio": 0.4186748771,
        "researchAndDevelopmentExpenses": 121600000,
        "generalAndAdministrativeExpenses": 353000000,
        "sellingAndMarketingExpenses": 0,
        "sellingGeneralAndAdministrativeExpenses": 353000000,
        "otherExpenses": 109500000,
        "operatingExpenses": 584100000,
        "costAndExpenses": 1565900000,
        "interestIncome": 0,
        "interestExpense": 0,
        "depreciationAndAmortization": 109500000,
        "ebitda": 232500000,
        "ebitdaratio": 0.137663568,
        "operatingIncome": 123000000,
        "operatingIncomeRatio": 0.0728284682,
        "totalOtherIncomeExpensesNet": -27700000,
        "incomeBeforeTax": 95300000,
        "incomeBeforeTaxRatio": 0.0564272603,
        "incomeTaxExpense": 27600000,
        "netIncome": 60000000,
        "netIncomeRatio": 0.0355260821,
        "eps": 1.7,
        "epsdiluted": 1.7,
        "weightedAverageShsOut": 17333100,
        "weightedAverageShsOutDil": 20737900,
        "link": "https://www.sec.gov/Archives/edgar/data/746838/000074683894000007/0000746838-94-000007-index.html",
        "finalLink": "https://www.sec.gov/Archives/edgar/data/746838/"
    },
    {
        "date": "1993-12-31",
        "symbol": "UIS",
        "reportedCurrency": "USD",
        "cik": "0000746838",
        "fillingDate": "1994-03-29",
        "acceptedDate": "1994-03-29 00:00:00",
        "calendarYear": "1993",
        "period": "Q4",
        "revenue": 2101100000,
        "costOfRevenue": 1187700000,
        "grossProfit": 913400000,
        "grossProfitRatio": 0.434724668,
        "researchAndDevelopmentExpenses": 0,
        "generalAndAdministrativeExpenses": 0,
        "sellingAndMarketingExpenses": 0,
        "sellingGeneralAndAdministrativeExpenses": 565400000,
        "otherExpenses": 119300000,
        "operatingExpenses": 684700000,
        "costAndExpenses": 1872400000,
        "interestIncome": 0,
        "interestExpense": 0,
        "depreciationAndAmortization": 119300000,
        "ebitda": 348000000,
        "ebitdaratio": 0.1656275284,
        "operatingIncome": 228700000,
        "operatingIncomeRatio": 0.1088477464,
        "totalOtherIncomeExpensesNet": -55700000,
        "incomeBeforeTax": 173000000,
        "incomeBeforeTaxRatio": 0.082337823,
        "incomeTaxExpense": 55300000,
        "netIncome": 117700000,
        "netIncomeRatio": 0.0560182761,
        "eps": 6.79,
        "epsdiluted": 5.68,
        "weightedAverageShsOut": 17333100,
        "weightedAverageShsOutDil": 20737900,
        "link": "https://www.sec.gov/Archives/edgar/data/746838/000074683894000005/0000746838-94-000005-index.html",
        "finalLink": "https://www.sec.gov/Archives/edgar/data/746838/"
    },
    {
        "date": "1993-09-30",
        "symbol": "UIS",
        "reportedCurrency": "USD",
        "cik": "0000746838",
        "fillingDate": "1993-09-30",
        "acceptedDate": "1993-09-29 20:00:00",
        "calendarYear": "1993",
        "period": "Q3",
        "revenue": 1806700000,
        "costOfRevenue": 1024700000,
        "grossProfit": 782000000,
        "grossProfitRatio": 0.4328333426,
        "researchAndDevelopmentExpenses": 0,
        "generalAndAdministrativeExpenses": 0,
        "sellingAndMarketingExpenses": 0,
        "sellingGeneralAndAdministrativeExpenses": 527600000,
        "otherExpenses": 119100000,
        "operatingExpenses": 646700000,
        "costAndExpenses": 1671400000,
        "interestIncome": 0,
        "interestExpense": 0,
        "depreciationAndAmortization": 110800000,
        "ebitda": 239100000,
        "ebitdaratio": 0.1323407317,
        "operatingIncome": 135300000,
        "operatingIncomeRatio": 0.0748879172,
        "totalOtherIncomeExpensesNet": -39900000,
        "incomeBeforeTax": 95400000,
        "incomeBeforeTaxRatio": 0.0528034538,
        "incomeTaxExpense": 11300000,
        "netIncome": 84100000,
        "netIncomeRatio": 0.0465489567,
        "eps": 3.3,
        "epsdiluted": 3.3,
        "weightedAverageShsOut": 16303030,
        "weightedAverageShsOutDil": 16303030,
        "link": "",
        "finalLink": ""
    },
    {
        "date": "1993-06-30",
        "symbol": "UIS",
        "reportedCurrency": "USD",
        "cik": "0000746838",
        "fillingDate": "1993-06-30",
        "acceptedDate": "1993-06-29 20:00:00",
        "calendarYear": "1993",
        "period": "Q2",
        "revenue": 1927200000,
        "costOfRevenue": 1051800000,
        "grossProfit": 875400000,
        "grossProfitRatio": 0.454234122,
        "researchAndDevelopmentExpenses": 0,
        "generalAndAdministrativeExpenses": 0,
        "sellingAndMarketingExpenses": 0,
        "sellingGeneralAndAdministrativeExpenses": 534400000,
        "otherExpenses": 123300000,
        "operatingExpenses": 657700000,
        "costAndExpenses": 1709500000,
        "interestIncome": 0,
        "interestExpense": 0,
        "depreciationAndAmortization": 121200000,
        "ebitda": 341000000,
        "ebitdaratio": 0.1769406393,
        "operatingIncome": 217700000,
        "operatingIncomeRatio": 0.1129618099,
        "totalOtherIncomeExpensesNet": -66200000,
        "incomeBeforeTax": 151500000,
        "incomeBeforeTaxRatio": 0.078611457,
        "incomeTaxExpense": 48500000,
        "netIncome": 103000000,
        "netIncomeRatio": 0.053445413,
        "eps": 4.4,
        "epsdiluted": 3.9,
        "weightedAverageShsOut": 16454545,
        "weightedAverageShsOutDil": 18564103,
        "link": "",
        "finalLink": ""
    },
    {
        "date": "1993-03-31",
        "symbol": "UIS",
        "reportedCurrency": "USD",
        "cik": "0000746838",
        "fillingDate": "1993-03-31",
        "acceptedDate": "1993-03-30 19:00:00",
        "calendarYear": "1993",
        "period": "Q1",
        "revenue": 1907500000,
        "costOfRevenue": 1093000000,
        "grossProfit": 814500000,
        "grossProfitRatio": 0.4269986894,
        "researchAndDevelopmentExpenses": 0,
        "generalAndAdministrativeExpenses": 0,
        "sellingAndMarketingExpenses": 0,
        "sellingGeneralAndAdministrativeExpenses": 536700000,
        "otherExpenses": 125400000,
        "operatingExpenses": 662100000,
        "costAndExpenses": 1755100000,
        "interestIncome": 0,
        "interestExpense": 0,
        "depreciationAndAmortization": 125400000,
        "ebitda": 277800000,
        "ebitdaratio": 0.1456356488,
        "operatingIncome": 152400000,
        "operatingIncomeRatio": 0.0798951507,
        "totalOtherIncomeExpensesNet": -68900000,
        "incomeBeforeTax": 83500000,
        "incomeBeforeTaxRatio": 0.043774574,
        "incomeTaxExpense": 26700000,
        "netIncome": 260600000,
        "netIncomeRatio": 0.1366186107,
        "eps": 13.9,
        "epsdiluted": 10.6,
        "weightedAverageShsOut": 16561151,
        "weightedAverageShsOutDil": 16561151,
        "link": "",
        "finalLink": ""
    },
    {
        "date": "1992-12-31",
        "symbol": "UIS",
        "reportedCurrency": "USD",
        "cik": "0000746838",
        "fillingDate": "1992-12-31",
        "acceptedDate": "1992-12-30 19:00:00",
        "calendarYear": "1992",
        "period": "Q4",
        "revenue": 2256400000,
        "costOfRevenue": 1230100000,
        "grossProfit": 1026300000,
        "grossProfitRatio": 0.4548395675,
        "researchAndDevelopmentExpenses": 0,
        "generalAndAdministrativeExpenses": 0,
        "sellingAndMarketingExpenses": 0,
        "sellingGeneralAndAdministrativeExpenses": 674400000,
        "otherExpenses": 123600000,
        "operatingExpenses": 798000000,
        "costAndExpenses": 2028100000,
        "interestIncome": 0,
        "interestExpense": 0,
        "depreciationAndAmortization": 123600000,
        "ebitda": 351900000,
        "ebitdaratio": 0.1559563907,
        "operatingIncome": 228300000,
        "operatingIncomeRatio": 0.101178869,
        "totalOtherIncomeExpensesNet": -79500000,
        "incomeBeforeTax": 148800000,
        "incomeBeforeTaxRatio": 0.0659457543,
        "incomeTaxExpense": 47600000,
        "netIncome": 139200000,
        "netIncomeRatio": 0.0616911895,
        "eps": 8.41,
        "epsdiluted": 8.41,
        "weightedAverageShsOut": 16300000,
        "weightedAverageShsOutDil": 16561151,
        "link": "",
        "finalLink": ""
    },
    {
        "date": "1992-09-30",
        "symbol": "UIS",
        "reportedCurrency": "USD",
        "cik": "0000746838",
        "fillingDate": "1992-09-30",
        "acceptedDate": "1992-09-29 20:00:00",
        "calendarYear": "1992",
        "period": "Q3",
        "revenue": 2067500000,
        "costOfRevenue": 1145200000,
        "grossProfit": 922300000,
        "grossProfitRatio": 0.4460943168,
        "researchAndDevelopmentExpenses": 0,
        "generalAndAdministrativeExpenses": 0,
        "sellingAndMarketingExpenses": 0,
        "sellingGeneralAndAdministrativeExpenses": 629800000,
        "otherExpenses": 127200000,
        "operatingExpenses": 757000000,
        "costAndExpenses": 1902200000,
        "interestIncome": 0,
        "interestExpense": 0,
        "depreciationAndAmortization": 125900000,
        "ebitda": 292500000,
        "ebitdaratio": 0.1414752116,
        "operatingIncome": 165300000,
        "operatingIncomeRatio": 0.0799516324,
        "totalOtherIncomeExpensesNet": -79400000,
        "incomeBeforeTax": 85900000,
        "incomeBeforeTaxRatio": 0.041547763,
        "incomeTaxExpense": 27600000,
        "netIncome": 68300000,
        "netIncomeRatio": 0.0330350665,
        "eps": 2.3,
        "epsdiluted": 2.3,
        "weightedAverageShsOut": 16391304,
        "weightedAverageShsOutDil": 16391304,
        "link": "",
        "finalLink": ""
    },
    {
        "date": "1992-06-30",
        "symbol": "UIS",
        "reportedCurrency": "USD",
        "cik": "0000746838",
        "fillingDate": "1992-06-30",
        "acceptedDate": "1992-06-29 20:00:00",
        "calendarYear": "1992",
        "period": "Q2",
        "revenue": 2088500000,
        "costOfRevenue": 1123700000,
        "grossProfit": 964800000,
        "grossProfitRatio": 0.4619583433,
        "researchAndDevelopmentExpenses": 0,
        "generalAndAdministrativeExpenses": 0,
        "sellingAndMarketingExpenses": 0,
        "sellingGeneralAndAdministrativeExpenses": 621400000,
        "otherExpenses": 140400000,
        "operatingExpenses": 761800000,
        "costAndExpenses": 1885500000,
        "interestIncome": 0,
        "interestExpense": 0,
        "depreciationAndAmortization": 141700000,
        "ebitda": 344700000,
        "ebitdaratio": 0.1650466842,
        "operatingIncome": 203000000,
        "operatingIncomeRatio": 0.0971989466,
        "totalOtherIncomeExpensesNet": -69200000,
        "incomeBeforeTax": 133800000,
        "incomeBeforeTaxRatio": 0.0640651185,
        "incomeTaxExpense": 45400000,
        "netIncome": 105400000,
        "netIncomeRatio": 0.0504668422,
        "eps": 4.6,
        "epsdiluted": 4.5,
        "weightedAverageShsOut": 16260870,
        "weightedAverageShsOutDil": 16622222,
        "link": "",
        "finalLink": ""
    },
    {
        "date": "1992-03-31",
        "symbol": "UIS",
        "reportedCurrency": "USD",
        "cik": "0000746838",
        "fillingDate": "1992-03-31",
        "acceptedDate": "1992-03-30 19:00:00",
        "calendarYear": "1992",
        "period": "Q1",
        "revenue": 2009500000,
        "costOfRevenue": 1140200000,
        "grossProfit": 869300000,
        "grossProfitRatio": 0.4325951729,
        "researchAndDevelopmentExpenses": 0,
        "generalAndAdministrativeExpenses": 0,
        "sellingAndMarketingExpenses": 0,
        "sellingGeneralAndAdministrativeExpenses": 606200000,
        "otherExpenses": 139000000,
        "operatingExpenses": 745200000,
        "costAndExpenses": 1885400000,
        "interestIncome": 0,
        "interestExpense": 0,
        "depreciationAndAmortization": 139000000,
        "ebitda": 263100000,
        "ebitdaratio": 0.1309280916,
        "operatingIncome": 124100000,
        "operatingIncomeRatio": 0.0617566559,
        "totalOtherIncomeExpensesNet": -57000000,
        "incomeBeforeTax": 67100000,
        "incomeBeforeTaxRatio": 0.0333913909,
        "incomeTaxExpense": 18800000,
        "netIncome": 48300000,
        "netIncomeRatio": 0.0240358298,
        "eps": 1.1,
        "epsdiluted": 1.1,
        "weightedAverageShsOut": 16272727,
        "weightedAverageShsOutDil": 16272727,
        "link": "",
        "finalLink": ""
    },
    {
        "date": "1991-12-31",
        "symbol": "UIS",
        "reportedCurrency": "USD",
        "cik": "0000746838",
        "fillingDate": "1991-12-31",
        "acceptedDate": "1991-12-30 19:00:00",
        "calendarYear": "1991",
        "period": "Q4",
        "revenue": 2462100000,
        "costOfRevenue": 1419200000,
        "grossProfit": 1042900000,
        "grossProfitRatio": 0.4235814955,
        "researchAndDevelopmentExpenses": 0,
        "generalAndAdministrativeExpenses": 0,
        "sellingAndMarketingExpenses": 0,
        "sellingGeneralAndAdministrativeExpenses": 699400000,
        "otherExpenses": 143500000,
        "operatingExpenses": 842900000,
        "costAndExpenses": 2262100000,
        "interestIncome": 0,
        "interestExpense": 0,
        "depreciationAndAmortization": 143500000,
        "ebitda": 343500000,
        "ebitdaratio": 0.1395150481,
        "operatingIncome": 200000000,
        "operatingIncomeRatio": 0.0812314691,
        "totalOtherIncomeExpensesNet": -89500000,
        "incomeBeforeTax": 110500000,
        "incomeBeforeTaxRatio": 0.0448803867,
        "incomeTaxExpense": 30000000,
        "netIncome": 80500000,
        "netIncomeRatio": 0.0326956663,
        "eps": 4.95,
        "epsdiluted": 4.95,
        "weightedAverageShsOut": 16272727,
        "weightedAverageShsOutDil": 16272727,
        "link": "",
        "finalLink": ""
    },
    {
        "date": "1991-09-30",
        "symbol": "UIS",
        "reportedCurrency": "USD",
        "cik": "0000746838",
        "fillingDate": "1991-09-30",
        "acceptedDate": "1991-09-29 20:00:00",
        "calendarYear": "1991",
        "period": "Q3",
        "revenue": 1972300000,
        "costOfRevenue": 1042100000,
        "grossProfit": 930200000,
        "grossProfitRatio": 0.4716321046,
        "researchAndDevelopmentExpenses": 0,
        "generalAndAdministrativeExpenses": 0,
        "sellingAndMarketingExpenses": 0,
        "sellingGeneralAndAdministrativeExpenses": 634700000,
        "otherExpenses": 269400000,
        "operatingExpenses": 904100000,
        "costAndExpenses": 1946200000,
        "interestIncome": 0,
        "interestExpense": 0,
        "depreciationAndAmortization": 168800000,
        "ebitda": 259800000,
        "ebitdaratio": 0.1317243827,
        "operatingIncome": 26100000,
        "operatingIncomeRatio": 0.0132332809,
        "totalOtherIncomeExpensesNet": -63900000,
        "incomeBeforeTax": -37800000,
        "incomeBeforeTaxRatio": -0.0191654414,
        "incomeTaxExpense": 38000000,
        "netIncome": -75800000,
        "netIncomeRatio": -0.0384322872,
        "eps": -4.72,
        "epsdiluted": -4.72,
        "weightedAverageShsOut": 16075758,
        "weightedAverageShsOutDil": 16075758,
        "link": "",
        "finalLink": ""
    },
    {
        "date": "1991-06-30",
        "symbol": "UIS",
        "reportedCurrency": "USD",
        "cik": "0000746838",
        "fillingDate": "1991-06-30",
        "acceptedDate": "1991-06-29 20:00:00",
        "calendarYear": "1991",
        "period": "Q2",
        "revenue": 2202800000,
        "costOfRevenue": 1591700000,
        "grossProfit": 611100000,
        "grossProfitRatio": 0.2774196477,
        "researchAndDevelopmentExpenses": 0,
        "generalAndAdministrativeExpenses": 0,
        "sellingAndMarketingExpenses": 0,
        "sellingGeneralAndAdministrativeExpenses": 1096800000,
        "otherExpenses": 319700000,
        "operatingExpenses": 1416500000,
        "costAndExpenses": 3008200000,
        "interestIncome": 0,
        "interestExpense": 0,
        "depreciationAndAmortization": 445600000,
        "ebitda": -359800000,
        "ebitdaratio": -0.1633375704,
        "operatingIncome": -805400000,
        "operatingIncomeRatio": -0.3656255675,
        "totalOtherIncomeExpensesNet": -474400000,
        "incomeBeforeTax": -1279800000,
        "incomeBeforeTaxRatio": -0.5809878337,
        "incomeTaxExpense": 20000000,
        "netIncome": -1299800000,
        "netIncomeRatio": -0.5900671872,
        "eps": -80.52,
        "epsdiluted": -80.52,
        "weightedAverageShsOut": 16141990,
        "weightedAverageShsOutDil": 16141990,
        "link": "",
        "finalLink": ""
    },
    {
        "date": "1991-03-31",
        "symbol": "UIS",
        "reportedCurrency": "USD",
        "cik": "0000746838",
        "fillingDate": "1991-03-31",
        "acceptedDate": "1991-03-30 19:00:00",
        "calendarYear": "1991",
        "period": "Q1",
        "revenue": 2058900000,
        "costOfRevenue": 1137400000,
        "grossProfit": 921500000,
        "grossProfitRatio": 0.4475690903,
        "researchAndDevelopmentExpenses": 0,
        "generalAndAdministrativeExpenses": 0,
        "sellingAndMarketingExpenses": 0,
        "sellingGeneralAndAdministrativeExpenses": 727400000,
        "otherExpenses": 193700000,
        "operatingExpenses": 921100000,
        "costAndExpenses": 2058500000,
        "interestIncome": 0,
        "interestExpense": 0,
        "depreciationAndAmortization": 193700000,
        "ebitda": 194100000,
        "ebitdaratio": 0.0942736413,
        "operatingIncome": 400000,
        "operatingIncomeRatio": 0.0001942785,
        "totalOtherIncomeExpensesNet": -81600000,
        "incomeBeforeTax": -81200000,
        "incomeBeforeTaxRatio": -0.0394385351,
        "incomeTaxExpense": 17000000,
        "netIncome": -98200000,
        "netIncomeRatio": -0.0476953713,
        "eps": -6.05,
        "epsdiluted": -6.05,
        "weightedAverageShsOut": 16240506,
        "weightedAverageShsOutDil": 16240506,
        "link": "",
        "finalLink": ""
    },
    {
        "date": "1990-12-31",
        "symbol": "UIS",
        "reportedCurrency": "USD",
        "cik": "0000746838",
        "fillingDate": "1990-12-31",
        "acceptedDate": "1990-12-30 19:00:00",
        "calendarYear": "1990",
        "period": "Q4",
        "revenue": 2933900000,
        "costOfRevenue": 1773100000,
        "grossProfit": 1160800000,
        "grossProfitRatio": 0.3956508402,
        "researchAndDevelopmentExpenses": 0,
        "generalAndAdministrativeExpenses": 0,
        "sellingAndMarketingExpenses": 0,
        "sellingGeneralAndAdministrativeExpenses": 886500000,
        "otherExpenses": 186000000,
        "operatingExpenses": 1072500000,
        "costAndExpenses": 2845600000,
        "interestIncome": 0,
        "interestExpense": 0,
        "depreciationAndAmortization": 186000000,
        "ebitda": 274300000,
        "ebitdaratio": 0.0934933024,
        "operatingIncome": 88300000,
        "operatingIncomeRatio": 0.0300964586,
        "totalOtherIncomeExpensesNet": -143400000,
        "incomeBeforeTax": -55100000,
        "incomeBeforeTaxRatio": -0.0187804629,
        "incomeTaxExpense": 33400000,
        "netIncome": -88500000,
        "netIncomeRatio": -0.0301646273,
        "eps": -5.45,
        "epsdiluted": -5.45,
        "weightedAverageShsOut": 16236999,
        "weightedAverageShsOutDil": 16240506,
        "link": "",
        "finalLink": ""
    },
    {
        "date": "1990-09-30",
        "symbol": "UIS",
        "reportedCurrency": "USD",
        "cik": "0000746838",
        "fillingDate": "1990-09-30",
        "acceptedDate": "1990-09-29 20:00:00",
        "calendarYear": "1990",
        "period": "Q3",
        "revenue": 2400300000,
        "costOfRevenue": 1489600000,
        "grossProfit": 910700000,
        "grossProfitRatio": 0.379410907,
        "researchAndDevelopmentExpenses": 0,
        "generalAndAdministrativeExpenses": 0,
        "sellingAndMarketingExpenses": 0,
        "sellingGeneralAndAdministrativeExpenses": 954400000,
        "otherExpenses": 188700000,
        "operatingExpenses": 1143100000,
        "costAndExpenses": 2632700000,
        "interestIncome": 0,
        "interestExpense": 0,
        "depreciationAndAmortization": 197100000,
        "ebitda": -35300000,
        "ebitdaratio": -0.014706495,
        "operatingIncome": -232400000,
        "operatingIncomeRatio": -0.0968212307,
        "totalOtherIncomeExpensesNet": -62800000,
        "incomeBeforeTax": -295200000,
        "incomeBeforeTaxRatio": -0.1229846269,
        "incomeTaxExpense": 61600000,
        "netIncome": -356800000,
        "netIncomeRatio": -0.1486480857,
        "eps": -22.32,
        "epsdiluted": -22.32,
        "weightedAverageShsOut": 15987603,
        "weightedAverageShsOutDil": 15987603,
        "link": "",
        "finalLink": ""
    },
    {
        "date": "1990-06-30",
        "symbol": "UIS",
        "reportedCurrency": "USD",
        "cik": "0000746838",
        "fillingDate": "1990-06-30",
        "acceptedDate": "1990-06-29 20:00:00",
        "calendarYear": "1990",
        "period": "Q2",
        "revenue": 2470800000,
        "costOfRevenue": 1361300000,
        "grossProfit": 1109500000,
        "grossProfitRatio": 0.4490448438,
        "researchAndDevelopmentExpenses": 0,
        "generalAndAdministrativeExpenses": 0,
        "sellingAndMarketingExpenses": 0,
        "sellingGeneralAndAdministrativeExpenses": 822900000,
        "otherExpenses": 184600000,
        "operatingExpenses": 1007500000,
        "costAndExpenses": 2368800000,
        "interestIncome": 0,
        "interestExpense": 0,
        "depreciationAndAmortization": 194200000,
        "ebitda": 296200000,
        "ebitdaratio": 0.1198802007,
        "operatingIncome": 102000000,
        "operatingIncomeRatio": 0.0412821758,
        "totalOtherIncomeExpensesNet": -84200000,
        "incomeBeforeTax": 17800000,
        "incomeBeforeTaxRatio": 0.0072041444,
        "incomeTaxExpense": 6000000,
        "netIncome": 11800000,
        "netIncomeRatio": 0.0047757811,
        "eps": -0.9,
        "epsdiluted": -0.9,
        "weightedAverageShsOut": 16777778,
        "weightedAverageShsOutDil": 16777778,
        "link": "",
        "finalLink": ""
    },
    {
        "date": "1990-03-31",
        "symbol": "UIS",
        "reportedCurrency": "USD",
        "cik": "0000746838",
        "fillingDate": "1990-03-31",
        "acceptedDate": "1990-03-30 19:00:00",
        "calendarYear": "1990",
        "period": "Q1",
        "revenue": 2306300000,
        "costOfRevenue": 1242200000,
        "grossProfit": 1064100000,
        "grossProfitRatio": 0.461388371,
        "researchAndDevelopmentExpenses": 0,
        "generalAndAdministrativeExpenses": 0,
        "sellingAndMarketingExpenses": 0,
        "sellingGeneralAndAdministrativeExpenses": 803100000,
        "otherExpenses": 174900000,
        "operatingExpenses": 978000000,
        "costAndExpenses": 2220200000,
        "interestIncome": 0,
        "interestExpense": 0,
        "depreciationAndAmortization": 174900000,
        "ebitda": 261000000,
        "ebitdaratio": 0.1131682782,
        "operatingIncome": 86100000,
        "operatingIncomeRatio": 0.037332524,
        "totalOtherIncomeExpensesNet": -90900000,
        "incomeBeforeTax": -4800000,
        "incomeBeforeTaxRatio": -0.0020812557,
        "incomeTaxExpense": -1600000,
        "netIncome": -3200000,
        "netIncomeRatio": -0.0013875038,
        "eps": -0.2,
        "epsdiluted": -0.2,
        "weightedAverageShsOut": 15789474,
        "weightedAverageShsOutDil": 15789474,
        "link": "",
        "finalLink": ""
    },
    {
        "date": "1989-12-31",
        "symbol": "UIS",
        "reportedCurrency": "USD",
        "cik": "0000746838",
        "fillingDate": "1989-12-31",
        "acceptedDate": "1989-12-30 19:00:00",
        "calendarYear": "1989",
        "period": "Q4",
        "revenue": 2969100000,
        "costOfRevenue": 1799300000,
        "grossProfit": 1169800000,
        "grossProfitRatio": 0.3939914452,
        "researchAndDevelopmentExpenses": 0,
        "generalAndAdministrativeExpenses": 0,
        "sellingAndMarketingExpenses": 0,
        "sellingGeneralAndAdministrativeExpenses": 827700000,
        "otherExpenses": 179800000,
        "operatingExpenses": 1007500000,
        "costAndExpenses": 2806800000,
        "interestIncome": 0,
        "interestExpense": 0,
        "depreciationAndAmortization": 179800000,
        "ebitda": 342100000,
        "ebitdaratio": 0.1152201004,
        "operatingIncome": 162300000,
        "operatingIncomeRatio": 0.0546630292,
        "totalOtherIncomeExpensesNet": -111300000,
        "incomeBeforeTax": 51000000,
        "incomeBeforeTaxRatio": 0.0171769223,
        "incomeTaxExpense": 17000000,
        "netIncome": 34000000,
        "netIncomeRatio": 0.0114512815,
        "eps": 2.15,
        "epsdiluted": 2.15,
        "weightedAverageShsOut": 15789474,
        "weightedAverageShsOutDil": 15789474,
        "link": "",
        "finalLink": ""
    },
    {
        "date": "1989-09-30",
        "symbol": "UIS",
        "reportedCurrency": "USD",
        "cik": "0000746838",
        "fillingDate": "1989-09-30",
        "acceptedDate": "1989-09-29 20:00:00",
        "calendarYear": "1989",
        "period": "Q3",
        "revenue": 2351500000,
        "costOfRevenue": 1626000000,
        "grossProfit": 725500000,
        "grossProfitRatio": 0.3085264725,
        "researchAndDevelopmentExpenses": 0,
        "generalAndAdministrativeExpenses": 0,
        "sellingAndMarketingExpenses": 0,
        "sellingGeneralAndAdministrativeExpenses": 961500000,
        "otherExpenses": 174800000,
        "operatingExpenses": 1136300000,
        "costAndExpenses": 2762300000,
        "interestIncome": 0,
        "interestExpense": 0,
        "depreciationAndAmortization": 174800000,
        "ebitda": -236000000,
        "ebitdaratio": -0.1003614714,
        "operatingIncome": -410800000,
        "operatingIncomeRatio": -0.1746970019,
        "totalOtherIncomeExpensesNet": -158600000,
        "incomeBeforeTax": -569400000,
        "incomeBeforeTaxRatio": -0.2421433128,
        "incomeTaxExpense": 78800000,
        "netIncome": -648200000,
        "netIncomeRatio": -0.275653838,
        "eps": -40.81,
        "epsdiluted": -40.81,
        "weightedAverageShsOut": 15882353,
        "weightedAverageShsOutDil": 15882353,
        "link": "",
        "finalLink": ""
    },
    {
        "date": "1989-06-30",
        "symbol": "UIS",
        "reportedCurrency": "USD",
        "cik": "0000746838",
        "fillingDate": "1989-06-30",
        "acceptedDate": "1989-06-29 20:00:00",
        "calendarYear": "1989",
        "period": "Q2",
        "revenue": 2574500000,
        "costOfRevenue": 0,
        "grossProfit": 2574500000,
        "grossProfitRatio": 1,
        "researchAndDevelopmentExpenses": 0,
        "generalAndAdministrativeExpenses": 0,
        "sellingAndMarketingExpenses": 0,
        "sellingGeneralAndAdministrativeExpenses": 0,
        "otherExpenses": 0,
        "operatingExpenses": 0,
        "costAndExpenses": 0,
        "interestIncome": 0,
        "interestExpense": 0,
        "depreciationAndAmortization": 0,
        "ebitda": 2574500000,
        "ebitdaratio": 1,
        "operatingIncome": 2574500000,
        "operatingIncomeRatio": 1,
        "totalOtherIncomeExpensesNet": -2574500000,
        "incomeBeforeTax": 0,
        "incomeBeforeTaxRatio": 0,
        "incomeTaxExpense": 0,
        "netIncome": 53600000,
        "netIncomeRatio": 0.0208195766,
        "eps": 1.7,
        "epsdiluted": 1.7,
        "weightedAverageShsOut": 15855500,
        "weightedAverageShsOutDil": 15855500,
        "link": "",
        "finalLink": ""
    },
    {
        "date": "1989-03-31",
        "symbol": "UIS",
        "reportedCurrency": "USD",
        "cik": "0000746838",
        "fillingDate": "1989-03-31",
        "acceptedDate": "1989-03-30 19:00:00",
        "calendarYear": "1989",
        "period": "Q1",
        "revenue": 2201800000,
        "costOfRevenue": 0,
        "grossProfit": 2201800000,
        "grossProfitRatio": 1,
        "researchAndDevelopmentExpenses": 0,
        "generalAndAdministrativeExpenses": 0,
        "sellingAndMarketingExpenses": 0,
        "sellingGeneralAndAdministrativeExpenses": 0,
        "otherExpenses": 0,
        "operatingExpenses": 0,
        "costAndExpenses": 0,
        "interestIncome": 0,
        "interestExpense": 0,
        "depreciationAndAmortization": 0,
        "ebitda": 2201800000,
        "ebitdaratio": 1,
        "operatingIncome": 2201800000,
        "operatingIncomeRatio": 1,
        "totalOtherIncomeExpensesNet": -2201800000,
        "incomeBeforeTax": 0,
        "incomeBeforeTaxRatio": 0,
        "incomeTaxExpense": 0,
        "netIncome": -78700000,
        "netIncomeRatio": -0.0357434826,
        "eps": -6.6,
        "epsdiluted": -6.6,
        "weightedAverageShsOut": 15855500,
        "weightedAverageShsOutDil": 15855500,
        "link": "",
        "finalLink": ""
    },
    {
        "date": "1988-12-31",
        "symbol": "UIS",
        "reportedCurrency": "USD",
        "cik": "0000746838",
        "fillingDate": "1988-12-31",
        "acceptedDate": "1988-12-30 19:00:00",
        "calendarYear": "1988",
        "period": "Q4",
        "revenue": 2873900000,
        "costOfRevenue": 0,
        "grossProfit": 2873900000,
        "grossProfitRatio": 1,
        "researchAndDevelopmentExpenses": 0,
        "generalAndAdministrativeExpenses": 0,
        "sellingAndMarketingExpenses": 0,
        "sellingGeneralAndAdministrativeExpenses": 0,
        "otherExpenses": -8829100000,
        "operatingExpenses": -8829100000,
        "costAndExpenses": -8829100000,
        "interestIncome": 0,
        "interestExpense": 0,
        "depreciationAndAmortization": 0,
        "ebitda": -5955200000,
        "ebitdaratio": -2.0721667421,
        "operatingIncome": -5955200000,
        "operatingIncomeRatio": -2.0721667421,
        "totalOtherIncomeExpensesNet": 5955200000,
        "incomeBeforeTax": 0,
        "incomeBeforeTaxRatio": 0,
        "incomeTaxExpense": 0,
        "netIncome": 218000000,
        "netIncomeRatio": 0.0758551098,
        "eps": 12,
        "epsdiluted": 10.5,
        "weightedAverageShsOut": 15855500,
        "weightedAverageShsOutDil": 15855500,
        "link": "",
        "finalLink": ""
    },
    {
        "date": "1988-09-30",
        "symbol": "UIS",
        "reportedCurrency": "USD",
        "cik": "0000746838",
        "fillingDate": "1988-09-30",
        "acceptedDate": "1988-09-29 20:00:00",
        "calendarYear": "1988",
        "period": "Q3",
        "revenue": 2267700000,
        "costOfRevenue": 0,
        "grossProfit": 2267700000,
        "grossProfitRatio": 1,
        "researchAndDevelopmentExpenses": 0,
        "generalAndAdministrativeExpenses": 0,
        "sellingAndMarketingExpenses": 0,
        "sellingGeneralAndAdministrativeExpenses": 0,
        "otherExpenses": 0,
        "operatingExpenses": 0,
        "costAndExpenses": 0,
        "interestIncome": 0,
        "interestExpense": 0,
        "depreciationAndAmortization": 0,
        "ebitda": 2267700000,
        "ebitdaratio": 1,
        "operatingIncome": 2267700000,
        "operatingIncomeRatio": 1,
        "totalOtherIncomeExpensesNet": -2267700000,
        "incomeBeforeTax": 0,
        "incomeBeforeTaxRatio": 0,
        "incomeTaxExpense": 0,
        "netIncome": 151000000,
        "netIncomeRatio": 0.0665872911,
        "eps": 7.7,
        "epsdiluted": 7.2,
        "weightedAverageShsOut": 15861200,
        "weightedAverageShsOutDil": 15861200,
        "link": "",
        "finalLink": ""
    },
    {
        "date": "1988-06-30",
        "symbol": "UIS",
        "reportedCurrency": "USD",
        "cik": "0000746838",
        "fillingDate": "1988-06-30",
        "acceptedDate": "1988-06-29 20:00:00",
        "calendarYear": "1988",
        "period": "Q2",
        "revenue": 2392700000,
        "costOfRevenue": 0,
        "grossProfit": 2392700000,
        "grossProfitRatio": 1,
        "researchAndDevelopmentExpenses": 0,
        "generalAndAdministrativeExpenses": 0,
        "sellingAndMarketingExpenses": 0,
        "sellingGeneralAndAdministrativeExpenses": 0,
        "otherExpenses": 0,
        "operatingExpenses": 0,
        "costAndExpenses": 0,
        "interestIncome": 0,
        "interestExpense": 0,
        "depreciationAndAmortization": 0,
        "ebitda": 2392700000,
        "ebitdaratio": 1,
        "operatingIncome": 2392700000,
        "operatingIncomeRatio": 1,
        "totalOtherIncomeExpensesNet": -2392700000,
        "incomeBeforeTax": 0,
        "incomeBeforeTaxRatio": 0,
        "incomeTaxExpense": 0,
        "netIncome": 162300000,
        "netIncomeRatio": 0.0678313203,
        "eps": 8.4,
        "epsdiluted": 7.8,
        "weightedAverageShsOut": 15861200,
        "weightedAverageShsOutDil": 15861200,
        "link": "",
        "finalLink": ""
    },
    {
        "date": "1988-03-31",
        "symbol": "UIS",
        "reportedCurrency": "USD",
        "cik": "0000746838",
        "fillingDate": "1988-03-31",
        "acceptedDate": "1988-03-30 19:00:00",
        "calendarYear": "1988",
        "period": "Q1",
        "revenue": 2367700000,
        "costOfRevenue": 0,
        "grossProfit": 2367700000,
        "grossProfitRatio": 1,
        "researchAndDevelopmentExpenses": 0,
        "generalAndAdministrativeExpenses": 0,
        "sellingAndMarketingExpenses": 0,
        "sellingGeneralAndAdministrativeExpenses": 0,
        "otherExpenses": 0,
        "operatingExpenses": 0,
        "costAndExpenses": 0,
        "interestIncome": 0,
        "interestExpense": 0,
        "depreciationAndAmortization": 0,
        "ebitda": 2367700000,
        "ebitdaratio": 1,
        "operatingIncome": 2367700000,
        "operatingIncomeRatio": 1,
        "totalOtherIncomeExpensesNet": -2367700000,
        "incomeBeforeTax": 0,
        "incomeBeforeTaxRatio": 0,
        "incomeTaxExpense": 0,
        "netIncome": 149300000,
        "netIncomeRatio": 0.0630569751,
        "eps": 7.7,
        "epsdiluted": 7.2,
        "weightedAverageShsOut": 15861200,
        "weightedAverageShsOutDil": 15861200,
        "link": "",
        "finalLink": ""
    },
    {
        "date": "1987-12-31",
        "symbol": "UIS",
        "reportedCurrency": "USD",
        "cik": "0000746838",
        "fillingDate": "1987-12-31",
        "acceptedDate": "1987-12-30 19:00:00",
        "calendarYear": "1987",
        "period": "Q4",
        "revenue": 2798900000,
        "costOfRevenue": 0,
        "grossProfit": 2798900000,
        "grossProfitRatio": 1,
        "researchAndDevelopmentExpenses": 0,
        "generalAndAdministrativeExpenses": 0,
        "sellingAndMarketingExpenses": 0,
        "sellingGeneralAndAdministrativeExpenses": 0,
        "otherExpenses": -8586000000,
        "operatingExpenses": -8586000000,
        "costAndExpenses": -8586000000,
        "interestIncome": 0,
        "interestExpense": 0,
        "depreciationAndAmortization": 0,
        "ebitda": -5787100000,
        "ebitdaratio": -2.0676337132,
        "operatingIncome": -5787100000,
        "operatingIncomeRatio": -2.0676337132,
        "totalOtherIncomeExpensesNet": 5787100000,
        "incomeBeforeTax": 0,
        "incomeBeforeTaxRatio": 0,
        "incomeTaxExpense": 0,
        "netIncome": 216900000,
        "netIncomeRatio": 0.0774947301,
        "eps": 12.6,
        "epsdiluted": 10.9,
        "weightedAverageShsOut": 15861200,
        "weightedAverageShsOutDil": 15861200,
        "link": "",
        "finalLink": ""
    },
    {
        "date": "1987-09-30",
        "symbol": "UIS",
        "reportedCurrency": "USD",
        "cik": "0000746838",
        "fillingDate": "1987-09-30",
        "acceptedDate": "1987-09-29 20:00:00",
        "calendarYear": "1987",
        "period": "Q3",
        "revenue": 2223200000,
        "costOfRevenue": 0,
        "grossProfit": 2223200000,
        "grossProfitRatio": 1,
        "researchAndDevelopmentExpenses": 0,
        "generalAndAdministrativeExpenses": 0,
        "sellingAndMarketingExpenses": 0,
        "sellingGeneralAndAdministrativeExpenses": 0,
        "otherExpenses": 0,
        "operatingExpenses": 0,
        "costAndExpenses": 0,
        "interestIncome": 0,
        "interestExpense": 0,
        "depreciationAndAmortization": 0,
        "ebitda": 2223200000,
        "ebitdaratio": 1,
        "operatingIncome": 2223200000,
        "operatingIncomeRatio": 1,
        "totalOtherIncomeExpensesNet": -2223200000,
        "incomeBeforeTax": 0,
        "incomeBeforeTaxRatio": 0,
        "incomeTaxExpense": 0,
        "netIncome": 129700000,
        "netIncomeRatio": 0.0583393307,
        "eps": 6.8,
        "epsdiluted": 6.5,
        "weightedAverageShsOut": 14076600,
        "weightedAverageShsOutDil": 14076600,
        "link": "",
        "finalLink": ""
    },
    {
        "date": "1987-06-30",
        "symbol": "UIS",
        "reportedCurrency": "USD",
        "cik": "0000746838",
        "fillingDate": "1987-06-30",
        "acceptedDate": "1987-06-29 20:00:00",
        "calendarYear": "1987",
        "period": "Q2",
        "revenue": 2275000000,
        "costOfRevenue": 0,
        "grossProfit": 2275000000,
        "grossProfitRatio": 1,
        "researchAndDevelopmentExpenses": 0,
        "generalAndAdministrativeExpenses": 0,
        "sellingAndMarketingExpenses": 0,
        "sellingGeneralAndAdministrativeExpenses": 0,
        "otherExpenses": 0,
        "operatingExpenses": 0,
        "costAndExpenses": 0,
        "interestIncome": 0,
        "interestExpense": 0,
        "depreciationAndAmortization": 0,
        "ebitda": 2275000000,
        "ebitdaratio": 1,
        "operatingIncome": 2275000000,
        "operatingIncomeRatio": 1,
        "totalOtherIncomeExpensesNet": -2275000000,
        "incomeBeforeTax": 0,
        "incomeBeforeTaxRatio": 0,
        "incomeTaxExpense": 0,
        "netIncome": 121200000,
        "netIncomeRatio": 0.0532747253,
        "eps": 6.4,
        "epsdiluted": 6.2,
        "weightedAverageShsOut": 14076600,
        "weightedAverageShsOutDil": 14076600,
        "link": "",
        "finalLink": ""
    },
    {
        "date": "1987-03-31",
        "symbol": "UIS",
        "reportedCurrency": "USD",
        "cik": "0000746838",
        "fillingDate": "1987-03-31",
        "acceptedDate": "1987-03-30 19:00:00",
        "calendarYear": "1987",
        "period": "Q1",
        "revenue": 2415800000,
        "costOfRevenue": 0,
        "grossProfit": 2415800000,
        "grossProfitRatio": 1,
        "researchAndDevelopmentExpenses": 0,
        "generalAndAdministrativeExpenses": 0,
        "sellingAndMarketingExpenses": 0,
        "sellingGeneralAndAdministrativeExpenses": 0,
        "otherExpenses": 0,
        "operatingExpenses": 0,
        "costAndExpenses": 0,
        "interestIncome": 0,
        "interestExpense": 0,
        "depreciationAndAmortization": 0,
        "ebitda": 2415800000,
        "ebitdaratio": 1,
        "operatingIncome": 2415800000,
        "operatingIncomeRatio": 1,
        "totalOtherIncomeExpensesNet": -2415800000,
        "incomeBeforeTax": 0,
        "incomeBeforeTaxRatio": 0,
        "incomeTaxExpense": 0,
        "netIncome": 110200000,
        "netIncomeRatio": 0.045616359,
        "eps": 5.7,
        "epsdiluted": 5.7,
        "weightedAverageShsOut": 13752900,
        "weightedAverageShsOutDil": 13752900,
        "link": "",
        "finalLink": ""
    },
    {
        "date": "1986-12-31",
        "symbol": "UIS",
        "reportedCurrency": "USD",
        "cik": "0000746838",
        "fillingDate": "1986-12-31",
        "acceptedDate": "1986-12-30 19:00:00",
        "calendarYear": "1986",
        "period": "Q4",
        "revenue": 2325800000,
        "costOfRevenue": 0,
        "grossProfit": 2325800000,
        "grossProfitRatio": 1,
        "researchAndDevelopmentExpenses": 0,
        "generalAndAdministrativeExpenses": 0,
        "sellingAndMarketingExpenses": 0,
        "sellingGeneralAndAdministrativeExpenses": 0,
        "otherExpenses": -7448200000,
        "operatingExpenses": -7448200000,
        "costAndExpenses": -7448200000,
        "interestIncome": 0,
        "interestExpense": 0,
        "depreciationAndAmortization": 0,
        "ebitda": -5122400000,
        "ebitdaratio": -2.2024249721,
        "operatingIncome": -5122400000,
        "operatingIncomeRatio": -2.2024249721,
        "totalOtherIncomeExpensesNet": 5122400000,
        "incomeBeforeTax": 0,
        "incomeBeforeTaxRatio": 0,
        "incomeTaxExpense": 0,
        "netIncome": -188500000,
        "netIncomeRatio": -0.0810473815,
        "eps": -15.4,
        "epsdiluted": -15.4,
        "weightedAverageShsOut": 13752900,
        "weightedAverageShsOutDil": 13752900,
        "link": "",
        "finalLink": ""
    },
    {
        "date": "1986-09-30",
        "symbol": "UIS",
        "reportedCurrency": "USD",
        "cik": "0000746838",
        "fillingDate": "1986-09-30",
        "acceptedDate": "1986-09-29 20:00:00",
        "calendarYear": "1986",
        "period": "Q3",
        "revenue": 2633000000,
        "costOfRevenue": 0,
        "grossProfit": 2633000000,
        "grossProfitRatio": 1,
        "researchAndDevelopmentExpenses": 0,
        "generalAndAdministrativeExpenses": 0,
        "sellingAndMarketingExpenses": 0,
        "sellingGeneralAndAdministrativeExpenses": 0,
        "otherExpenses": 0,
        "operatingExpenses": 0,
        "costAndExpenses": 0,
        "interestIncome": 0,
        "interestExpense": 0,
        "depreciationAndAmortization": 0,
        "ebitda": 2633000000,
        "ebitdaratio": 1,
        "operatingIncome": 2633000000,
        "operatingIncomeRatio": 1,
        "totalOtherIncomeExpensesNet": -2633000000,
        "incomeBeforeTax": 0,
        "incomeBeforeTaxRatio": 0,
        "incomeTaxExpense": 0,
        "netIncome": 52900000,
        "netIncomeRatio": 0.0200911508,
        "eps": 3.4,
        "epsdiluted": 3.4,
        "weightedAverageShsOut": 13752900,
        "weightedAverageShsOutDil": 13752900,
        "link": "",
        "finalLink": ""
    },
    {
        "date": "1986-06-30",
        "symbol": "UIS",
        "reportedCurrency": "USD",
        "cik": "0000746838",
        "fillingDate": "1986-06-30",
        "acceptedDate": "1986-06-29 20:00:00",
        "calendarYear": "1986",
        "period": "Q2",
        "revenue": 1337600000,
        "costOfRevenue": 0,
        "grossProfit": 1337600000,
        "grossProfitRatio": 1,
        "researchAndDevelopmentExpenses": 0,
        "generalAndAdministrativeExpenses": 0,
        "sellingAndMarketingExpenses": 0,
        "sellingGeneralAndAdministrativeExpenses": 0,
        "otherExpenses": 0,
        "operatingExpenses": 0,
        "costAndExpenses": 0,
        "interestIncome": 0,
        "interestExpense": 0,
        "depreciationAndAmortization": 0,
        "ebitda": 1337600000,
        "ebitdaratio": 1,
        "operatingIncome": 1337600000,
        "operatingIncomeRatio": 1,
        "totalOtherIncomeExpensesNet": -1337600000,
        "incomeBeforeTax": 0,
        "incomeBeforeTaxRatio": 0,
        "incomeTaxExpense": 0,
        "netIncome": 76200000,
        "netIncomeRatio": 0.0569677033,
        "eps": 5.4,
        "epsdiluted": 5.4,
        "weightedAverageShsOut": 13680200,
        "weightedAverageShsOutDil": 13680200,
        "link": "",
        "finalLink": ""
    },
    {
        "date": "1986-03-31",
        "symbol": "UIS",
        "reportedCurrency": "USD",
        "cik": "0000746838",
        "fillingDate": "1986-03-31",
        "acceptedDate": "1986-03-30 19:00:00",
        "calendarYear": "1986",
        "period": "Q1",
        "revenue": 1136000000,
        "costOfRevenue": 0,
        "grossProfit": 1136000000,
        "grossProfitRatio": 1,
        "researchAndDevelopmentExpenses": 0,
        "generalAndAdministrativeExpenses": 0,
        "sellingAndMarketingExpenses": 0,
        "sellingGeneralAndAdministrativeExpenses": 0,
        "otherExpenses": 0,
        "operatingExpenses": 0,
        "costAndExpenses": 0,
        "interestIncome": 0,
        "interestExpense": 0,
        "depreciationAndAmortization": 0,
        "ebitda": 1136000000,
        "ebitdaratio": 1,
        "operatingIncome": 1136000000,
        "operatingIncomeRatio": 1,
        "totalOtherIncomeExpensesNet": -1136000000,
        "incomeBeforeTax": 0,
        "incomeBeforeTaxRatio": 0,
        "incomeTaxExpense": 0,
        "netIncome": 16000000,
        "netIncomeRatio": 0.014084507,
        "eps": 1.2,
        "epsdiluted": 1.2,
        "weightedAverageShsOut": 13680200,
        "weightedAverageShsOutDil": 13680200,
        "link": "",
        "finalLink": ""
    },
    {
        "date": "1985-12-31",
        "symbol": "UIS",
        "reportedCurrency": "USD",
        "cik": "0000746838",
        "fillingDate": "1985-12-31",
        "acceptedDate": "1985-12-30 19:00:00",
        "calendarYear": "1985",
        "period": "Q4",
        "revenue": 1480300000,
        "costOfRevenue": 0,
        "grossProfit": 1480300000,
        "grossProfitRatio": 1,
        "researchAndDevelopmentExpenses": 0,
        "generalAndAdministrativeExpenses": 0,
        "sellingAndMarketingExpenses": 0,
        "sellingGeneralAndAdministrativeExpenses": 0,
        "otherExpenses": -4610700000,
        "operatingExpenses": -4610700000,
        "costAndExpenses": -4610700000,
        "interestIncome": 0,
        "interestExpense": 0,
        "depreciationAndAmortization": 0,
        "ebitda": -3130400000,
        "ebitdaratio": -2.1147064784,
        "operatingIncome": -3130400000,
        "operatingIncomeRatio": -2.1147064784,
        "totalOtherIncomeExpensesNet": 3130400000,
        "incomeBeforeTax": 0,
        "incomeBeforeTaxRatio": 0,
        "incomeTaxExpense": 0,
        "netIncome": 115300000,
        "netIncomeRatio": 0.077889617,
        "eps": 8.4,
        "epsdiluted": 8.4,
        "weightedAverageShsOut": 13680200,
        "weightedAverageShsOutDil": 13680200,
        "link": "",
        "finalLink": ""
    },
    {
        "date": "1985-09-30",
        "symbol": "UIS",
        "reportedCurrency": "USD",
        "cik": "0000746838",
        "fillingDate": "1985-09-30",
        "acceptedDate": "1985-09-29 20:00:00",
        "calendarYear": "1985",
        "period": "Q3",
        "revenue": 1159100000,
        "costOfRevenue": 0,
        "grossProfit": 1159100000,
        "grossProfitRatio": 1,
        "researchAndDevelopmentExpenses": 0,
        "generalAndAdministrativeExpenses": 0,
        "sellingAndMarketingExpenses": 0,
        "sellingGeneralAndAdministrativeExpenses": 0,
        "otherExpenses": 0,
        "operatingExpenses": 0,
        "costAndExpenses": 0,
        "interestIncome": 0,
        "interestExpense": 0,
        "depreciationAndAmortization": 0,
        "ebitda": 1159100000,
        "ebitdaratio": 1,
        "operatingIncome": 1159100000,
        "operatingIncomeRatio": 1,
        "totalOtherIncomeExpensesNet": -1159100000,
        "incomeBeforeTax": 0,
        "incomeBeforeTaxRatio": 0,
        "incomeTaxExpense": 0,
        "netIncome": 32200000,
        "netIncomeRatio": 0.0277801743,
        "eps": 2.4,
        "epsdiluted": 2.4,
        "weightedAverageShsOut": 13636900,
        "weightedAverageShsOutDil": 13636900,
        "link": "",
        "finalLink": ""
    }
]