[
    {
        "date": "2025-06-30",
        "symbol": "UNM",
        "reportedCurrency": "USD",
        "cik": "0000005513",
        "fillingDate": "2025-07-30",
        "acceptedDate": "2025-07-30 16:33:19",
        "calendarYear": "2025",
        "period": "Q2",
        "revenue": 3361400000,
        "costOfRevenue": 1933400000,
        "grossProfit": 1412400000,
        "grossProfitRatio": 0.420182067,
        "researchAndDevelopmentExpenses": 0,
        "generalAndAdministrativeExpenses": 292000000,
        "sellingAndMarketingExpenses": 0,
        "sellingGeneralAndAdministrativeExpenses": 292000000,
        "otherExpenses": 703400000,
        "operatingExpenses": 995400000,
        "costAndExpenses": 2928800000,
        "interestIncome": 0,
        "interestExpense": 52000000,
        "depreciationAndAmortization": 0,
        "ebitda": 469000000,
        "ebitdaratio": 0.1395251978,
        "operatingIncome": 465100000,
        "operatingIncomeRatio": 0.138364967,
        "totalOtherIncomeExpensesNet": -48100000,
        "incomeBeforeTax": 417000000,
        "incomeBeforeTaxRatio": 0.1240554531,
        "incomeTaxExpense": 81400000,
        "netIncome": 335600000,
        "netIncomeRatio": 0.0998393527,
        "eps": 1.93,
        "epsdiluted": 1.93,
        "weightedAverageShsOut": 174111000,
        "weightedAverageShsOutDil": 174432000,
        "link": "https://www.sec.gov/Archives/edgar/data/5513/000000551325000118/0000005513-25-000118-index.htm",
        "finalLink": "https://www.sec.gov/Archives/edgar/data/5513/000000551325000118/unm-20250630.htm"
    },
    {
        "date": "2025-03-31",
        "symbol": "UNM",
        "reportedCurrency": "USD",
        "cik": "0000005513",
        "fillingDate": "2025-04-30",
        "acceptedDate": "2025-04-30 16:32:31",
        "calendarYear": "2025",
        "period": "Q1",
        "revenue": 3077500000,
        "costOfRevenue": 1823800000,
        "grossProfit": 3091600000,
        "grossProfitRatio": 1.0045816409,
        "researchAndDevelopmentExpenses": 0,
        "generalAndAdministrativeExpenses": 310400000,
        "sellingAndMarketingExpenses": 0,
        "sellingGeneralAndAdministrativeExpenses": 310400000,
        "otherExpenses": 699700000,
        "operatingExpenses": 1010100000,
        "costAndExpenses": 2833900000,
        "interestIncome": 0,
        "interestExpense": 52000000,
        "depreciationAndAmortization": 30000000,
        "ebitda": 325600000,
        "ebitdaratio": 0.1058001625,
        "operatingIncome": 319100000,
        "operatingIncomeRatio": 0.1036880585,
        "totalOtherIncomeExpensesNet": -75500000,
        "incomeBeforeTax": 243600000,
        "incomeBeforeTaxRatio": 0.0791551584,
        "incomeTaxExpense": 54500000,
        "netIncome": 189100000,
        "netIncomeRatio": 0.0614459789,
        "eps": 1.06,
        "epsdiluted": 1.06,
        "weightedAverageShsOut": 178292000,
        "weightedAverageShsOutDil": 178882000,
        "link": "https://www.sec.gov/Archives/edgar/data/5513/000000551325000059/0000005513-25-000059-index.htm",
        "finalLink": "https://www.sec.gov/Archives/edgar/data/5513/000000551325000059/unm-20250331.htm"
    },
    {
        "date": "2024-12-31",
        "symbol": "UNM",
        "reportedCurrency": "USD",
        "cik": "0000005513",
        "fillingDate": "2025-02-27",
        "acceptedDate": "2025-02-27 16:25:59",
        "calendarYear": "2024",
        "period": "Q4",
        "revenue": 3236600000,
        "costOfRevenue": 1838100000,
        "grossProfit": 3236600000,
        "grossProfitRatio": 1,
        "researchAndDevelopmentExpenses": 0,
        "generalAndAdministrativeExpenses": 270300000,
        "sellingAndMarketingExpenses": 0,
        "sellingGeneralAndAdministrativeExpenses": 270300000,
        "otherExpenses": 648600000,
        "operatingExpenses": 918900000,
        "costAndExpenses": 287600000,
        "interestIncome": 0,
        "interestExpense": 52500000,
        "depreciationAndAmortization": 26200000,
        "ebitda": 524200000,
        "ebitdaratio": 0.1619600816,
        "operatingIncome": -1977000000,
        "operatingIncomeRatio": -0.6108261756,
        "totalOtherIncomeExpensesNet": 2422500000,
        "incomeBeforeTax": 445500000,
        "incomeBeforeTaxRatio": 0.1376444417,
        "incomeTaxExpense": 96800000,
        "netIncome": 348700000,
        "netIncomeRatio": 0.1077365136,
        "eps": 1.93,
        "epsdiluted": 1.92,
        "weightedAverageShsOut": 180986000,
        "weightedAverageShsOutDil": 181638000,
        "link": "https://www.sec.gov/Archives/edgar/data/5513/000000551325000015/0000005513-25-000015-index.htm",
        "finalLink": "https://www.sec.gov/Archives/edgar/data/5513/000000551325000015/unm-20241231.htm"
    },
    {
        "date": "2024-09-30",
        "symbol": "UNM",
        "reportedCurrency": "USD",
        "cik": "0000005513",
        "fillingDate": "2024-10-30",
        "acceptedDate": "2024-10-30 16:54:00",
        "calendarYear": "2024",
        "period": "Q3",
        "revenue": 3202100000,
        "costOfRevenue": 95600000,
        "grossProfit": 3106500000,
        "grossProfitRatio": 0.9701445926,
        "researchAndDevelopmentExpenses": 0,
        "generalAndAdministrativeExpenses": 294200000,
        "sellingAndMarketingExpenses": 0,
        "sellingGeneralAndAdministrativeExpenses": 294200000,
        "otherExpenses": 1925900000,
        "operatingExpenses": 2220100000,
        "costAndExpenses": 2315700000,
        "interestIncome": 0,
        "interestExpense": 49200000,
        "depreciationAndAmortization": 30600000,
        "ebitda": 894400000,
        "ebitdaratio": 0.2793166984,
        "operatingIncome": 886400000,
        "operatingIncomeRatio": 0.276818338,
        "totalOtherIncomeExpensesNet": -71800000,
        "incomeBeforeTax": 814600000,
        "incomeBeforeTaxRatio": 0.2543955529,
        "incomeTaxExpense": 168900000,
        "netIncome": 645700000,
        "netIncomeRatio": 0.2016489179,
        "eps": 3.46,
        "epsdiluted": 3.46,
        "weightedAverageShsOut": 186401000,
        "weightedAverageShsOutDil": 186882000,
        "link": "https://www.sec.gov/Archives/edgar/data/5513/000000551324000161/0000005513-24-000161-index.htm",
        "finalLink": "https://www.sec.gov/Archives/edgar/data/5513/000000551324000161/unm-20240930.htm"
    },
    {
        "date": "2024-06-30",
        "symbol": "UNM",
        "reportedCurrency": "USD",
        "cik": "0000005513",
        "fillingDate": "2024-07-31",
        "acceptedDate": "2024-07-31 16:09:46",
        "calendarYear": "2024",
        "period": "Q2",
        "revenue": 3234200000,
        "costOfRevenue": 132900000,
        "grossProfit": 3101300000,
        "grossProfitRatio": 0.9589079216,
        "researchAndDevelopmentExpenses": 0,
        "generalAndAdministrativeExpenses": 295900000,
        "sellingAndMarketingExpenses": 0,
        "sellingGeneralAndAdministrativeExpenses": 295900000,
        "otherExpenses": 641300000,
        "operatingExpenses": 937200000,
        "costAndExpenses": 2666200000,
        "interestIncome": 0,
        "interestExpense": 49900000,
        "depreciationAndAmortization": 29200000,
        "ebitda": 574600000,
        "ebitdaratio": 0.177663719,
        "operatingIncome": 568000000,
        "operatingIncomeRatio": 0.1756230289,
        "totalOtherIncomeExpensesNet": -72500000,
        "incomeBeforeTax": 495500000,
        "incomeBeforeTaxRatio": 0.1532063571,
        "incomeTaxExpense": 106000000,
        "netIncome": 389500000,
        "netIncomeRatio": 0.1204316369,
        "eps": 2.05,
        "epsdiluted": 2.05,
        "weightedAverageShsOut": 189894100,
        "weightedAverageShsOutDil": 190329300,
        "link": "https://www.sec.gov/Archives/edgar/data/5513/000000551324000142/0000005513-24-000142-index.htm",
        "finalLink": "https://www.sec.gov/Archives/edgar/data/5513/000000551324000142/unm-20240630.htm"
    },
    {
        "date": "2024-03-31",
        "symbol": "UNM",
        "reportedCurrency": "USD",
        "cik": "0000005513",
        "fillingDate": "2024-05-01",
        "acceptedDate": "2024-05-01 16:12:13",
        "calendarYear": "2024",
        "period": "Q1",
        "revenue": 3208200000,
        "costOfRevenue": 87300000,
        "grossProfit": 3120900000,
        "grossProfitRatio": 0.9727884795,
        "researchAndDevelopmentExpenses": 0,
        "generalAndAdministrativeExpenses": 305800000,
        "sellingAndMarketingExpenses": 0,
        "sellingGeneralAndAdministrativeExpenses": 305800000,
        "otherExpenses": 634400000,
        "operatingExpenses": 940200000,
        "costAndExpenses": 2640400000,
        "interestIncome": 0,
        "interestExpense": 49500000,
        "depreciationAndAmortization": 30100000,
        "ebitda": 575300000,
        "ebitdaratio": 0.179321738,
        "operatingIncome": 567800000,
        "operatingIncomeRatio": 0.1769839786,
        "totalOtherIncomeExpensesNet": -72100000,
        "incomeBeforeTax": 495700000,
        "incomeBeforeTaxRatio": 0.1545103173,
        "incomeTaxExpense": 100500000,
        "netIncome": 395200000,
        "netIncomeRatio": 0.1231843401,
        "eps": 2.05,
        "epsdiluted": 2.04,
        "weightedAverageShsOut": 192550200,
        "weightedAverageShsOutDil": 193267100,
        "link": "https://www.sec.gov/Archives/edgar/data/5513/000000551324000095/0000005513-24-000095-index.htm",
        "finalLink": "https://www.sec.gov/Archives/edgar/data/5513/000000551324000095/unm-20240331.htm"
    },
    {
        "date": "2023-12-31",
        "symbol": "UNM",
        "reportedCurrency": "USD",
        "cik": "0000005513",
        "fillingDate": "2024-02-20",
        "acceptedDate": "2024-02-20 16:49:55",
        "calendarYear": "2023",
        "period": "Q4",
        "revenue": 3145100000,
        "costOfRevenue": 70300000,
        "grossProfit": 3074800000,
        "grossProfitRatio": 0.9776477695,
        "researchAndDevelopmentExpenses": 0,
        "generalAndAdministrativeExpenses": 295300000,
        "sellingAndMarketingExpenses": 0,
        "sellingGeneralAndAdministrativeExpenses": 295300000,
        "otherExpenses": 16400000,
        "operatingExpenses": 311700000,
        "costAndExpenses": 2713600000,
        "interestIncome": 0,
        "interestExpense": 49200000,
        "depreciationAndAmortization": 27900000,
        "ebitda": 505800000,
        "ebitdaratio": 0.1608215955,
        "operatingIncome": 2833400000,
        "operatingIncomeRatio": 0.9008934533,
        "totalOtherIncomeExpensesNet": 0,
        "incomeBeforeTax": 428700000,
        "incomeBeforeTaxRatio": 0.1363072716,
        "incomeTaxExpense": 98100000,
        "netIncome": 330600000,
        "netIncomeRatio": 0.1051158946,
        "eps": 1.7,
        "epsdiluted": 1.69,
        "weightedAverageShsOut": 194723800,
        "weightedAverageShsOutDil": 195476200,
        "link": "https://www.sec.gov/Archives/edgar/data/5513/000000551324000015/0000005513-24-000015-index.htm",
        "finalLink": "https://www.sec.gov/Archives/edgar/data/5513/000000551324000015/unm-20231231.htm"
    },
    {
        "date": "2023-09-30",
        "symbol": "UNM",
        "reportedCurrency": "USD",
        "cik": "0000005513",
        "fillingDate": "2023-11-01",
        "acceptedDate": "2023-11-01 16:27:38",
        "calendarYear": "2023",
        "period": "Q3",
        "revenue": 3092500000,
        "costOfRevenue": 187500000,
        "grossProfit": 2905000000,
        "grossProfitRatio": 0.9393694422,
        "researchAndDevelopmentExpenses": 0,
        "generalAndAdministrativeExpenses": 297900000,
        "sellingAndMarketingExpenses": 0,
        "sellingGeneralAndAdministrativeExpenses": 297900000,
        "otherExpenses": 0,
        "operatingExpenses": 297900000,
        "costAndExpenses": 297900000,
        "interestIncome": 0,
        "interestExpense": 48600000,
        "depreciationAndAmortization": 28100000,
        "ebitda": 338400000,
        "ebitdaratio": 0.1094260307,
        "operatingIncome": 334200000,
        "operatingIncomeRatio": 0.1080679062,
        "totalOtherIncomeExpensesNet": -72500000,
        "incomeBeforeTax": 261700000,
        "incomeBeforeTaxRatio": 0.0846240905,
        "incomeTaxExpense": 59700000,
        "netIncome": 202000000,
        "netIncomeRatio": 0.0653193209,
        "eps": 1.03,
        "epsdiluted": 1.02,
        "weightedAverageShsOut": 196083200,
        "weightedAverageShsOutDil": 197131800,
        "link": "https://www.sec.gov/Archives/edgar/data/5513/000000551323000192/0000005513-23-000192-index.htm",
        "finalLink": "https://www.sec.gov/Archives/edgar/data/5513/000000551323000192/unm-20230930.htm"
    },
    {
        "date": "2023-06-30",
        "symbol": "UNM",
        "reportedCurrency": "USD",
        "cik": "0000005513",
        "fillingDate": "2023-08-02",
        "acceptedDate": "2023-08-02 16:19:27",
        "calendarYear": "2023",
        "period": "Q2",
        "revenue": 3112200000,
        "costOfRevenue": 128600000,
        "grossProfit": 2983600000,
        "grossProfitRatio": 0.9586787482,
        "researchAndDevelopmentExpenses": 0,
        "generalAndAdministrativeExpenses": 294400000,
        "sellingAndMarketingExpenses": 0,
        "sellingGeneralAndAdministrativeExpenses": 294400000,
        "otherExpenses": -2556300000,
        "operatingExpenses": -2556300000,
        "costAndExpenses": 2613800000,
        "interestIncome": 0,
        "interestExpense": 48900000,
        "depreciationAndAmortization": 26000000,
        "ebitda": 573300000,
        "ebitdaratio": 0.1842105263,
        "operatingIncome": 427300000,
        "operatingIncomeRatio": 0.1372983741,
        "totalOtherIncomeExpensesNet": -2319400000,
        "incomeBeforeTax": 498400000,
        "incomeBeforeTaxRatio": 0.1601439496,
        "incomeTaxExpense": 105500000,
        "netIncome": 392900000,
        "netIncomeRatio": 0.1262450999,
        "eps": 1.99,
        "epsdiluted": 1.98,
        "weightedAverageShsOut": 197180400,
        "weightedAverageShsOutDil": 198136500,
        "link": "https://www.sec.gov/Archives/edgar/data/5513/000000551323000179/0000005513-23-000179-index.htm",
        "finalLink": "https://www.sec.gov/Archives/edgar/data/5513/000000551323000179/unm-20230630.htm"
    },
    {
        "date": "2023-03-31",
        "symbol": "UNM",
        "reportedCurrency": "USD",
        "cik": "0000005513",
        "fillingDate": "2023-05-03",
        "acceptedDate": "2023-05-03 16:31:52",
        "calendarYear": "2023",
        "period": "Q1",
        "revenue": 3036100000,
        "costOfRevenue": 65600000,
        "grossProfit": 2970500000,
        "grossProfitRatio": 0.9783933336,
        "researchAndDevelopmentExpenses": 0,
        "generalAndAdministrativeExpenses": 275000000,
        "sellingAndMarketingExpenses": 0,
        "sellingGeneralAndAdministrativeExpenses": 275000000,
        "otherExpenses": -2772900000,
        "operatingExpenses": -2497900000,
        "costAndExpenses": 2584800000,
        "interestIncome": 0,
        "interestExpense": 48100000,
        "depreciationAndAmortization": 26800000,
        "ebitda": 526200000,
        "ebitdaratio": 0.1733144495,
        "operatingIncome": 472600000,
        "operatingIncomeRatio": 0.155660222,
        "totalOtherIncomeExpensesNet": -2309800000,
        "incomeBeforeTax": 451300000,
        "incomeBeforeTaxRatio": 0.1486446428,
        "incomeTaxExpense": 93000000,
        "netIncome": 358300000,
        "netIncomeRatio": 0.1180132407,
        "eps": 1.81,
        "epsdiluted": 1.8,
        "weightedAverageShsOut": 198111200,
        "weightedAverageShsOutDil": 199520100,
        "link": "https://www.sec.gov/Archives/edgar/data/5513/000000551323000126/0000005513-23-000126-index.htm",
        "finalLink": "https://www.sec.gov/Archives/edgar/data/5513/000000551323000126/unm-20230331.htm"
    },
    {
        "date": "2022-12-31",
        "symbol": "UNM",
        "reportedCurrency": "USD",
        "cik": "0000005513",
        "fillingDate": "2023-02-23",
        "acceptedDate": "2023-02-23 16:09:14",
        "calendarYear": "2022",
        "period": "Q4",
        "revenue": 3005700000,
        "costOfRevenue": 473500000,
        "grossProfit": 2532200000,
        "grossProfitRatio": 0.8424659813,
        "researchAndDevelopmentExpenses": 0,
        "generalAndAdministrativeExpenses": 295400000,
        "sellingAndMarketingExpenses": 0,
        "sellingGeneralAndAdministrativeExpenses": 295400000,
        "otherExpenses": -828300000,
        "operatingExpenses": -794100000,
        "costAndExpenses": 2644800000,
        "interestIncome": 0,
        "interestExpense": 47200000,
        "depreciationAndAmortization": 27000000,
        "ebitda": 435100000,
        "ebitdaratio": 0.1447582926,
        "operatingIncome": 408100000,
        "operatingIncomeRatio": 0.1357753601,
        "totalOtherIncomeExpensesNet": 1772700000,
        "incomeBeforeTax": 360900000,
        "incomeBeforeTaxRatio": 0.1200718635,
        "incomeTaxExpense": 81300000,
        "netIncome": 279600000,
        "netIncomeRatio": 0.0930232558,
        "eps": 1.41,
        "epsdiluted": 1.39,
        "weightedAverageShsOut": 198825400,
        "weightedAverageShsOutDil": 200904100,
        "link": "https://www.sec.gov/Archives/edgar/data/5513/000000551323000034/0000005513-23-000034-index.htm",
        "finalLink": "https://www.sec.gov/Archives/edgar/data/5513/000000551323000034/unm-20221231.htm"
    },
    {
        "date": "2022-09-30",
        "symbol": "UNM",
        "reportedCurrency": "USD",
        "cik": "0000005513",
        "fillingDate": "2022-11-02",
        "acceptedDate": "2022-11-02 16:14:06",
        "calendarYear": "2022",
        "period": "Q3",
        "revenue": 2961900000,
        "costOfRevenue": 156900000,
        "grossProfit": 2805000000,
        "grossProfitRatio": 0.947027246,
        "researchAndDevelopmentExpenses": 0,
        "generalAndAdministrativeExpenses": 285900000,
        "sellingAndMarketingExpenses": 0,
        "sellingGeneralAndAdministrativeExpenses": 285900000,
        "otherExpenses": -2528600000,
        "operatingExpenses": -2242700000,
        "costAndExpenses": 2446600000,
        "interestIncome": 0,
        "interestExpense": 47000000,
        "depreciationAndAmortization": 26800000,
        "ebitda": 715400000,
        "ebitdaratio": 0.2415341504,
        "operatingIncome": 562300000,
        "operatingIncomeRatio": 0.1898443567,
        "totalOtherIncomeExpensesNet": -47000000,
        "incomeBeforeTax": 515300000,
        "incomeBeforeTaxRatio": 0.1739761639,
        "incomeTaxExpense": 104600000,
        "netIncome": 510300000,
        "netIncomeRatio": 0.1722880583,
        "eps": 2.55,
        "epsdiluted": 2.53,
        "weightedAverageShsOut": 200035300,
        "weightedAverageShsOutDil": 201700000,
        "link": "https://www.sec.gov/Archives/edgar/data/5513/000000551322000156/0000005513-22-000156-index.htm",
        "finalLink": "https://www.sec.gov/Archives/edgar/data/5513/000000551322000156/unm-20220930.htm"
    },
    {
        "date": "2022-06-30",
        "symbol": "UNM",
        "reportedCurrency": "USD",
        "cik": "0000005513",
        "fillingDate": "2022-08-03",
        "acceptedDate": "2022-08-03 16:20:57",
        "calendarYear": "2022",
        "period": "Q2",
        "revenue": 3040900000,
        "costOfRevenue": 143600000,
        "grossProfit": 2897300000,
        "grossProfitRatio": 0.9527771383,
        "researchAndDevelopmentExpenses": 0,
        "generalAndAdministrativeExpenses": 259900000,
        "sellingAndMarketingExpenses": 0,
        "sellingGeneralAndAdministrativeExpenses": 259900000,
        "otherExpenses": -2666700000,
        "operatingExpenses": -2406800000,
        "costAndExpenses": 2597800000,
        "interestIncome": 0,
        "interestExpense": 47400000,
        "depreciationAndAmortization": 26700000,
        "ebitda": 513300000,
        "ebitdaratio": 0.1687987109,
        "operatingIncome": 490500000,
        "operatingIncomeRatio": 0.1613009306,
        "totalOtherIncomeExpensesNet": 439200000,
        "incomeBeforeTax": 443100000,
        "incomeBeforeTaxRatio": 0.1457134401,
        "incomeTaxExpense": 72700000,
        "netIncome": 367300000,
        "netIncomeRatio": 0.1207866092,
        "eps": 1.83,
        "epsdiluted": 1.81,
        "weightedAverageShsOut": 201151700,
        "weightedAverageShsOutDil": 202431700,
        "link": "https://www.sec.gov/Archives/edgar/data/5513/000000551322000138/0000005513-22-000138-index.htm",
        "finalLink": "https://www.sec.gov/Archives/edgar/data/5513/000000551322000138/unm-20220630.htm"
    },
    {
        "date": "2022-03-31",
        "symbol": "UNM",
        "reportedCurrency": "USD",
        "cik": "0000005513",
        "fillingDate": "2022-05-06",
        "acceptedDate": "2022-05-06 16:28:36",
        "calendarYear": "2022",
        "period": "Q1",
        "revenue": 28800000,
        "costOfRevenue": 83300000,
        "grossProfit": -54500000,
        "grossProfitRatio": -1.8923611111,
        "researchAndDevelopmentExpenses": 0,
        "generalAndAdministrativeExpenses": 248300000,
        "sellingAndMarketingExpenses": 0,
        "sellingGeneralAndAdministrativeExpenses": 248300000,
        "otherExpenses": 81900000,
        "operatingExpenses": 330200000,
        "costAndExpenses": 2670400000,
        "interestIncome": 0,
        "interestExpense": 46900000,
        "depreciationAndAmortization": 30000000,
        "ebitda": -12100000,
        "ebitdaratio": -0.4201388889,
        "operatingIncome": 359000000,
        "operatingIncomeRatio": 12.4652777778,
        "totalOtherIncomeExpensesNet": 696800000,
        "incomeBeforeTax": 312100000,
        "incomeBeforeTaxRatio": 10.8368055556,
        "incomeTaxExpense": 58600000,
        "netIncome": 240400000,
        "netIncomeRatio": 8.3472222222,
        "eps": 1.19,
        "epsdiluted": 1.18,
        "weightedAverageShsOut": 202628800,
        "weightedAverageShsOutDil": 203504300,
        "link": "https://www.sec.gov/Archives/edgar/data/5513/000000551322000082/0000005513-22-000082-index.htm",
        "finalLink": "https://www.sec.gov/Archives/edgar/data/5513/000000551322000082/unm-20220331.htm"
    },
    {
        "date": "2021-12-31",
        "symbol": "UNM",
        "reportedCurrency": "USD",
        "cik": "0000005513",
        "fillingDate": "2022-02-25",
        "acceptedDate": "2022-02-25 16:22:22",
        "calendarYear": "2021",
        "period": "Q4",
        "revenue": 2979100000,
        "costOfRevenue": -8703500000,
        "grossProfit": 11682600000,
        "grossProfitRatio": 3.9215199221,
        "researchAndDevelopmentExpenses": 0,
        "generalAndAdministrativeExpenses": 249300000,
        "sellingAndMarketingExpenses": 0,
        "sellingGeneralAndAdministrativeExpenses": 249300000,
        "otherExpenses": 1384400000,
        "operatingExpenses": 658500000,
        "costAndExpenses": 2787400000,
        "interestIncome": 0,
        "interestExpense": 50600000,
        "depreciationAndAmortization": 29800000,
        "ebitda": 272100000,
        "ebitdaratio": 0.0913363096,
        "operatingIncome": 242300000,
        "operatingIncomeRatio": 0.0813332886,
        "totalOtherIncomeExpensesNet": -10950800000,
        "incomeBeforeTax": 191700000,
        "incomeBeforeTaxRatio": 0.0643482931,
        "incomeTaxExpense": 32000000,
        "netIncome": 159700000,
        "netIncomeRatio": 0.053606794,
        "eps": 0.78,
        "epsdiluted": 0.78,
        "weightedAverageShsOut": 203653100,
        "weightedAverageShsOutDil": 204243200,
        "link": "https://www.sec.gov/Archives/edgar/data/5513/000000551322000030/0000005513-22-000030-index.htm",
        "finalLink": "https://www.sec.gov/Archives/edgar/data/5513/000000551322000030/unm-20211231.htm"
    },
    {
        "date": "2021-09-30",
        "symbol": "UNM",
        "reportedCurrency": "USD",
        "cik": "0000005513",
        "fillingDate": "2021-11-03",
        "acceptedDate": "2021-11-03 16:17:15",
        "calendarYear": "2021",
        "period": "Q3",
        "revenue": 2969700000,
        "costOfRevenue": 46500000,
        "grossProfit": 2923200000,
        "grossProfitRatio": 0.9843418527,
        "researchAndDevelopmentExpenses": 0,
        "generalAndAdministrativeExpenses": 241600000,
        "sellingAndMarketingExpenses": 0,
        "sellingGeneralAndAdministrativeExpenses": 241600000,
        "otherExpenses": -2710200000,
        "operatingExpenses": -2468600000,
        "costAndExpenses": 2559800000,
        "interestIncome": 0,
        "interestExpense": 44700000,
        "depreciationAndAmortization": 30400000,
        "ebitda": 485000000,
        "ebitdaratio": 0.1633161599,
        "operatingIncome": 454600000,
        "operatingIncomeRatio": 0.1530794356,
        "totalOtherIncomeExpensesNet": -2318200000,
        "incomeBeforeTax": 409900000,
        "incomeBeforeTaxRatio": 0.1380274102,
        "incomeTaxExpense": 81300000,
        "netIncome": 328600000,
        "netIncomeRatio": 0.1106509075,
        "eps": 1.61,
        "epsdiluted": 1.6,
        "weightedAverageShsOut": 204645800,
        "weightedAverageShsOutDil": 205142300,
        "link": "https://www.sec.gov/Archives/edgar/data/5513/000000551321000151/0000005513-21-000151-index.htm",
        "finalLink": "https://www.sec.gov/Archives/edgar/data/5513/000000551321000151/unm-20210930.htm"
    },
    {
        "date": "2021-06-30",
        "symbol": "UNM",
        "reportedCurrency": "USD",
        "cik": "0000005513",
        "fillingDate": "2021-08-04",
        "acceptedDate": "2021-08-04 13:19:53",
        "calendarYear": "2021",
        "period": "Q2",
        "revenue": 2993000000,
        "costOfRevenue": 50400000,
        "grossProfit": 2942600000,
        "grossProfitRatio": 0.9831607083,
        "researchAndDevelopmentExpenses": 0,
        "generalAndAdministrativeExpenses": 247400000,
        "sellingAndMarketingExpenses": 0,
        "sellingGeneralAndAdministrativeExpenses": 247400000,
        "otherExpenses": -2882100000,
        "operatingExpenses": -2634700000,
        "costAndExpenses": 2730400000,
        "interestIncome": 0,
        "interestExpense": 45300000,
        "depreciationAndAmortization": 30300000,
        "ebitda": 338200000,
        "ebitdaratio": 0.112996993,
        "operatingIncome": 307900000,
        "operatingIncomeRatio": 0.1028733712,
        "totalOtherIncomeExpensesNet": -2483000000,
        "incomeBeforeTax": 262600000,
        "incomeBeforeTaxRatio": 0.0877380555,
        "incomeTaxExpense": 79700000,
        "netIncome": 182900000,
        "netIncomeRatio": 0.0611092549,
        "eps": 0.89,
        "epsdiluted": 0.89,
        "weightedAverageShsOut": 204504500,
        "weightedAverageShsOutDil": 205273800,
        "link": "https://www.sec.gov/Archives/edgar/data/5513/000000551321000135/0000005513-21-000135-index.htm",
        "finalLink": "https://www.sec.gov/Archives/edgar/data/5513/000000551321000135/unm-20210630.htm"
    },
    {
        "date": "2021-03-31",
        "symbol": "UNM",
        "reportedCurrency": "USD",
        "cik": "0000005513",
        "fillingDate": "2021-05-06",
        "acceptedDate": "2021-05-06 12:51:22",
        "calendarYear": "2021",
        "period": "Q1",
        "revenue": 3042700000,
        "costOfRevenue": 67500000,
        "grossProfit": 2975200000,
        "grossProfitRatio": 0.9778157557,
        "researchAndDevelopmentExpenses": 0,
        "generalAndAdministrativeExpenses": 236900000,
        "sellingAndMarketingExpenses": 0,
        "sellingGeneralAndAdministrativeExpenses": 236900000,
        "otherExpenses": -2968900000,
        "operatingExpenses": -2732000000,
        "costAndExpenses": 2843900000,
        "interestIncome": 0,
        "interestExpense": 44400000,
        "depreciationAndAmortization": 29300000,
        "ebitda": 2621200000,
        "ebitdaratio": 0.8614717192,
        "operatingIncome": 243200000,
        "operatingIncomeRatio": 0.0799290104,
        "totalOtherIncomeExpensesNet": -2636300000,
        "incomeBeforeTax": 198800000,
        "incomeBeforeTaxRatio": 0.0653367075,
        "incomeTaxExpense": 45800000,
        "netIncome": 153000000,
        "netIncomeRatio": 0.050284287,
        "eps": 0.75,
        "epsdiluted": 0.75,
        "weightedAverageShsOut": 204133300,
        "weightedAverageShsOutDil": 204737300,
        "link": "https://www.sec.gov/Archives/edgar/data/5513/000000551321000090/0000005513-21-000090-index.htm",
        "finalLink": "https://www.sec.gov/Archives/edgar/data/5513/000000551321000090/unm-20210331.htm"
    },
    {
        "date": "2020-12-31",
        "symbol": "UNM",
        "reportedCurrency": "USD",
        "cik": "0000005513",
        "fillingDate": "2021-02-17",
        "acceptedDate": "2021-02-17 13:16:43",
        "calendarYear": "2020",
        "period": "Q4",
        "revenue": 4273500000,
        "costOfRevenue": -8867200000,
        "grossProfit": 13140700000,
        "grossProfitRatio": 3.0749268749,
        "researchAndDevelopmentExpenses": 0,
        "generalAndAdministrativeExpenses": 227200000,
        "sellingAndMarketingExpenses": 0,
        "sellingGeneralAndAdministrativeExpenses": 227200000,
        "otherExpenses": 1448700000,
        "operatingExpenses": 722700000,
        "costAndExpenses": 4148800000,
        "interestIncome": 0,
        "interestExpense": 45600000,
        "depreciationAndAmortization": 28000000,
        "ebitda": 198300000,
        "ebitdaratio": 0.0464022464,
        "operatingIncome": 12322800000,
        "operatingIncomeRatio": 2.8835380835,
        "totalOtherIncomeExpensesNet": -12198100000,
        "incomeBeforeTax": 124700000,
        "incomeBeforeTaxRatio": 0.0291798292,
        "incomeTaxExpense": -10700000,
        "netIncome": 135400000,
        "netIncomeRatio": 0.0316836317,
        "eps": 0.66,
        "epsdiluted": 0.66,
        "weightedAverageShsOut": 203900000,
        "weightedAverageShsOutDil": 204100000,
        "link": "https://www.sec.gov/Archives/edgar/data/5513/000000551321000015/0000005513-21-000015-index.htm",
        "finalLink": "https://www.sec.gov/Archives/edgar/data/5513/000000551321000015/unm-20201231.htm"
    },
    {
        "date": "2020-09-30",
        "symbol": "UNM",
        "reportedCurrency": "USD",
        "cik": "0000005513",
        "fillingDate": "2020-10-28",
        "acceptedDate": "2020-10-28 14:12:19",
        "calendarYear": "2020",
        "period": "Q3",
        "revenue": 2996300000,
        "costOfRevenue": 45100000,
        "grossProfit": 2951200000,
        "grossProfitRatio": 0.9849481027,
        "researchAndDevelopmentExpenses": 0,
        "generalAndAdministrativeExpenses": 253300000,
        "sellingAndMarketingExpenses": 0,
        "sellingGeneralAndAdministrativeExpenses": 253300000,
        "otherExpenses": -2855500000,
        "operatingExpenses": -2602200000,
        "costAndExpenses": 2696700000,
        "interestIncome": 0,
        "interestExpense": 49400000,
        "depreciationAndAmortization": 29800000,
        "ebitda": 2423800000,
        "ebitdaratio": 0.8089310149,
        "operatingIncome": 349000000,
        "operatingIncomeRatio": 0.1164769883,
        "totalOtherIncomeExpensesNet": -2443400000,
        "incomeBeforeTax": 299600000,
        "incomeBeforeTaxRatio": 0.0999899877,
        "incomeTaxExpense": 68500000,
        "netIncome": 231100000,
        "netIncomeRatio": 0.0771284584,
        "eps": 1.13,
        "epsdiluted": 1.13,
        "weightedAverageShsOut": 203800000,
        "weightedAverageShsOutDil": 203900000,
        "link": "https://www.sec.gov/Archives/edgar/data/5513/000000551320000152/0000005513-20-000152-index.htm",
        "finalLink": "https://www.sec.gov/Archives/edgar/data/5513/000000551320000152/unm-20200930.htm"
    },
    {
        "date": "2020-06-30",
        "symbol": "UNM",
        "reportedCurrency": "USD",
        "cik": "0000005513",
        "fillingDate": "2020-07-29",
        "acceptedDate": "2020-07-29 13:14:10",
        "calendarYear": "2020",
        "period": "Q2",
        "revenue": 3021200000,
        "costOfRevenue": 70600000,
        "grossProfit": 2950600000,
        "grossProfitRatio": 0.9766318019,
        "researchAndDevelopmentExpenses": 0,
        "generalAndAdministrativeExpenses": 233200000,
        "sellingAndMarketingExpenses": 0,
        "sellingGeneralAndAdministrativeExpenses": 233200000,
        "otherExpenses": -2798700000,
        "operatingExpenses": -2565500000,
        "costAndExpenses": 2683600000,
        "interestIncome": 0,
        "interestExpense": 47500000,
        "depreciationAndAmortization": 27300000,
        "ebitda": 412400000,
        "ebitdaratio": 0.1365020522,
        "operatingIncome": 385100000,
        "operatingIncomeRatio": 0.1274659076,
        "totalOtherIncomeExpensesNet": -2450400000,
        "incomeBeforeTax": 337600000,
        "incomeBeforeTaxRatio": 0.111743678,
        "incomeTaxExpense": 72100000,
        "netIncome": 265500000,
        "netIncomeRatio": 0.0878789885,
        "eps": 1.3,
        "epsdiluted": 1.3,
        "weightedAverageShsOut": 203600000,
        "weightedAverageShsOutDil": 203700000,
        "link": "https://www.sec.gov/Archives/edgar/data/5513/000000551320000111/0000005513-20-000111-index.htm",
        "finalLink": "https://www.sec.gov/Archives/edgar/data/5513/000000551320000111/unm-20200630.htm"
    },
    {
        "date": "2020-03-31",
        "symbol": "UNM",
        "reportedCurrency": "USD",
        "cik": "0000005513",
        "fillingDate": "2020-05-05",
        "acceptedDate": "2020-05-05 16:13:44",
        "calendarYear": "2020",
        "period": "Q1",
        "revenue": 2871100000,
        "costOfRevenue": 57600000,
        "grossProfit": 2813500000,
        "grossProfitRatio": 0.9799380029,
        "researchAndDevelopmentExpenses": 0,
        "generalAndAdministrativeExpenses": 239500000,
        "sellingAndMarketingExpenses": 0,
        "sellingGeneralAndAdministrativeExpenses": 239500000,
        "otherExpenses": -2805200000,
        "operatingExpenses": -2565700000,
        "costAndExpenses": 2669000000,
        "interestIncome": 0,
        "interestExpense": 45700000,
        "depreciationAndAmortization": 28500000,
        "ebitda": 2412300000,
        "ebitdaratio": 0.84020062,
        "operatingIncome": 247800000,
        "operatingIncomeRatio": 0.0863083835,
        "totalOtherIncomeExpensesNet": -2429500000,
        "incomeBeforeTax": 202100000,
        "incomeBeforeTaxRatio": 0.0703911393,
        "incomeTaxExpense": 41100000,
        "netIncome": 161000000,
        "netIncomeRatio": 0.0560760684,
        "eps": 0.79,
        "epsdiluted": 0.79,
        "weightedAverageShsOut": 203300000,
        "weightedAverageShsOutDil": 203400000,
        "link": "https://www.sec.gov/Archives/edgar/data/5513/000000551320000076/0000005513-20-000076-index.htm",
        "finalLink": "https://www.sec.gov/Archives/edgar/data/5513/000000551320000076/unm-20200331.htm"
    },
    {
        "date": "2019-12-31",
        "symbol": "UNM",
        "reportedCurrency": "USD",
        "cik": "0000005513",
        "fillingDate": "2020-02-18",
        "acceptedDate": "2020-02-18 16:33:40",
        "calendarYear": "2019",
        "period": "Q4",
        "revenue": 3034600000,
        "costOfRevenue": -8705600000,
        "grossProfit": 11740200000,
        "grossProfitRatio": 3.8687800699,
        "researchAndDevelopmentExpenses": 0,
        "generalAndAdministrativeExpenses": 221400000,
        "sellingAndMarketingExpenses": 0,
        "sellingGeneralAndAdministrativeExpenses": 221400000,
        "otherExpenses": 1406800000,
        "operatingExpenses": 729900000,
        "costAndExpenses": 2657200000,
        "interestIncome": 0,
        "interestExpense": 46600000,
        "depreciationAndAmortization": 27500000,
        "ebitda": 451500000,
        "ebitdaratio": 0.1487840243,
        "operatingIncome": 10994200000,
        "operatingIncomeRatio": 3.6229486588,
        "totalOtherIncomeExpensesNet": -10616800000,
        "incomeBeforeTax": 377400000,
        "incomeBeforeTaxRatio": 0.1243656495,
        "incomeTaxExpense": 81200000,
        "netIncome": 296200000,
        "netIncomeRatio": 0.0976075924,
        "eps": 1.44,
        "epsdiluted": 1.44,
        "weightedAverageShsOut": 205600000,
        "weightedAverageShsOutDil": 205700000,
        "link": "https://www.sec.gov/Archives/edgar/data/5513/000000551320000027/0000005513-20-000027-index.htm",
        "finalLink": "https://www.sec.gov/Archives/edgar/data/5513/000000551320000027/unm-20191231.htm"
    },
    {
        "date": "2019-09-30",
        "symbol": "UNM",
        "reportedCurrency": "USD",
        "cik": "0000005513",
        "fillingDate": "2019-10-30",
        "acceptedDate": "2019-10-30 12:52:23",
        "calendarYear": "2019",
        "period": "Q3",
        "revenue": 2976100000,
        "costOfRevenue": 42300000,
        "grossProfit": 2933800000,
        "grossProfitRatio": 0.9857867679,
        "researchAndDevelopmentExpenses": 0,
        "generalAndAdministrativeExpenses": 226500000,
        "sellingAndMarketingExpenses": 0,
        "sellingGeneralAndAdministrativeExpenses": 226500000,
        "otherExpenses": -2814800000,
        "operatingExpenses": -2588300000,
        "costAndExpenses": 2676700000,
        "interestIncome": 0,
        "interestExpense": 46100000,
        "depreciationAndAmortization": 27700000,
        "ebitda": 373200000,
        "ebitdaratio": 0.1253990121,
        "operatingIncome": 345500000,
        "operatingIncomeRatio": 0.1160915292,
        "totalOtherIncomeExpensesNet": -2434100000,
        "incomeBeforeTax": 299400000,
        "incomeBeforeTaxRatio": 0.1006014583,
        "incomeTaxExpense": 57400000,
        "netIncome": 242000000,
        "netIncomeRatio": 0.081314472,
        "eps": 1.16,
        "epsdiluted": 1.16,
        "weightedAverageShsOut": 208097800,
        "weightedAverageShsOutDil": 208116000,
        "link": "https://www.sec.gov/Archives/edgar/data/5513/000000551319000133/0000005513-19-000133-index.htm",
        "finalLink": "https://www.sec.gov/Archives/edgar/data/5513/000000551319000133/unm09302019-10xq.htm"
    },
    {
        "date": "2019-06-30",
        "symbol": "UNM",
        "reportedCurrency": "USD",
        "cik": "0000005513",
        "fillingDate": "2019-07-31",
        "acceptedDate": "2019-07-31 11:52:35",
        "calendarYear": "2019",
        "period": "Q2",
        "revenue": 3016700000,
        "costOfRevenue": 74000000,
        "grossProfit": 2942700000,
        "grossProfitRatio": 0.9754698843,
        "researchAndDevelopmentExpenses": 0,
        "generalAndAdministrativeExpenses": 223900000,
        "sellingAndMarketingExpenses": 0,
        "sellingGeneralAndAdministrativeExpenses": 223900000,
        "otherExpenses": -2772000000,
        "operatingExpenses": -2548100000,
        "costAndExpenses": 2664700000,
        "interestIncome": 0,
        "interestExpense": 42600000,
        "depreciationAndAmortization": 27500000,
        "ebitda": 2425700000,
        "ebitdaratio": 0.8040905625,
        "operatingIncome": 394600000,
        "operatingIncomeRatio": 0.1308051845,
        "totalOtherIncomeExpensesNet": -2440800000,
        "incomeBeforeTax": 352000000,
        "incomeBeforeTaxRatio": 0.1166837935,
        "incomeTaxExpense": 70800000,
        "netIncome": 281200000,
        "netIncomeRatio": 0.0932144396,
        "eps": 1.33,
        "epsdiluted": 1.33,
        "weightedAverageShsOut": 211100000,
        "weightedAverageShsOutDil": 211100000,
        "link": "https://www.sec.gov/Archives/edgar/data/5513/000000551319000122/0000005513-19-000122-index.htm",
        "finalLink": "https://www.sec.gov/Archives/edgar/data/5513/000000551319000122/unm06302019-10xq.htm"
    },
    {
        "date": "2019-03-31",
        "symbol": "UNM",
        "reportedCurrency": "USD",
        "cik": "0000005513",
        "fillingDate": "2019-05-01",
        "acceptedDate": "2019-05-01 11:37:04",
        "calendarYear": "2019",
        "period": "Q1",
        "revenue": 2987600000,
        "costOfRevenue": 54300000,
        "grossProfit": 2933300000,
        "grossProfitRatio": 0.9818248762,
        "researchAndDevelopmentExpenses": 0,
        "generalAndAdministrativeExpenses": 226500000,
        "sellingAndMarketingExpenses": 0,
        "sellingGeneralAndAdministrativeExpenses": 226500000,
        "otherExpenses": -2764400000,
        "operatingExpenses": -2537900000,
        "costAndExpenses": 2634300000,
        "interestIncome": 0,
        "interestExpense": 42100000,
        "depreciationAndAmortization": 27400000,
        "ebitda": 2393100000,
        "ebitdaratio": 0.8010108448,
        "operatingIncome": 395400000,
        "operatingIncomeRatio": 0.1323470344,
        "totalOtherIncomeExpensesNet": -2407800000,
        "incomeBeforeTax": 353300000,
        "incomeBeforeTaxRatio": 0.1182554559,
        "incomeTaxExpense": 72400000,
        "netIncome": 280900000,
        "netIncomeRatio": 0.0940219574,
        "eps": 1.31,
        "epsdiluted": 1.31,
        "weightedAverageShsOut": 214300000,
        "weightedAverageShsOutDil": 214400000,
        "link": "https://www.sec.gov/Archives/edgar/data/5513/000000551319000074/0000005513-19-000074-index.htm",
        "finalLink": "https://www.sec.gov/Archives/edgar/data/5513/000000551319000074/unm03312019-10xq.htm"
    },
    {
        "date": "2018-12-31",
        "symbol": "UNM",
        "reportedCurrency": "USD",
        "cik": "0000005513",
        "fillingDate": "2019-02-19",
        "acceptedDate": "2019-02-19 16:37:08",
        "calendarYear": "2018",
        "period": "Q4",
        "revenue": 2880800000,
        "costOfRevenue": -8490300000,
        "grossProfit": 11371100000,
        "grossProfitRatio": 3.9472021661,
        "researchAndDevelopmentExpenses": 0,
        "generalAndAdministrativeExpenses": 219800000,
        "sellingAndMarketingExpenses": 0,
        "sellingGeneralAndAdministrativeExpenses": 219800000,
        "otherExpenses": 756800000,
        "operatingExpenses": 90700000,
        "costAndExpenses": 2571100000,
        "interestIncome": 0,
        "interestExpense": 42000000,
        "depreciationAndAmortization": 26500000,
        "ebitda": 378200000,
        "ebitdaratio": 0.131282977,
        "operatingIncome": 11280400000,
        "operatingIncomeRatio": 3.9157178562,
        "totalOtherIncomeExpensesNet": -10970700000,
        "incomeBeforeTax": 309700000,
        "incomeBeforeTaxRatio": 0.1075048598,
        "incomeTaxExpense": 60600000,
        "netIncome": 249100000,
        "netIncomeRatio": 0.0864690364,
        "eps": 1.15,
        "epsdiluted": 1.15,
        "weightedAverageShsOut": 217000000,
        "weightedAverageShsOutDil": 217400000,
        "link": "https://www.sec.gov/Archives/edgar/data/5513/000000551319000004/0000005513-19-000004-index.htm",
        "finalLink": "https://www.sec.gov/Archives/edgar/data/5513/000000551319000004/unm12312018-10xk.htm"
    },
    {
        "date": "2018-09-30",
        "symbol": "UNM",
        "reportedCurrency": "USD",
        "cik": "0000005513",
        "fillingDate": "2018-10-25",
        "acceptedDate": "2018-10-25 11:38:38",
        "calendarYear": "2018",
        "period": "Q3",
        "revenue": 2927800000,
        "costOfRevenue": 2700000,
        "grossProfit": 2925100000,
        "grossProfitRatio": 0.9990778059,
        "researchAndDevelopmentExpenses": 0,
        "generalAndAdministrativeExpenses": 224200000,
        "sellingAndMarketingExpenses": 0,
        "sellingGeneralAndAdministrativeExpenses": 224200000,
        "otherExpenses": -3484400000,
        "operatingExpenses": -3260200000,
        "costAndExpenses": 3305600000,
        "interestIncome": 0,
        "interestExpense": 42700000,
        "depreciationAndAmortization": 25400000,
        "ebitda": -309700000,
        "ebitdaratio": -0.1057790833,
        "operatingIncome": -335100000,
        "operatingIncomeRatio": -0.1144545392,
        "totalOtherIncomeExpensesNet": -377800000,
        "incomeBeforeTax": -377800000,
        "incomeBeforeTaxRatio": -0.1290388688,
        "incomeTaxExpense": -93100000,
        "netIncome": -284700000,
        "netIncomeRatio": -0.0972402487,
        "eps": -1.3,
        "epsdiluted": -1.3,
        "weightedAverageShsOut": 218892910,
        "weightedAverageShsOutDil": 218900000,
        "link": "https://www.sec.gov/Archives/edgar/data/5513/000000551318000094/0000005513-18-000094-index.htm",
        "finalLink": "https://www.sec.gov/Archives/edgar/data/5513/000000551318000094/unm09302018-10xq.htm"
    },
    {
        "date": "2018-06-30",
        "symbol": "UNM",
        "reportedCurrency": "USD",
        "cik": "0000005513",
        "fillingDate": "2018-07-31",
        "acceptedDate": "2018-07-31 11:42:15",
        "calendarYear": "2018",
        "period": "Q2",
        "revenue": 2890300000,
        "costOfRevenue": 80600000,
        "grossProfit": 2809700000,
        "grossProfitRatio": 0.9721136214,
        "researchAndDevelopmentExpenses": 0,
        "generalAndAdministrativeExpenses": 220200000,
        "sellingAndMarketingExpenses": 0,
        "sellingGeneralAndAdministrativeExpenses": 220200000,
        "otherExpenses": -2632700000,
        "operatingExpenses": -2412500000,
        "costAndExpenses": 2535500000,
        "interestIncome": 0,
        "interestExpense": 42400000,
        "depreciationAndAmortization": 24900000,
        "ebitda": 2297800000,
        "ebitdaratio": 0.7950039788,
        "operatingIncome": 397200000,
        "operatingIncomeRatio": 0.1374251808,
        "totalOtherIncomeExpensesNet": -2315300000,
        "incomeBeforeTax": 354800000,
        "incomeBeforeTaxRatio": 0.1227554233,
        "incomeTaxExpense": 69300000,
        "netIncome": 285500000,
        "netIncomeRatio": 0.0987786735,
        "eps": 1.29,
        "epsdiluted": 1.29,
        "weightedAverageShsOut": 220800000,
        "weightedAverageShsOutDil": 221100000,
        "link": "https://www.sec.gov/Archives/edgar/data/5513/000000551318000073/0000005513-18-000073-index.htm",
        "finalLink": "https://www.sec.gov/Archives/edgar/data/5513/000000551318000073/unm06302018-10xq.htm"
    },
    {
        "date": "2018-03-31",
        "symbol": "UNM",
        "reportedCurrency": "USD",
        "cik": "0000005513",
        "fillingDate": "2018-05-02",
        "acceptedDate": "2018-05-02 11:39:53",
        "calendarYear": "2018",
        "period": "Q1",
        "revenue": 2899600000,
        "costOfRevenue": 89400000,
        "grossProfit": 2810200000,
        "grossProfitRatio": 0.9691681611,
        "researchAndDevelopmentExpenses": 0,
        "generalAndAdministrativeExpenses": 221700000,
        "sellingAndMarketingExpenses": 0,
        "sellingGeneralAndAdministrativeExpenses": 221700000,
        "otherExpenses": -2650600000,
        "operatingExpenses": -2428900000,
        "costAndExpenses": 2558500000,
        "interestIncome": 0,
        "interestExpense": 40200000,
        "depreciationAndAmortization": 24600000,
        "ebitda": 2321200000,
        "ebitdaratio": 0.8005242102,
        "operatingIncome": 381300000,
        "operatingIncomeRatio": 0.1315008967,
        "totalOtherIncomeExpensesNet": -2336800000,
        "incomeBeforeTax": 341100000,
        "incomeBeforeTaxRatio": 0.1176369154,
        "incomeTaxExpense": 67600000,
        "netIncome": 273500000,
        "netIncomeRatio": 0.0943233549,
        "eps": 1.23,
        "epsdiluted": 1.23,
        "weightedAverageShsOut": 221900000,
        "weightedAverageShsOutDil": 222600000,
        "link": "https://www.sec.gov/Archives/edgar/data/5513/000000551318000049/0000005513-18-000049-index.htm",
        "finalLink": "https://www.sec.gov/Archives/edgar/data/5513/000000551318000049/unm03312018-10xq.htm"
    },
    {
        "date": "2017-12-31",
        "symbol": "UNM",
        "reportedCurrency": "USD",
        "cik": "0000005513",
        "fillingDate": "2018-02-21",
        "acceptedDate": "2018-02-21 17:08:06",
        "calendarYear": "2017",
        "period": "Q4",
        "revenue": 2839200000,
        "costOfRevenue": -8046300000,
        "grossProfit": 10885500000,
        "grossProfitRatio": 3.8340025359,
        "researchAndDevelopmentExpenses": 0,
        "generalAndAdministrativeExpenses": 199700000,
        "sellingAndMarketingExpenses": 0,
        "sellingGeneralAndAdministrativeExpenses": 199700000,
        "otherExpenses": 1302100000,
        "operatingExpenses": 657400000,
        "costAndExpenses": 2493900000,
        "interestIncome": 0,
        "interestExpense": 40100000,
        "depreciationAndAmortization": 25000000,
        "ebitda": 410400000,
        "ebitdaratio": 0.1445477599,
        "operatingIncome": 10228100000,
        "operatingIncomeRatio": 3.602458439,
        "totalOtherIncomeExpensesNet": -9882800000,
        "incomeBeforeTax": 345300000,
        "incomeBeforeTaxRatio": 0.1216187658,
        "incomeTaxExpense": 78400000,
        "netIncome": 266900000,
        "netIncomeRatio": 0.0940053536,
        "eps": 1.19,
        "epsdiluted": 1.19,
        "weightedAverageShsOut": 223900000,
        "weightedAverageShsOutDil": 224800000,
        "link": "https://www.sec.gov/Archives/edgar/data/5513/000000551318000016/0000005513-18-000016-index.htm",
        "finalLink": "https://www.sec.gov/Archives/edgar/data/5513/000000551318000016/unm12312017-10xk.htm"
    },
    {
        "date": "2017-09-30",
        "symbol": "UNM",
        "reportedCurrency": "USD",
        "cik": "0000005513",
        "fillingDate": "2017-10-26",
        "acceptedDate": "2017-10-26 11:53:20",
        "calendarYear": "2017",
        "period": "Q3",
        "revenue": 2819100000,
        "costOfRevenue": 139400000,
        "grossProfit": 2679700000,
        "grossProfitRatio": 0.9505515945,
        "researchAndDevelopmentExpenses": 0,
        "generalAndAdministrativeExpenses": 221800000,
        "sellingAndMarketingExpenses": 0,
        "sellingGeneralAndAdministrativeExpenses": 221800000,
        "otherExpenses": -2494600000,
        "operatingExpenses": -2272800000,
        "costAndExpenses": 2452300000,
        "interestIncome": 0,
        "interestExpense": 40100000,
        "depreciationAndAmortization": 25000000,
        "ebitda": 2213400000,
        "ebitdaratio": 0.785144195,
        "operatingIncome": 406900000,
        "operatingIncomeRatio": 0.1443368451,
        "totalOtherIncomeExpensesNet": -2228500000,
        "incomeBeforeTax": 366800000,
        "incomeBeforeTaxRatio": 0.1301124472,
        "incomeTaxExpense": 114500000,
        "netIncome": 252300000,
        "netIncomeRatio": 0.0894966479,
        "eps": 1.12,
        "epsdiluted": 1.12,
        "weightedAverageShsOut": 225300000,
        "weightedAverageShsOutDil": 226000000,
        "link": "https://www.sec.gov/Archives/edgar/data/5513/000000551317000079/0000005513-17-000079-index.htm",
        "finalLink": "https://www.sec.gov/Archives/edgar/data/5513/000000551317000079/unm09302017-10xq.htm"
    },
    {
        "date": "2017-06-30",
        "symbol": "UNM",
        "reportedCurrency": "USD",
        "cik": "0000005513",
        "fillingDate": "2017-07-28",
        "acceptedDate": "2017-07-28 09:47:33",
        "calendarYear": "2017",
        "period": "Q2",
        "revenue": 2822000000,
        "costOfRevenue": 105800000,
        "grossProfit": 2716200000,
        "grossProfitRatio": 0.962508859,
        "researchAndDevelopmentExpenses": 0,
        "generalAndAdministrativeExpenses": 215900000,
        "sellingAndMarketingExpenses": 0,
        "sellingGeneralAndAdministrativeExpenses": 215900000,
        "otherExpenses": -2530600000,
        "operatingExpenses": -2314700000,
        "costAndExpenses": 2460400000,
        "interestIncome": 0,
        "interestExpense": 39900000,
        "depreciationAndAmortization": 26900000,
        "ebitda": 2229600000,
        "ebitdaratio": 0.7900779589,
        "operatingIncome": 401500000,
        "operatingIncomeRatio": 0.1422749823,
        "totalOtherIncomeExpensesNet": -2242600000,
        "incomeBeforeTax": 361600000,
        "incomeBeforeTaxRatio": 0.1281360737,
        "incomeTaxExpense": 116500000,
        "netIncome": 245100000,
        "netIncomeRatio": 0.0868532955,
        "eps": 1.08,
        "epsdiluted": 1.07,
        "weightedAverageShsOut": 227500000,
        "weightedAverageShsOutDil": 228200000,
        "link": "https://www.sec.gov/Archives/edgar/data/5513/000000551317000071/0000005513-17-000071-index.htm",
        "finalLink": "https://www.sec.gov/Archives/edgar/data/5513/000000551317000071/unm06302017-10xq.htm"
    },
    {
        "date": "2017-03-31",
        "symbol": "UNM",
        "reportedCurrency": "USD",
        "cik": "0000005513",
        "fillingDate": "2017-04-27",
        "acceptedDate": "2017-04-27 11:14:44",
        "calendarYear": "2017",
        "period": "Q1",
        "revenue": 2806500000,
        "costOfRevenue": 56600000,
        "grossProfit": 2749900000,
        "grossProfitRatio": 0.9798325316,
        "researchAndDevelopmentExpenses": 0,
        "generalAndAdministrativeExpenses": 207000000,
        "sellingAndMarketingExpenses": 0,
        "sellingGeneralAndAdministrativeExpenses": 207000000,
        "otherExpenses": -2586800000,
        "operatingExpenses": -2379800000,
        "costAndExpenses": 2476200000,
        "interestIncome": 0,
        "interestExpense": 39800000,
        "depreciationAndAmortization": 26500000,
        "ebitda": 2253900000,
        "ebitdaratio": 0.8030999466,
        "operatingIncome": 370100000,
        "operatingIncomeRatio": 0.131872439,
        "totalOtherIncomeExpensesNet": -2267200000,
        "incomeBeforeTax": 330300000,
        "incomeBeforeTaxRatio": 0.1176910743,
        "incomeTaxExpense": 100400000,
        "netIncome": 229900000,
        "netIncomeRatio": 0.0819169784,
        "eps": 1,
        "epsdiluted": 0.2,
        "weightedAverageShsOut": 229400000,
        "weightedAverageShsOutDil": 230400000,
        "link": "https://www.sec.gov/Archives/edgar/data/5513/000000551317000046/0000005513-17-000046-index.htm",
        "finalLink": "https://www.sec.gov/Archives/edgar/data/5513/000000551317000046/unm03312017-10xq.htm"
    },
    {
        "date": "2016-12-31",
        "symbol": "UNM",
        "reportedCurrency": "USD",
        "cik": "0000005513",
        "fillingDate": "2017-02-22",
        "acceptedDate": "2017-02-22 15:30:07",
        "calendarYear": "2016",
        "period": "Q4",
        "revenue": 2796500000,
        "costOfRevenue": -7864300000,
        "grossProfit": 10660800000,
        "grossProfitRatio": 3.8121938137,
        "researchAndDevelopmentExpenses": 0,
        "generalAndAdministrativeExpenses": 211500000,
        "sellingAndMarketingExpenses": 0,
        "sellingGeneralAndAdministrativeExpenses": 211500000,
        "otherExpenses": 1211400000,
        "operatingExpenses": 590800000,
        "costAndExpenses": 2425300000,
        "interestIncome": 0,
        "interestExpense": 39800000,
        "depreciationAndAmortization": 25800000,
        "ebitda": 436800000,
        "ebitdaratio": 0.1561952441,
        "operatingIncome": 10070000000,
        "operatingIncomeRatio": 3.6009297336,
        "totalOtherIncomeExpensesNet": -9698800000,
        "incomeBeforeTax": 371200000,
        "incomeBeforeTaxRatio": 0.1327373503,
        "incomeTaxExpense": 123200000,
        "netIncome": 248000000,
        "netIncomeRatio": 0.0886822814,
        "eps": 1.07,
        "epsdiluted": 1.07,
        "weightedAverageShsOut": 231500000,
        "weightedAverageShsOutDil": 232400000,
        "link": "https://www.sec.gov/Archives/edgar/data/5513/000000551317000018/0000005513-17-000018-index.htm",
        "finalLink": "https://www.sec.gov/Archives/edgar/data/5513/000000551317000018/unm12312016-10xk.htm"
    },
    {
        "date": "2016-09-30",
        "symbol": "UNM",
        "reportedCurrency": "USD",
        "cik": "0000005513",
        "fillingDate": "2016-10-27",
        "acceptedDate": "2016-10-27 10:57:21",
        "calendarYear": "2016",
        "period": "Q3",
        "revenue": 2763300000,
        "costOfRevenue": 84000000,
        "grossProfit": 2679300000,
        "grossProfitRatio": 0.9696015633,
        "researchAndDevelopmentExpenses": 0,
        "generalAndAdministrativeExpenses": 210100000,
        "sellingAndMarketingExpenses": 0,
        "sellingGeneralAndAdministrativeExpenses": 210100000,
        "otherExpenses": -2512100000,
        "operatingExpenses": -2302000000,
        "costAndExpenses": 2431200000,
        "interestIncome": 0,
        "interestExpense": 45200000,
        "depreciationAndAmortization": 25300000,
        "ebitda": 2201200000,
        "ebitdaratio": 0.7965837947,
        "operatingIncome": 377300000,
        "operatingIncomeRatio": 0.1365396446,
        "totalOtherIncomeExpensesNet": -2221100000,
        "incomeBeforeTax": 332100000,
        "incomeBeforeTaxRatio": 0.1201823906,
        "incomeTaxExpense": 96100000,
        "netIncome": 236000000,
        "netIncomeRatio": 0.0854051315,
        "eps": 1.01,
        "epsdiluted": 1.01,
        "weightedAverageShsOut": 233752000,
        "weightedAverageShsOutDil": 234213500,
        "link": "https://www.sec.gov/Archives/edgar/data/5513/000000551316000064/0000005513-16-000064-index.htm",
        "finalLink": "https://www.sec.gov/Archives/edgar/data/5513/000000551316000064/unm09302016-10xq.htm"
    },
    {
        "date": "2016-06-30",
        "symbol": "UNM",
        "reportedCurrency": "USD",
        "cik": "0000005513",
        "fillingDate": "2016-07-28",
        "acceptedDate": "2016-07-28 11:11:27",
        "calendarYear": "2016",
        "period": "Q2",
        "revenue": 2761300000,
        "costOfRevenue": 107700000,
        "grossProfit": 2653600000,
        "grossProfitRatio": 0.960996632,
        "researchAndDevelopmentExpenses": 0,
        "generalAndAdministrativeExpenses": 202900000,
        "sellingAndMarketingExpenses": 0,
        "sellingGeneralAndAdministrativeExpenses": 202900000,
        "otherExpenses": -2473900000,
        "operatingExpenses": -2271000000,
        "costAndExpenses": 2421100000,
        "interestIncome": 0,
        "interestExpense": 42400000,
        "depreciationAndAmortization": 25200000,
        "ebitda": 2201000000,
        "ebitdaratio": 0.797088328,
        "operatingIncome": 382600000,
        "operatingIncomeRatio": 0.1385579256,
        "totalOtherIncomeExpensesNet": -2218200000,
        "incomeBeforeTax": 340200000,
        "incomeBeforeTaxRatio": 0.1232028392,
        "incomeTaxExpense": 103400000,
        "netIncome": 236800000,
        "netIncomeRatio": 0.0857567088,
        "eps": 1,
        "epsdiluted": 1,
        "weightedAverageShsOut": 236900000,
        "weightedAverageShsOutDil": 237300000,
        "link": "https://www.sec.gov/Archives/edgar/data/5513/000000551316000058/0000005513-16-000058-index.htm",
        "finalLink": "https://www.sec.gov/Archives/edgar/data/5513/000000551316000058/unm06302016-10xq.htm"
    },
    {
        "date": "2016-03-31",
        "symbol": "UNM",
        "reportedCurrency": "USD",
        "cik": "0000005513",
        "fillingDate": "2016-04-28",
        "acceptedDate": "2016-04-28 11:49:14",
        "calendarYear": "2016",
        "period": "Q1",
        "revenue": 2725400000,
        "costOfRevenue": 51000000,
        "grossProfit": 2674400000,
        "grossProfitRatio": 0.9812871505,
        "researchAndDevelopmentExpenses": 0,
        "generalAndAdministrativeExpenses": 207600000,
        "sellingAndMarketingExpenses": 0,
        "sellingGeneralAndAdministrativeExpenses": 207600000,
        "otherExpenses": -2539200000,
        "operatingExpenses": -2331600000,
        "costAndExpenses": 2421200000,
        "interestIncome": 0,
        "interestExpense": 38600000,
        "depreciationAndAmortization": 25400000,
        "ebitda": 2200400000,
        "ebitdaratio": 0.8073677258,
        "operatingIncome": 342800000,
        "operatingIncomeRatio": 0.1257797021,
        "totalOtherIncomeExpensesNet": -2213600000,
        "incomeBeforeTax": 304200000,
        "incomeBeforeTaxRatio": 0.1116166434,
        "incomeTaxExpense": 93600000,
        "netIncome": 210600000,
        "netIncomeRatio": 0.0772730608,
        "eps": 0.88,
        "epsdiluted": 0.88,
        "weightedAverageShsOut": 239600000,
        "weightedAverageShsOutDil": 239900000,
        "link": "https://www.sec.gov/Archives/edgar/data/5513/000000551316000050/0000005513-16-000050-index.htm",
        "finalLink": "https://www.sec.gov/Archives/edgar/data/5513/000000551316000050/unm03312016-10xq.htm"
    },
    {
        "date": "2015-12-31",
        "symbol": "UNM",
        "reportedCurrency": "USD",
        "cik": "0000005513",
        "fillingDate": "2016-02-24",
        "acceptedDate": "2016-02-24 15:57:41",
        "calendarYear": "2015",
        "period": "Q4",
        "revenue": 2722400000,
        "costOfRevenue": -7666800000,
        "grossProfit": 10389200000,
        "grossProfitRatio": 3.8161915957,
        "researchAndDevelopmentExpenses": 0,
        "generalAndAdministrativeExpenses": 211100000,
        "sellingAndMarketingExpenses": 0,
        "sellingGeneralAndAdministrativeExpenses": 211100000,
        "otherExpenses": 1203600000,
        "operatingExpenses": 579600000,
        "costAndExpenses": 2405800000,
        "interestIncome": 0,
        "interestExpense": 38900000,
        "depreciationAndAmortization": 25500000,
        "ebitda": 281500000,
        "ebitdaratio": 0.1034014105,
        "operatingIncome": 9809600000,
        "operatingIncomeRatio": 3.6032912136,
        "totalOtherIncomeExpensesNet": -2194700000,
        "incomeBeforeTax": 316600000,
        "incomeBeforeTaxRatio": 0.1162944461,
        "incomeTaxExpense": 90500000,
        "netIncome": 226100000,
        "netIncomeRatio": 0.0830517191,
        "eps": 0.93,
        "epsdiluted": 0.93,
        "weightedAverageShsOut": 242900000,
        "weightedAverageShsOutDil": 243800000,
        "link": "https://www.sec.gov/Archives/edgar/data/5513/000000551316000045/0000005513-16-000045-index.htm",
        "finalLink": "https://www.sec.gov/Archives/edgar/data/5513/000000551316000045/unm12312015-10xk.htm"
    },
    {
        "date": "2015-09-30",
        "symbol": "UNM",
        "reportedCurrency": "USD",
        "cik": "0000005513",
        "fillingDate": "2015-10-29",
        "acceptedDate": "2015-10-29 11:10:11",
        "calendarYear": "2015",
        "period": "Q3",
        "revenue": 2657800000,
        "costOfRevenue": 95100000,
        "grossProfit": 2562700000,
        "grossProfitRatio": 0.9642185266,
        "researchAndDevelopmentExpenses": 0,
        "generalAndAdministrativeExpenses": 205900000,
        "sellingAndMarketingExpenses": 0,
        "sellingGeneralAndAdministrativeExpenses": 205900000,
        "otherExpenses": -2431600000,
        "operatingExpenses": -2225700000,
        "costAndExpenses": 2358900000,
        "interestIncome": 0,
        "interestExpense": 38100000,
        "depreciationAndAmortization": 25400000,
        "ebitda": 2140300000,
        "ebitdaratio": 0.8052900895,
        "operatingIncome": 337000000,
        "operatingIncomeRatio": 0.1267965987,
        "totalOtherIncomeExpensesNet": -2153000000,
        "incomeBeforeTax": 298900000,
        "incomeBeforeTaxRatio": 0.1124614343,
        "incomeTaxExpense": 95100000,
        "netIncome": 203800000,
        "netIncomeRatio": 0.0766799609,
        "eps": 0.83,
        "epsdiluted": 0.83,
        "weightedAverageShsOut": 245400000,
        "weightedAverageShsOutDil": 246300000,
        "link": "https://www.sec.gov/Archives/edgar/data/5513/000000551315000038/0000005513-15-000038-index.htm",
        "finalLink": "https://www.sec.gov/Archives/edgar/data/5513/000000551315000038/unm09302015-10xq.htm"
    },
    {
        "date": "2015-06-30",
        "symbol": "UNM",
        "reportedCurrency": "USD",
        "cik": "0000005513",
        "fillingDate": "2015-07-30",
        "acceptedDate": "2015-07-30 10:10:15",
        "calendarYear": "2015",
        "period": "Q2",
        "revenue": 2703700000,
        "costOfRevenue": 105900000,
        "grossProfit": 2597800000,
        "grossProfitRatio": 0.9608314532,
        "researchAndDevelopmentExpenses": 0,
        "generalAndAdministrativeExpenses": 205000000,
        "sellingAndMarketingExpenses": 0,
        "sellingGeneralAndAdministrativeExpenses": 205000000,
        "otherExpenses": -2445000000,
        "operatingExpenses": -2240000000,
        "costAndExpenses": 2383900000,
        "interestIncome": 0,
        "interestExpense": 38000000,
        "depreciationAndAmortization": 25100000,
        "ebitda": 2166000000,
        "ebitdaratio": 0.8011243851,
        "operatingIncome": 357800000,
        "operatingIncomeRatio": 0.1323371676,
        "totalOtherIncomeExpensesNet": -2178900000,
        "incomeBeforeTax": 319800000,
        "incomeBeforeTaxRatio": 0.1182823538,
        "incomeTaxExpense": 95500000,
        "netIncome": 224300000,
        "netIncomeRatio": 0.0829603876,
        "eps": 0.9,
        "epsdiluted": 0.9,
        "weightedAverageShsOut": 248300000,
        "weightedAverageShsOutDil": 249200000,
        "link": "https://www.sec.gov/Archives/edgar/data/5513/000000551315000032/0000005513-15-000032-index.htm",
        "finalLink": "https://www.sec.gov/Archives/edgar/data/5513/000000551315000032/unm06302015-10xq.htm"
    },
    {
        "date": "2015-03-31",
        "symbol": "UNM",
        "reportedCurrency": "USD",
        "cik": "0000005513",
        "fillingDate": "2015-04-30",
        "acceptedDate": "2015-04-30 10:31:13",
        "calendarYear": "2015",
        "period": "Q1",
        "revenue": 2647400000,
        "costOfRevenue": 40600000,
        "grossProfit": 2606800000,
        "grossProfitRatio": 0.9846641988,
        "researchAndDevelopmentExpenses": 0,
        "generalAndAdministrativeExpenses": 213100000,
        "sellingAndMarketingExpenses": 0,
        "sellingGeneralAndAdministrativeExpenses": 213100000,
        "otherExpenses": -2479100000,
        "operatingExpenses": -2266000000,
        "costAndExpenses": 2344400000,
        "interestIncome": 0,
        "interestExpense": 37800000,
        "depreciationAndAmortization": 23500000,
        "ebitda": 2117000000,
        "ebitdaratio": 0.7996524892,
        "operatingIncome": 340800000,
        "operatingIncomeRatio": 0.1287300748,
        "totalOtherIncomeExpensesNet": -2131300000,
        "incomeBeforeTax": 303000000,
        "incomeBeforeTaxRatio": 0.1144519151,
        "incomeTaxExpense": 90100000,
        "netIncome": 212900000,
        "netIncomeRatio": 0.0804185238,
        "eps": 0.85,
        "epsdiluted": 0.84,
        "weightedAverageShsOut": 251500000,
        "weightedAverageShsOutDil": 252200000,
        "link": "https://www.sec.gov/Archives/edgar/data/5513/000000551315000020/0000005513-15-000020-index.htm",
        "finalLink": "https://www.sec.gov/Archives/edgar/data/5513/000000551315000020/unm03312015-10xq.htm"
    },
    {
        "date": "2014-12-31",
        "symbol": "UNM",
        "reportedCurrency": "USD",
        "cik": "0000005513",
        "fillingDate": "2015-02-25",
        "acceptedDate": "2015-02-25 13:50:49",
        "calendarYear": "2014",
        "period": "Q4",
        "revenue": 2639000000,
        "costOfRevenue": -7770700000,
        "grossProfit": 10409700000,
        "grossProfitRatio": 3.9445623342,
        "researchAndDevelopmentExpenses": 0,
        "generalAndAdministrativeExpenses": 213800000,
        "sellingAndMarketingExpenses": 0,
        "sellingGeneralAndAdministrativeExpenses": 213800000,
        "otherExpenses": 1488900000,
        "operatingExpenses": 881800000,
        "costAndExpenses": 3093600000,
        "interestIncome": 0,
        "interestExpense": 38500000,
        "depreciationAndAmortization": 21900000,
        "ebitda": -485400000,
        "ebitdaratio": -0.1839333081,
        "operatingIncome": 9524600000,
        "operatingIncomeRatio": 3.6091701402,
        "totalOtherIncomeExpensesNet": -2879800000,
        "incomeBeforeTax": -454600000,
        "incomeBeforeTaxRatio": -0.1722622205,
        "incomeTaxExpense": -172400000,
        "netIncome": -282200000,
        "netIncomeRatio": -0.1069344449,
        "eps": -1.12,
        "epsdiluted": -1.12,
        "weightedAverageShsOut": 251923123,
        "weightedAverageShsOutDil": 251964286,
        "link": "https://www.sec.gov/Archives/edgar/data/5513/000000551315000010/0000005513-15-000010-index.htm",
        "finalLink": "https://www.sec.gov/Archives/edgar/data/5513/000000551315000010/unm12312014-10xk.htm"
    },
    {
        "date": "2014-09-30",
        "symbol": "UNM",
        "reportedCurrency": "USD",
        "cik": "0000005513",
        "fillingDate": "2014-10-30",
        "acceptedDate": "2014-10-30 10:32:31",
        "calendarYear": "2014",
        "period": "Q3",
        "revenue": 2609400000,
        "costOfRevenue": 58800000,
        "grossProfit": 2550600000,
        "grossProfitRatio": 0.9774660842,
        "researchAndDevelopmentExpenses": 0,
        "generalAndAdministrativeExpenses": 206100000,
        "sellingAndMarketingExpenses": 0,
        "sellingGeneralAndAdministrativeExpenses": 206100000,
        "otherExpenses": -2406200000,
        "operatingExpenses": -2200100000,
        "costAndExpenses": 2297300000,
        "interestIncome": 0,
        "interestExpense": 38400000,
        "depreciationAndAmortization": 23100000,
        "ebitda": 2723000000,
        "ebitdaratio": 1.0435349122,
        "operatingIncome": 350500000,
        "operatingIncomeRatio": 0.1343220664,
        "totalOtherIncomeExpensesNet": -2027500000,
        "incomeBeforeTax": 312100000,
        "incomeBeforeTaxRatio": 0.1196060397,
        "incomeTaxExpense": 91000000,
        "netIncome": 219100000,
        "netIncomeRatio": 0.0839656626,
        "eps": 0.87,
        "epsdiluted": 0.87,
        "weightedAverageShsOut": 253600000,
        "weightedAverageShsOutDil": 254800000,
        "link": "https://www.sec.gov/Archives/edgar/data/5513/000000551314000033/0000005513-14-000033-index.htm",
        "finalLink": "https://www.sec.gov/Archives/edgar/data/5513/000000551314000033/unm09302014-10xq.htm"
    },
    {
        "date": "2014-06-30",
        "symbol": "UNM",
        "reportedCurrency": "USD",
        "cik": "0000005513",
        "fillingDate": "2014-07-31",
        "acceptedDate": "2014-07-31 10:34:18",
        "calendarYear": "2014",
        "period": "Q2",
        "revenue": 2653500000,
        "costOfRevenue": 78600000,
        "grossProfit": 2574900000,
        "grossProfitRatio": 0.9703787451,
        "researchAndDevelopmentExpenses": 0,
        "generalAndAdministrativeExpenses": 200000000,
        "sellingAndMarketingExpenses": 0,
        "sellingGeneralAndAdministrativeExpenses": 200000000,
        "otherExpenses": -2375700000,
        "operatingExpenses": -2175700000,
        "costAndExpenses": 2307000000,
        "interestIncome": 0,
        "interestExpense": 52700000,
        "depreciationAndAmortization": 22100000,
        "ebitda": 2799500000,
        "ebitdaratio": 1.0550216695,
        "operatingIncome": 399200000,
        "operatingIncomeRatio": 0.1504428114,
        "totalOtherIncomeExpensesNet": -2025100000,
        "incomeBeforeTax": 346500000,
        "incomeBeforeTaxRatio": 0.1305822499,
        "incomeTaxExpense": 104000000,
        "netIncome": 239400000,
        "netIncomeRatio": 0.0902204635,
        "eps": 0.94,
        "epsdiluted": 0.94,
        "weightedAverageShsOut": 256800000,
        "weightedAverageShsOutDil": 257900000,
        "link": "https://www.sec.gov/Archives/edgar/data/5513/000000551314000026/0000005513-14-000026-index.htm",
        "finalLink": "https://www.sec.gov/Archives/edgar/data/5513/000000551314000026/unm06302014-10xq.htm"
    },
    {
        "date": "2014-03-31",
        "symbol": "UNM",
        "reportedCurrency": "USD",
        "cik": "0000005513",
        "fillingDate": "2014-05-08",
        "acceptedDate": "2014-05-08 11:10:09",
        "calendarYear": "2014",
        "period": "Q1",
        "revenue": 2611100000,
        "costOfRevenue": 29700000,
        "grossProfit": 2581400000,
        "grossProfitRatio": 0.9886254835,
        "researchAndDevelopmentExpenses": 0,
        "generalAndAdministrativeExpenses": 201000000,
        "sellingAndMarketingExpenses": 0,
        "sellingGeneralAndAdministrativeExpenses": 201000000,
        "otherExpenses": -2418000000,
        "operatingExpenses": -2217000000,
        "costAndExpenses": 2284600000,
        "interestIncome": 0,
        "interestExpense": 37900000,
        "depreciationAndAmortization": 20800000,
        "ebitda": 2768900000,
        "ebitdaratio": 1.0604342997,
        "operatingIncome": 364400000,
        "operatingIncomeRatio": 0.1395580407,
        "totalOtherIncomeExpensesNet": -2050600000,
        "incomeBeforeTax": 326500000,
        "incomeBeforeTaxRatio": 0.1250430853,
        "incomeTaxExpense": 97600000,
        "netIncome": 225800000,
        "netIncomeRatio": 0.0864769637,
        "eps": 0.88,
        "epsdiluted": 0.88,
        "weightedAverageShsOut": 259400000,
        "weightedAverageShsOutDil": 260700000,
        "link": "https://www.sec.gov/Archives/edgar/data/5513/000000551314000016/0000005513-14-000016-index.htm",
        "finalLink": "https://www.sec.gov/Archives/edgar/data/5513/000000551314000016/unm03312014-10xq.htm"
    },
    {
        "date": "2013-12-31",
        "symbol": "UNM",
        "reportedCurrency": "USD",
        "cik": "0000005513",
        "fillingDate": "2014-02-26",
        "acceptedDate": "2014-02-26 16:07:11",
        "calendarYear": "2013",
        "period": "Q4",
        "revenue": 2586200000,
        "costOfRevenue": -7471000000,
        "grossProfit": 10057200000,
        "grossProfitRatio": 3.8887943701,
        "researchAndDevelopmentExpenses": 0,
        "generalAndAdministrativeExpenses": 201700000,
        "sellingAndMarketingExpenses": 0,
        "sellingGeneralAndAdministrativeExpenses": 201700000,
        "otherExpenses": 1191500000,
        "operatingExpenses": 602800000,
        "costAndExpenses": 2280400000,
        "interestIncome": 0,
        "interestExpense": 37600000,
        "depreciationAndAmortization": 21400000,
        "ebitda": 280000000,
        "ebitdaratio": 0.1082669554,
        "operatingIncome": 9454400000,
        "operatingIncomeRatio": 3.6557110819,
        "totalOtherIncomeExpensesNet": -2074700000,
        "incomeBeforeTax": 305800000,
        "incomeBeforeTaxRatio": 0.118242982,
        "incomeTaxExpense": 84600000,
        "netIncome": 221200000,
        "netIncomeRatio": 0.0855308947,
        "eps": 0.85,
        "epsdiluted": 0.84,
        "weightedAverageShsOut": 261100000,
        "weightedAverageShsOutDil": 262600000,
        "link": "https://www.sec.gov/Archives/edgar/data/5513/000000551314000008/0000005513-14-000008-index.htm",
        "finalLink": "https://www.sec.gov/Archives/edgar/data/5513/000000551314000008/unm12312013-10xk.htm"
    },
    {
        "date": "2013-09-30",
        "symbol": "UNM",
        "reportedCurrency": "USD",
        "cik": "0000005513",
        "fillingDate": "2013-11-05",
        "acceptedDate": "2013-11-05 10:35:45",
        "calendarYear": "2013",
        "period": "Q3",
        "revenue": 2540900000,
        "costOfRevenue": 69400000,
        "grossProfit": 2471500000,
        "grossProfitRatio": 0.9726868432,
        "researchAndDevelopmentExpenses": 0,
        "generalAndAdministrativeExpenses": 196200000,
        "sellingAndMarketingExpenses": 0,
        "sellingGeneralAndAdministrativeExpenses": 196200000,
        "otherExpenses": -2346200000,
        "operatingExpenses": -2150000000,
        "costAndExpenses": 2256800000,
        "interestIncome": 0,
        "interestExpense": 37400000,
        "depreciationAndAmortization": 20700000,
        "ebitda": 2043900000,
        "ebitdaratio": 0.8044000157,
        "operatingIncome": 321500000,
        "operatingIncomeRatio": 0.1265299697,
        "totalOtherIncomeExpensesNet": -2060600000,
        "incomeBeforeTax": 284100000,
        "incomeBeforeTaxRatio": 0.1118107757,
        "incomeTaxExpense": 78400000,
        "netIncome": 205700000,
        "netIncomeRatio": 0.0809555669,
        "eps": 0.78,
        "epsdiluted": 0.78,
        "weightedAverageShsOut": 262945934,
        "weightedAverageShsOutDil": 264260045,
        "link": "https://www.sec.gov/Archives/edgar/data/5513/000000551313000030/0000005513-13-000030-index.htm",
        "finalLink": "https://www.sec.gov/Archives/edgar/data/5513/000000551313000030/unm9302013-10xq.htm"
    },
    {
        "date": "2013-06-30",
        "symbol": "UNM",
        "reportedCurrency": "USD",
        "cik": "0000005513",
        "fillingDate": "2013-08-06",
        "acceptedDate": "2013-08-06 10:17:15",
        "calendarYear": "2013",
        "period": "Q2",
        "revenue": 2601900000,
        "costOfRevenue": 112200000,
        "grossProfit": 2489700000,
        "grossProfitRatio": 0.9568776663,
        "researchAndDevelopmentExpenses": 0,
        "generalAndAdministrativeExpenses": 194900000,
        "sellingAndMarketingExpenses": 0,
        "sellingGeneralAndAdministrativeExpenses": 194900000,
        "otherExpenses": -2335800000,
        "operatingExpenses": -2140900000,
        "costAndExpenses": 2290400000,
        "interestIncome": 0,
        "interestExpense": 37300000,
        "depreciationAndAmortization": 21500000,
        "ebitda": 370300000,
        "ebitdaratio": 0.1423190745,
        "operatingIncome": 348800000,
        "operatingIncomeRatio": 0.1340558822,
        "totalOtherIncomeExpensesNet": -41300000,
        "incomeBeforeTax": 311500000,
        "incomeBeforeTaxRatio": 0.1197202045,
        "incomeTaxExpense": 92900000,
        "netIncome": 218600000,
        "netIncomeRatio": 0.0840155271,
        "eps": 0.82,
        "epsdiluted": 0.82,
        "weightedAverageShsOut": 265560417,
        "weightedAverageShsOutDil": 266736302,
        "link": "https://www.sec.gov/Archives/edgar/data/5513/000000551313000019/0000005513-13-000019-index.htm",
        "finalLink": "https://www.sec.gov/Archives/edgar/data/5513/000000551313000019/unm6302013-10xq.htm"
    },
    {
        "date": "2013-03-31",
        "symbol": "UNM",
        "reportedCurrency": "USD",
        "cik": "0000005513",
        "fillingDate": "2013-05-02",
        "acceptedDate": "2013-05-02 11:09:28",
        "calendarYear": "2013",
        "period": "Q1",
        "revenue": 2624800000,
        "costOfRevenue": 81800000,
        "grossProfit": 2543000000,
        "grossProfitRatio": 0.9688357208,
        "researchAndDevelopmentExpenses": 0,
        "generalAndAdministrativeExpenses": 197600000,
        "sellingAndMarketingExpenses": 0,
        "sellingGeneralAndAdministrativeExpenses": 197600000,
        "otherExpenses": -2399700000,
        "operatingExpenses": -2202100000,
        "costAndExpenses": 2321000000,
        "interestIncome": 0,
        "interestExpense": 37100000,
        "depreciationAndAmortization": 21200000,
        "ebitda": 362100000,
        "ebitdaratio": 0.1379533679,
        "operatingIncome": 340900000,
        "operatingIncomeRatio": 0.129876562,
        "totalOtherIncomeExpensesNet": -33100000,
        "incomeBeforeTax": 303800000,
        "incomeBeforeTaxRatio": 0.1157421518,
        "incomeTaxExpense": 91200000,
        "netIncome": 212600000,
        "netIncomeRatio": 0.0809966474,
        "eps": 0.79,
        "epsdiluted": 0.79,
        "weightedAverageShsOut": 269361126,
        "weightedAverageShsOutDil": 270354395,
        "link": "https://www.sec.gov/Archives/edgar/data/5513/000000551313000012/0000005513-13-000012-index.htm",
        "finalLink": "https://www.sec.gov/Archives/edgar/data/5513/000000551313000012/unm3312013-10xq.htm"
    },
    {
        "date": "2012-12-31",
        "symbol": "UNM",
        "reportedCurrency": "USD",
        "cik": "0000005513",
        "fillingDate": "2013-02-22",
        "acceptedDate": "2013-02-22 11:14:51",
        "calendarYear": "2012",
        "period": "Q4",
        "revenue": 2658200000,
        "costOfRevenue": -7650600000,
        "grossProfit": 10308800000,
        "grossProfitRatio": 3.8781130088,
        "researchAndDevelopmentExpenses": 0,
        "generalAndAdministrativeExpenses": 197500000,
        "sellingAndMarketingExpenses": -690800000,
        "sellingGeneralAndAdministrativeExpenses": -493300000,
        "otherExpenses": 2000300000,
        "operatingExpenses": 720200000,
        "costAndExpenses": 2335500000,
        "interestIncome": 0,
        "interestExpense": 38100000,
        "depreciationAndAmortization": 20800000,
        "ebitda": 381600000,
        "ebitdaratio": 0.1435557896,
        "operatingIncome": 9588600000,
        "operatingIncomeRatio": 3.6071777895,
        "totalOtherIncomeExpensesNet": -38100000,
        "incomeBeforeTax": 322700000,
        "incomeBeforeTaxRatio": 0.1213979385,
        "incomeTaxExpense": 88800000,
        "netIncome": 233900000,
        "netIncomeRatio": 0.0879918742,
        "eps": 0.86,
        "epsdiluted": 0.85,
        "weightedAverageShsOut": 273444807,
        "weightedAverageShsOutDil": 273613206,
        "link": "https://www.sec.gov/Archives/edgar/data/5513/000000551313000007/0000005513-13-000007-index.htm",
        "finalLink": "https://www.sec.gov/Archives/edgar/data/5513/000000551313000007/unm12312012-10xk.htm"
    },
    {
        "date": "2012-09-30",
        "symbol": "UNM",
        "reportedCurrency": "USD",
        "cik": "0000005513",
        "fillingDate": "2012-11-01",
        "acceptedDate": "2012-11-01 11:20:53",
        "calendarYear": "2012",
        "period": "Q3",
        "revenue": 2628000000,
        "costOfRevenue": 85500000,
        "grossProfit": 2542500000,
        "grossProfitRatio": 0.9674657534,
        "researchAndDevelopmentExpenses": 0,
        "generalAndAdministrativeExpenses": 0,
        "sellingAndMarketingExpenses": 227700000,
        "sellingGeneralAndAdministrativeExpenses": 227700000,
        "otherExpenses": -2413200000,
        "operatingExpenses": -2185500000,
        "costAndExpenses": 2307600000,
        "interestIncome": 0,
        "interestExpense": 36600000,
        "depreciationAndAmortization": 22300000,
        "ebitda": 379300000,
        "ebitdaratio": 0.1443302892,
        "operatingIncome": 357000000,
        "operatingIncomeRatio": 0.1358447489,
        "totalOtherIncomeExpensesNet": 320400000,
        "incomeBeforeTax": 320400000,
        "incomeBeforeTaxRatio": 0.1219178082,
        "incomeTaxExpense": 90200000,
        "netIncome": 230200000,
        "netIncomeRatio": 0.0875951294,
        "eps": 0.83,
        "epsdiluted": 0.83,
        "weightedAverageShsOut": 278354416,
        "weightedAverageShsOutDil": 278511039,
        "link": "https://www.sec.gov/Archives/edgar/data/5513/000000551312000033/0000005513-12-000033-index.htm",
        "finalLink": "https://www.sec.gov/Archives/edgar/data/5513/000000551312000033/unm9302012-10xq.htm"
    },
    {
        "date": "2012-06-30",
        "symbol": "UNM",
        "reportedCurrency": "USD",
        "cik": "0000005513",
        "fillingDate": "2012-08-02",
        "acceptedDate": "2012-08-02 11:21:13",
        "calendarYear": "2012",
        "period": "Q2",
        "revenue": 2617900000,
        "costOfRevenue": 3600000,
        "grossProfit": 2614300000,
        "grossProfitRatio": 0.998624852,
        "researchAndDevelopmentExpenses": 0,
        "generalAndAdministrativeExpenses": 0,
        "sellingAndMarketingExpenses": 230800000,
        "sellingGeneralAndAdministrativeExpenses": 230800000,
        "otherExpenses": -2513500000,
        "operatingExpenses": -2282700000,
        "costAndExpenses": 2321500000,
        "interestIncome": 0,
        "interestExpense": 35200000,
        "depreciationAndAmortization": 20700000,
        "ebitda": 352300000,
        "ebitdaratio": 0.1345735131,
        "operatingIncome": 331600000,
        "operatingIncomeRatio": 0.126666412,
        "totalOtherIncomeExpensesNet": 296400000,
        "incomeBeforeTax": 296400000,
        "incomeBeforeTaxRatio": 0.1132205203,
        "incomeTaxExpense": 80000000,
        "netIncome": 216400000,
        "netIncomeRatio": 0.0826616754,
        "eps": 0.76,
        "epsdiluted": 0.76,
        "weightedAverageShsOut": 283316596,
        "weightedAverageShsOutDil": 283740632,
        "link": "https://www.sec.gov/Archives/edgar/data/5513/000000551312000028/0000005513-12-000028-index.htm",
        "finalLink": "https://www.sec.gov/Archives/edgar/data/5513/000000551312000028/unm6302012-10xq.htm"
    },
    {
        "date": "2012-03-31",
        "symbol": "UNM",
        "reportedCurrency": "USD",
        "cik": "0000005513",
        "fillingDate": "2012-05-02",
        "acceptedDate": "2012-05-02 10:24:42",
        "calendarYear": "2012",
        "period": "Q1",
        "revenue": 2611300000,
        "costOfRevenue": 37300000,
        "grossProfit": 2574000000,
        "grossProfitRatio": 0.9857159269,
        "researchAndDevelopmentExpenses": 0,
        "generalAndAdministrativeExpenses": 0,
        "sellingAndMarketingExpenses": 232300000,
        "sellingGeneralAndAdministrativeExpenses": 232300000,
        "otherExpenses": -2460800000,
        "operatingExpenses": -2228500000,
        "costAndExpenses": 2301300000,
        "interestIncome": 0,
        "interestExpense": 35500000,
        "depreciationAndAmortization": 20500000,
        "ebitda": 366000000,
        "ebitdaratio": 0.1401600735,
        "operatingIncome": 345500000,
        "operatingIncomeRatio": 0.1323095776,
        "totalOtherIncomeExpensesNet": 310000000,
        "incomeBeforeTax": 310000000,
        "incomeBeforeTaxRatio": 0.1187148164,
        "incomeTaxExpense": 96100000,
        "netIncome": 213900000,
        "netIncomeRatio": 0.0819132233,
        "eps": 0.74,
        "epsdiluted": 0.73,
        "weightedAverageShsOut": 290429488,
        "weightedAverageShsOutDil": 291284036,
        "link": "https://www.sec.gov/Archives/edgar/data/5513/000000551312000014/0000005513-12-000014-index.htm",
        "finalLink": "https://www.sec.gov/Archives/edgar/data/5513/000000551312000014/unm3312012-10xq.htm"
    },
    {
        "date": "2011-12-31",
        "symbol": "UNM",
        "reportedCurrency": "USD",
        "cik": "0000005513",
        "fillingDate": "2012-02-24",
        "acceptedDate": "2012-02-24 09:18:54",
        "calendarYear": "2011",
        "period": "Q4",
        "revenue": 2604800000,
        "costOfRevenue": -7442700000,
        "grossProfit": 10047500000,
        "grossProfitRatio": 3.8573019042,
        "researchAndDevelopmentExpenses": 0,
        "generalAndAdministrativeExpenses": 209100000,
        "sellingAndMarketingExpenses": 216500000,
        "sellingGeneralAndAdministrativeExpenses": 425600000,
        "otherExpenses": 1992600000,
        "operatingExpenses": 731000000,
        "costAndExpenses": 3309100000,
        "interestIncome": 0,
        "interestExpense": 35200000,
        "depreciationAndAmortization": 20900000,
        "ebitda": -729300000,
        "ebitdaratio": -0.2799831081,
        "operatingIncome": 9316500000,
        "operatingIncomeRatio": 3.5766661548,
        "totalOtherIncomeExpensesNet": -10020800000,
        "incomeBeforeTax": -704300000,
        "incomeBeforeTaxRatio": -0.2703854423,
        "incomeTaxExpense": -278900000,
        "netIncome": -425400000,
        "netIncomeRatio": -0.1633138821,
        "eps": -1.36,
        "epsdiluted": -1.35,
        "weightedAverageShsOut": 312742300,
        "weightedAverageShsOutDil": 314332300,
        "link": "https://www.sec.gov/Archives/edgar/data/5513/000000551312000006/0000005513-12-000006-index.htm",
        "finalLink": "https://www.sec.gov/Archives/edgar/data/5513/000000551312000006/unm12312011-10xk.htm"
    },
    {
        "date": "2011-09-30",
        "symbol": "UNM",
        "reportedCurrency": "USD",
        "cik": "0000005513",
        "fillingDate": "2011-11-02",
        "acceptedDate": "2011-11-02 10:18:51",
        "calendarYear": "2011",
        "period": "Q3",
        "revenue": 2545600000,
        "costOfRevenue": 54400000,
        "grossProfit": 2491200000,
        "grossProfitRatio": 0.9786297926,
        "researchAndDevelopmentExpenses": 0,
        "generalAndAdministrativeExpenses": 0,
        "sellingAndMarketingExpenses": 220500000,
        "sellingGeneralAndAdministrativeExpenses": 220500000,
        "otherExpenses": -2383300000,
        "operatingExpenses": -2162800000,
        "costAndExpenses": 2252300000,
        "interestIncome": 0,
        "interestExpense": 35100000,
        "depreciationAndAmortization": 20500000,
        "ebitda": 344300000,
        "ebitdaratio": 0.1352529855,
        "operatingIncome": 328400000,
        "operatingIncomeRatio": 0.1290069139,
        "totalOtherIncomeExpensesNet": 288700000,
        "incomeBeforeTax": 293300000,
        "incomeBeforeTaxRatio": 0.1152184161,
        "incomeTaxExpense": 87700000,
        "netIncome": 202000000,
        "netIncomeRatio": 0.0793526084,
        "eps": 0.69,
        "epsdiluted": 0.69,
        "weightedAverageShsOut": 298185758,
        "weightedAverageShsOutDil": 299172900,
        "link": "https://www.sec.gov/Archives/edgar/data/5513/000000551311000047/0000005513-11-000047-index.htm",
        "finalLink": "https://www.sec.gov/Archives/edgar/data/5513/000000551311000047/unm9302011-10xq.htm"
    },
    {
        "date": "2011-06-30",
        "symbol": "UNM",
        "reportedCurrency": "USD",
        "cik": "0000005513",
        "fillingDate": "2011-08-03",
        "acceptedDate": "2011-08-03 11:02:32",
        "calendarYear": "2011",
        "period": "Q2",
        "revenue": 2564500000,
        "costOfRevenue": 91000000,
        "grossProfit": 2473500000,
        "grossProfitRatio": 0.9645155001,
        "researchAndDevelopmentExpenses": 0,
        "generalAndAdministrativeExpenses": 0,
        "sellingAndMarketingExpenses": 217900000,
        "sellingGeneralAndAdministrativeExpenses": 217900000,
        "otherExpenses": -2318300000,
        "operatingExpenses": -2100400000,
        "costAndExpenses": 2226500000,
        "interestIncome": 0,
        "interestExpense": 35100000,
        "depreciationAndAmortization": 20400000,
        "ebitda": 390000000,
        "ebitdaratio": 0.1520764282,
        "operatingIncome": 373100000,
        "operatingIncomeRatio": 0.1454864496,
        "totalOtherIncomeExpensesNet": 334500000,
        "incomeBeforeTax": 338000000,
        "incomeBeforeTaxRatio": 0.1317995711,
        "incomeTaxExpense": 108200000,
        "netIncome": 227600000,
        "netIncomeRatio": 0.0887502437,
        "eps": 0.75,
        "epsdiluted": 0.75,
        "weightedAverageShsOut": 306316215,
        "weightedAverageShsOutDil": 307410964,
        "link": "https://www.sec.gov/Archives/edgar/data/5513/000000551311000042/0000005513-11-000042-index.htm",
        "finalLink": "https://www.sec.gov/Archives/edgar/data/5513/000000551311000042/unm6302011-10xq.htm"
    },
    {
        "date": "2011-03-31",
        "symbol": "UNM",
        "reportedCurrency": "USD",
        "cik": "0000005513",
        "fillingDate": "2011-05-04",
        "acceptedDate": "2011-05-04 10:18:36",
        "calendarYear": "2011",
        "period": "Q1",
        "revenue": 2563100000,
        "costOfRevenue": 65300000,
        "grossProfit": 2497800000,
        "grossProfitRatio": 0.9745230385,
        "researchAndDevelopmentExpenses": 0,
        "generalAndAdministrativeExpenses": 0,
        "sellingAndMarketingExpenses": 224300000,
        "sellingGeneralAndAdministrativeExpenses": 224300000,
        "otherExpenses": -2354000000,
        "operatingExpenses": -2129700000,
        "costAndExpenses": 2232900000,
        "interestIncome": 0,
        "interestExpense": 37900000,
        "depreciationAndAmortization": 19300000,
        "ebitda": 384600000,
        "ebitdaratio": 0.1500526706,
        "operatingIncome": 368100000,
        "operatingIncomeRatio": 0.1436151535,
        "totalOtherIncomeExpensesNet": 327400000,
        "incomeBeforeTax": 330200000,
        "incomeBeforeTaxRatio": 0.1288283719,
        "incomeTaxExpense": 104800000,
        "netIncome": 223600000,
        "netIncomeRatio": 0.0872381101,
        "eps": 0.72,
        "epsdiluted": 0.72,
        "weightedAverageShsOut": 312742274,
        "weightedAverageShsOutDil": 314332317,
        "link": "https://www.sec.gov/Archives/edgar/data/5513/000119312511125267/0001193125-11-125267-index.htm",
        "finalLink": "https://www.sec.gov/Archives/edgar/data/5513/000119312511125267/d10q.htm"
    },
    {
        "date": "2010-12-31",
        "symbol": "UNM",
        "reportedCurrency": "USD",
        "cik": "0000005513",
        "fillingDate": "2010-12-31",
        "acceptedDate": "2010-12-30 19:00:00",
        "calendarYear": "2010",
        "period": "Q4",
        "revenue": 2593100000,
        "costOfRevenue": 301000000,
        "grossProfit": 2292100000,
        "grossProfitRatio": 0.883922718,
        "researchAndDevelopmentExpenses": 0,
        "generalAndAdministrativeExpenses": 193500000,
        "sellingAndMarketingExpenses": 215300000,
        "sellingGeneralAndAdministrativeExpenses": 408800000,
        "otherExpenses": 0,
        "operatingExpenses": 786300000,
        "costAndExpenses": 2257600000,
        "interestIncome": 0,
        "interestExpense": 39100000,
        "depreciationAndAmortization": 19300000,
        "ebitda": 318500000,
        "ebitdaratio": 0.1228259612,
        "operatingIncome": 1505800000,
        "operatingIncomeRatio": 0.5806949211,
        "totalOtherIncomeExpensesNet": -1170300000,
        "incomeBeforeTax": 335500000,
        "incomeBeforeTaxRatio": 0.129381821,
        "incomeTaxExpense": 109700000,
        "netIncome": 225800000,
        "netIncomeRatio": 0.0870772435,
        "eps": 0.69,
        "epsdiluted": 0.69,
        "weightedAverageShsOut": 316870200,
        "weightedAverageShsOutDil": 318365100,
        "link": null,
        "finalLink": null
    },
    {
        "date": "2010-11-19",
        "symbol": "UNM",
        "reportedCurrency": "USD",
        "cik": "0000005513",
        "fillingDate": "2011-02-25",
        "acceptedDate": "2011-02-25 14:00:07",
        "calendarYear": "2010",
        "period": "Q3",
        "revenue": 2527900000,
        "costOfRevenue": 80600000,
        "grossProfit": 2447300000,
        "grossProfitRatio": 0.9681158274,
        "researchAndDevelopmentExpenses": 0,
        "generalAndAdministrativeExpenses": 0,
        "sellingAndMarketingExpenses": -214000000,
        "sellingGeneralAndAdministrativeExpenses": -214000000,
        "otherExpenses": -1871600000,
        "operatingExpenses": -2085600000,
        "costAndExpenses": 2201400000,
        "interestIncome": 0,
        "interestExpense": 35200000,
        "depreciationAndAmortization": 19100000,
        "ebitda": 380800000,
        "ebitdaratio": 0.1506388702,
        "operatingIncome": 361700000,
        "operatingIncomeRatio": 0.1430831916,
        "totalOtherIncomeExpensesNet": 326500000,
        "incomeBeforeTax": 326500000,
        "incomeBeforeTaxRatio": 0.1291585901,
        "incomeTaxExpense": 105700000,
        "netIncome": 220800000,
        "netIncomeRatio": 0.0873452273,
        "eps": 0.68,
        "epsdiluted": 0.68,
        "weightedAverageShsOut": 323083476,
        "weightedAverageShsOutDil": 324466980,
        "link": "https://www.sec.gov/Archives/edgar/data/5513/000119312511047064/0001193125-11-047064-index.htm",
        "finalLink": "https://www.sec.gov/Archives/edgar/data/5513/000119312511047064/d10k.htm"
    },
    {
        "date": "2010-06-30",
        "symbol": "UNM",
        "reportedCurrency": "USD",
        "cik": "0000005513",
        "fillingDate": "2010-08-04",
        "acceptedDate": "2010-08-04 10:31:15",
        "calendarYear": "2010",
        "period": "Q2",
        "revenue": 2510600000,
        "costOfRevenue": 95200000,
        "grossProfit": 2415400000,
        "grossProfitRatio": 0.9620807775,
        "researchAndDevelopmentExpenses": 0,
        "generalAndAdministrativeExpenses": 191400000,
        "sellingAndMarketingExpenses": 207800000,
        "sellingGeneralAndAdministrativeExpenses": 399200000,
        "otherExpenses": -2472400000,
        "operatingExpenses": -2073200000,
        "costAndExpenses": 2202500000,
        "interestIncome": 0,
        "interestExpense": 34100000,
        "depreciationAndAmortization": 18800000,
        "ebitda": 361000000,
        "ebitdaratio": 0.143790329,
        "operatingIncome": 342200000,
        "operatingIncomeRatio": 0.1363020792,
        "totalOtherIncomeExpensesNet": -34100000,
        "incomeBeforeTax": 308100000,
        "incomeBeforeTaxRatio": 0.1227196686,
        "incomeTaxExpense": 98400000,
        "netIncome": 209700000,
        "netIncomeRatio": 0.0835258504,
        "eps": 0.63,
        "epsdiluted": 0.63,
        "weightedAverageShsOut": 331236773,
        "weightedAverageShsOutDil": 332632157,
        "link": "https://www.sec.gov/Archives/edgar/data/5513/000119312510176490/0001193125-10-176490-index.htm",
        "finalLink": "https://www.sec.gov/Archives/edgar/data/5513/000119312510176490/d10q.htm"
    },
    {
        "date": "2010-03-31",
        "symbol": "UNM",
        "reportedCurrency": "USD",
        "cik": "0000005513",
        "fillingDate": "2010-05-05",
        "acceptedDate": "2010-05-05 11:14:10",
        "calendarYear": "2010",
        "period": "Q1",
        "revenue": 2561600000,
        "costOfRevenue": 74900000,
        "grossProfit": 2486700000,
        "grossProfitRatio": 0.9707604622,
        "researchAndDevelopmentExpenses": 0,
        "generalAndAdministrativeExpenses": 197300000,
        "sellingAndMarketingExpenses": -218300000,
        "sellingGeneralAndAdministrativeExpenses": -21000000,
        "otherExpenses": -2071100000,
        "operatingExpenses": -2092100000,
        "costAndExpenses": 2200400000,
        "interestIncome": 0,
        "interestExpense": 33400000,
        "depreciationAndAmortization": 18200000,
        "ebitda": 412800000,
        "ebitdaratio": 0.1611492817,
        "operatingIncome": 394600000,
        "operatingIncomeRatio": 0.1540443473,
        "totalOtherIncomeExpensesNet": 361200000,
        "incomeBeforeTax": 361200000,
        "incomeBeforeTaxRatio": 0.1410056215,
        "incomeTaxExpense": 131400000,
        "netIncome": 229800000,
        "netIncomeRatio": 0.0897095565,
        "eps": 0.69,
        "epsdiluted": 0.69,
        "weightedAverageShsOut": 332270218,
        "weightedAverageShsOutDil": 333524708,
        "link": "https://www.sec.gov/Archives/edgar/data/5513/000119312510108084/0001193125-10-108084-index.htm",
        "finalLink": "https://www.sec.gov/Archives/edgar/data/5513/000119312510108084/d10q.htm"
    },
    {
        "date": "2009-12-31",
        "symbol": "UNM",
        "reportedCurrency": "USD",
        "cik": "0000005513",
        "fillingDate": "2010-02-26",
        "acceptedDate": "2010-02-26 15:22:50",
        "calendarYear": "2009",
        "period": "Q4",
        "revenue": 2496600000,
        "costOfRevenue": 377900000,
        "grossProfit": 2118700000,
        "grossProfitRatio": 0.8486341424,
        "researchAndDevelopmentExpenses": 0,
        "generalAndAdministrativeExpenses": 206000000,
        "sellingAndMarketingExpenses": 0,
        "sellingGeneralAndAdministrativeExpenses": 206000000,
        "otherExpenses": 1675200000,
        "operatingExpenses": 2262500000,
        "costAndExpenses": 2200700000,
        "interestIncome": 0,
        "interestExpense": 34500000,
        "depreciationAndAmortization": 19500000,
        "ebitda": 275400000,
        "ebitdaratio": 0.1103100216,
        "operatingIncome": 852600000,
        "operatingIncomeRatio": 0.341504446,
        "totalOtherIncomeExpensesNet": -556700000,
        "incomeBeforeTax": 295900000,
        "incomeBeforeTaxRatio": 0.1185211888,
        "incomeTaxExpense": 96500000,
        "netIncome": 199400000,
        "netIncomeRatio": 0.0798686213,
        "eps": 0.6,
        "epsdiluted": 0.6,
        "weightedAverageShsOut": 332270200,
        "weightedAverageShsOutDil": 333524700,
        "link": "https://www.sec.gov/Archives/edgar/data/5513/000119312510042716/0001193125-10-042716-index.htm",
        "finalLink": "https://www.sec.gov/Archives/edgar/data/5513/000119312510042716/d10k.htm"
    },
    {
        "date": "2009-09-30",
        "symbol": "UNM",
        "reportedCurrency": "USD",
        "cik": "0000005513",
        "fillingDate": "2009-11-04",
        "acceptedDate": "2009-11-04 10:02:27",
        "calendarYear": "2009",
        "period": "Q3",
        "revenue": 2517500000,
        "costOfRevenue": 119100000,
        "grossProfit": 2398400000,
        "grossProfitRatio": 0.9526911619,
        "researchAndDevelopmentExpenses": 0,
        "generalAndAdministrativeExpenses": 201000000,
        "sellingAndMarketingExpenses": 0,
        "sellingGeneralAndAdministrativeExpenses": 201000000,
        "otherExpenses": -2236900000,
        "operatingExpenses": -2035900000,
        "costAndExpenses": 2182900000,
        "interestIncome": 0,
        "interestExpense": 27900000,
        "depreciationAndAmortization": 18900000,
        "ebitda": 381400000,
        "ebitdaratio": 0.1514995035,
        "operatingIncome": 362500000,
        "operatingIncomeRatio": 0.1439920556,
        "totalOtherIncomeExpensesNet": 334600000,
        "incomeBeforeTax": 334600000,
        "incomeBeforeTaxRatio": 0.1329096326,
        "incomeTaxExpense": 113500000,
        "netIncome": 221100000,
        "netIncomeRatio": 0.0878252234,
        "eps": 0.67,
        "epsdiluted": 0.66,
        "weightedAverageShsOut": 331411231,
        "weightedAverageShsOutDil": 332622148,
        "link": "https://www.sec.gov/Archives/edgar/data/5513/000119312509223170/0001193125-09-223170-index.htm",
        "finalLink": "https://www.sec.gov/Archives/edgar/data/5513/000119312509223170/d10q.htm"
    },
    {
        "date": "2009-06-30",
        "symbol": "UNM",
        "reportedCurrency": "USD",
        "cik": "0000005513",
        "fillingDate": "2009-08-05",
        "acceptedDate": "2009-08-05 16:06:34",
        "calendarYear": "2009",
        "period": "Q2",
        "revenue": 2628000000,
        "costOfRevenue": 117900000,
        "grossProfit": 2510100000,
        "grossProfitRatio": 0.9551369863,
        "researchAndDevelopmentExpenses": 0,
        "generalAndAdministrativeExpenses": 196200000,
        "sellingAndMarketingExpenses": 0,
        "sellingGeneralAndAdministrativeExpenses": 196200000,
        "otherExpenses": -2264700000,
        "operatingExpenses": -2068500000,
        "costAndExpenses": 2216800000,
        "interestIncome": 0,
        "interestExpense": 30400000,
        "depreciationAndAmortization": 18500000,
        "ebitda": 460100000,
        "ebitdaratio": 0.1750761035,
        "operatingIncome": 441600000,
        "operatingIncomeRatio": 0.1680365297,
        "totalOtherIncomeExpensesNet": 411200000,
        "incomeBeforeTax": 411200000,
        "incomeBeforeTaxRatio": 0.1564687976,
        "incomeTaxExpense": 144000000,
        "netIncome": 267200000,
        "netIncomeRatio": 0.101674277,
        "eps": 0.81,
        "epsdiluted": 0.8,
        "weightedAverageShsOut": 331171800,
        "weightedAverageShsOutDil": 331955200,
        "link": "https://www.sec.gov/Archives/edgar/data/5513/000119312509165373/0001193125-09-165373-index.htm",
        "finalLink": "https://www.sec.gov/Archives/edgar/data/5513/000119312509165373/d10q.htm"
    },
    {
        "date": "2009-03-31",
        "symbol": "UNM",
        "reportedCurrency": "USD",
        "cik": "0000005513",
        "fillingDate": "2009-04-30",
        "acceptedDate": "2009-04-30 11:18:08",
        "calendarYear": "2009",
        "period": "Q1",
        "revenue": 2448900000,
        "costOfRevenue": 60400000,
        "grossProfit": 2388500000,
        "grossProfitRatio": 0.9753358651,
        "researchAndDevelopmentExpenses": 0,
        "generalAndAdministrativeExpenses": 190100000,
        "sellingAndMarketingExpenses": 0,
        "sellingGeneralAndAdministrativeExpenses": 190100000,
        "otherExpenses": -2295400000,
        "operatingExpenses": -2105300000,
        "costAndExpenses": 2198300000,
        "interestIncome": 0,
        "interestExpense": 32600000,
        "depreciationAndAmortization": 17600000,
        "ebitda": 300800000,
        "ebitdaratio": 0.1228306587,
        "operatingIncome": 283200000,
        "operatingIncomeRatio": 0.1156437584,
        "totalOtherIncomeExpensesNet": -32600000,
        "incomeBeforeTax": 250600000,
        "incomeBeforeTaxRatio": 0.1023316591,
        "incomeTaxExpense": 85700000,
        "netIncome": 164900000,
        "netIncomeRatio": 0.0673363551,
        "eps": 0.5,
        "epsdiluted": 0.5,
        "weightedAverageShsOut": 330804800,
        "weightedAverageShsOutDil": 330964500,
        "link": "https://www.sec.gov/Archives/edgar/data/5513/000119312509093519/0001193125-09-093519-index.htm",
        "finalLink": "https://www.sec.gov/Archives/edgar/data/5513/000119312509093519/d10q.htm"
    },
    {
        "date": "2008-12-31",
        "symbol": "UNM",
        "reportedCurrency": "USD",
        "cik": "0000005513",
        "fillingDate": "2009-02-24",
        "acceptedDate": "2009-02-24 16:58:03",
        "calendarYear": "2008",
        "period": "Q4",
        "revenue": 2323700000,
        "costOfRevenue": 340900000,
        "grossProfit": 1982800000,
        "grossProfitRatio": 0.8532943151,
        "researchAndDevelopmentExpenses": 0,
        "generalAndAdministrativeExpenses": 195400000,
        "sellingAndMarketingExpenses": -213000000,
        "sellingGeneralAndAdministrativeExpenses": -449400000,
        "otherExpenses": 1410900000,
        "operatingExpenses": 2201100000,
        "costAndExpenses": 2271200000,
        "interestIncome": 0,
        "interestExpense": 35200000,
        "depreciationAndAmortization": 18200000,
        "ebitda": 37100000,
        "ebitdaratio": 0.0159659164,
        "operatingIncome": 553200000,
        "operatingIncomeRatio": 0.2380685975,
        "totalOtherIncomeExpensesNet": -500700000,
        "incomeBeforeTax": 52500000,
        "incomeBeforeTaxRatio": 0.022593278,
        "incomeTaxExpense": 10700000,
        "netIncome": 41800000,
        "netIncomeRatio": 0.0179885527,
        "eps": 0.13,
        "epsdiluted": 0.13,
        "weightedAverageShsOut": 330804800,
        "weightedAverageShsOutDil": 330964500,
        "link": "https://www.sec.gov/Archives/edgar/data/5513/000119312509036287/0001193125-09-036287-index.htm",
        "finalLink": "https://www.sec.gov/Archives/edgar/data/5513/000119312509036287/d10k.htm"
    },
    {
        "date": "2008-09-30",
        "symbol": "UNM",
        "reportedCurrency": "USD",
        "cik": "0000005513",
        "fillingDate": "2008-10-31",
        "acceptedDate": "2008-10-31 10:31:03",
        "calendarYear": "2008",
        "period": "Q3",
        "revenue": 2442700000,
        "costOfRevenue": 100400000,
        "grossProfit": 2342300000,
        "grossProfitRatio": 0.9588979408,
        "researchAndDevelopmentExpenses": 0,
        "generalAndAdministrativeExpenses": 0,
        "sellingAndMarketingExpenses": 213000000,
        "sellingGeneralAndAdministrativeExpenses": 213000000,
        "otherExpenses": 0,
        "operatingExpenses": 2234300000,
        "costAndExpenses": 2282900000,
        "interestIncome": 0,
        "interestExpense": 37200000,
        "depreciationAndAmortization": 16100000,
        "ebitda": 213100000,
        "ebitdaratio": 0.08723953,
        "operatingIncome": 108000000,
        "operatingIncomeRatio": 0.0442133705,
        "totalOtherIncomeExpensesNet": 51800000,
        "incomeBeforeTax": 159800000,
        "incomeBeforeTaxRatio": 0.0654194129,
        "incomeTaxExpense": 51800000,
        "netIncome": 108000000,
        "netIncomeRatio": 0.0442133705,
        "eps": 0.32,
        "epsdiluted": 0.32,
        "weightedAverageShsOut": 337236391,
        "weightedAverageShsOutDil": 337912770,
        "link": "https://www.sec.gov/Archives/edgar/data/5513/000119312508221054/0001193125-08-221054-index.htm",
        "finalLink": "https://www.sec.gov/Archives/edgar/data/5513/000119312508221054/d10q.htm"
    },
    {
        "date": "2008-06-30",
        "symbol": "UNM",
        "reportedCurrency": "USD",
        "cik": "0000005513",
        "fillingDate": "2008-08-01",
        "acceptedDate": "2008-08-01 09:18:32",
        "calendarYear": "2008",
        "period": "Q2",
        "revenue": 2675300000,
        "costOfRevenue": 119000000,
        "grossProfit": 2556300000,
        "grossProfitRatio": 0.9555190072,
        "researchAndDevelopmentExpenses": 0,
        "generalAndAdministrativeExpenses": 191800000,
        "sellingAndMarketingExpenses": 0,
        "sellingGeneralAndAdministrativeExpenses": 191800000,
        "otherExpenses": 0,
        "operatingExpenses": 2316000000,
        "costAndExpenses": 2308300000,
        "interestIncome": 0,
        "interestExpense": 40400000,
        "depreciationAndAmortization": 18300000,
        "ebitda": 240300000,
        "ebitdaratio": 0.0898217022,
        "operatingIncome": 240300000,
        "operatingIncomeRatio": 0.0898217022,
        "totalOtherIncomeExpensesNet": 126700000,
        "incomeBeforeTax": 367000000,
        "incomeBeforeTaxRatio": 0.1371808769,
        "incomeTaxExpense": 126700000,
        "netIncome": 240300000,
        "netIncomeRatio": 0.0898217022,
        "eps": 0.7,
        "epsdiluted": 0.69,
        "weightedAverageShsOut": 345443500,
        "weightedAverageShsOutDil": 346035400,
        "link": "https://www.sec.gov/Archives/edgar/data/5513/000119312508163352/0001193125-08-163352-index.htm",
        "finalLink": "https://www.sec.gov/Archives/edgar/data/5513/000119312508163352/d10q.htm"
    },
    {
        "date": "2008-03-31",
        "symbol": "UNM",
        "reportedCurrency": "USD",
        "cik": "0000005513",
        "fillingDate": "2008-05-02",
        "acceptedDate": "2008-05-02 16:06:01",
        "calendarYear": "2008",
        "period": "Q1",
        "revenue": 2540600000,
        "costOfRevenue": 57000000,
        "grossProfit": 2483600000,
        "grossProfitRatio": 0.9775643549,
        "researchAndDevelopmentExpenses": 0,
        "generalAndAdministrativeExpenses": 185900000,
        "sellingAndMarketingExpenses": 0,
        "sellingGeneralAndAdministrativeExpenses": 185900000,
        "otherExpenses": 0,
        "operatingExpenses": 2320500000,
        "costAndExpenses": 2295900000,
        "interestIncome": 0,
        "interestExpense": 43900000,
        "depreciationAndAmortization": 16200000,
        "ebitda": 304800000,
        "ebitdaratio": 0.1199716602,
        "operatingIncome": 163100000,
        "operatingIncomeRatio": 0.0641974337,
        "totalOtherIncomeExpensesNet": 81600000,
        "incomeBeforeTax": 244700000,
        "incomeBeforeTaxRatio": 0.0963158309,
        "incomeTaxExpense": 81600000,
        "netIncome": 163100000,
        "netIncomeRatio": 0.0641974337,
        "eps": 0.47,
        "epsdiluted": 0.46,
        "weightedAverageShsOut": 350719600,
        "weightedAverageShsOutDil": 351465800,
        "link": "https://www.sec.gov/Archives/edgar/data/5513/000119312508100733/0001193125-08-100733-index.htm",
        "finalLink": "https://www.sec.gov/Archives/edgar/data/5513/000119312508100733/d10q.htm"
    },
    {
        "date": "2007-12-31",
        "symbol": "UNM",
        "reportedCurrency": "USD",
        "cik": "0000005513",
        "fillingDate": "2008-02-25",
        "acceptedDate": "2008-02-25 16:14:39",
        "calendarYear": "2007",
        "period": "Q4",
        "revenue": 2643500000,
        "costOfRevenue": -7612200000,
        "grossProfit": 10255700000,
        "grossProfitRatio": 3.8795914507,
        "researchAndDevelopmentExpenses": 0,
        "generalAndAdministrativeExpenses": 191800000,
        "sellingAndMarketingExpenses": 0,
        "sellingGeneralAndAdministrativeExpenses": 191800000,
        "otherExpenses": 10113900000,
        "operatingExpenses": 9583300000,
        "costAndExpenses": 2418100000,
        "interestIncome": 0,
        "interestExpense": 48800000,
        "depreciationAndAmortization": 17600000,
        "ebitda": 291800000,
        "ebitdaratio": 0.1103839607,
        "operatingIncome": 672400000,
        "operatingIncomeRatio": 0.2543597503,
        "totalOtherIncomeExpensesNet": -447000000,
        "incomeBeforeTax": 225400000,
        "incomeBeforeTaxRatio": 0.0852657462,
        "incomeTaxExpense": 64900000,
        "netIncome": 160500000,
        "netIncomeRatio": 0.0607149612,
        "eps": 0.46,
        "epsdiluted": 0.45,
        "weightedAverageShsOut": 347021277,
        "weightedAverageShsOutDil": 354565217,
        "link": "https://www.sec.gov/Archives/edgar/data/5513/000119312508037458/0001193125-08-037458-index.htm",
        "finalLink": "https://www.sec.gov/Archives/edgar/data/5513/000119312508037458/d10k.htm"
    },
    {
        "date": "2007-09-30",
        "symbol": "UNM",
        "reportedCurrency": "USD",
        "cik": "0000005513",
        "fillingDate": "2007-11-05",
        "acceptedDate": "2007-11-05 14:02:45",
        "calendarYear": "2007",
        "period": "Q3",
        "revenue": 2610200000,
        "costOfRevenue": 0,
        "grossProfit": 2610200000,
        "grossProfitRatio": 1,
        "researchAndDevelopmentExpenses": 0,
        "generalAndAdministrativeExpenses": 179900000,
        "sellingAndMarketingExpenses": 0,
        "sellingGeneralAndAdministrativeExpenses": 179900000,
        "otherExpenses": -2603100000,
        "operatingExpenses": -2423200000,
        "costAndExpenses": 2331200000,
        "interestIncome": 0,
        "interestExpense": 43900000,
        "depreciationAndAmortization": 16200000,
        "ebitda": 339100000,
        "ebitdaratio": 0.1299134166,
        "operatingIncome": 187000000,
        "operatingIncomeRatio": 0.0716420198,
        "totalOtherIncomeExpensesNet": 0,
        "incomeBeforeTax": 279000000,
        "incomeBeforeTaxRatio": 0.106888361,
        "incomeTaxExpense": 92000000,
        "netIncome": 187000000,
        "netIncomeRatio": 0.0716420198,
        "eps": 0.52,
        "epsdiluted": 0.52,
        "weightedAverageShsOut": 359741200,
        "weightedAverageShsOutDil": 359741200,
        "link": "https://www.sec.gov/Archives/edgar/data/5513/000119312507234850/0001193125-07-234850-index.htm",
        "finalLink": "https://www.sec.gov/Archives/edgar/data/5513/000119312507234850/d10q.htm"
    },
    {
        "date": "2007-06-30",
        "symbol": "UNM",
        "reportedCurrency": "USD",
        "cik": "0000005513",
        "fillingDate": "2007-08-07",
        "acceptedDate": "2007-08-07 17:00:52",
        "calendarYear": "2007",
        "period": "Q2",
        "revenue": 2665600000,
        "costOfRevenue": 78400000,
        "grossProfit": 2587200000,
        "grossProfitRatio": 0.9705882353,
        "researchAndDevelopmentExpenses": 0,
        "generalAndAdministrativeExpenses": 177400000,
        "sellingAndMarketingExpenses": 0,
        "sellingGeneralAndAdministrativeExpenses": 177400000,
        "otherExpenses": 0,
        "operatingExpenses": 2433700000,
        "costAndExpenses": 2432700000,
        "interestIncome": 0,
        "interestExpense": 44500000,
        "depreciationAndAmortization": 15500000,
        "ebitda": 292900000,
        "ebitdaratio": 0.1098814526,
        "operatingIncome": 153500000,
        "operatingIncomeRatio": 0.0575855342,
        "totalOtherIncomeExpensesNet": 232900000,
        "incomeBeforeTax": 232900000,
        "incomeBeforeTaxRatio": 0.087372449,
        "incomeTaxExpense": 79400000,
        "netIncome": 153500000,
        "netIncomeRatio": 0.0575855342,
        "eps": 0.44,
        "epsdiluted": 0.43,
        "weightedAverageShsOut": 350843800,
        "weightedAverageShsOutDil": 354837400,
        "link": "https://www.sec.gov/Archives/edgar/data/5513/000119312507173846/0001193125-07-173846-index.htm",
        "finalLink": "https://www.sec.gov/Archives/edgar/data/5513/000119312507173846/d10q.htm"
    },
    {
        "date": "2007-03-31",
        "symbol": "UNM",
        "reportedCurrency": "USD",
        "cik": "0000005513",
        "fillingDate": "2007-05-07",
        "acceptedDate": "2007-05-07 16:19:06",
        "calendarYear": "2007",
        "period": "Q1",
        "revenue": 2600600000,
        "costOfRevenue": 39200000,
        "grossProfit": 2561400000,
        "grossProfitRatio": 0.9849265554,
        "researchAndDevelopmentExpenses": 0,
        "generalAndAdministrativeExpenses": 173300000,
        "sellingAndMarketingExpenses": 0,
        "sellingGeneralAndAdministrativeExpenses": 173300000,
        "otherExpenses": 0,
        "operatingExpenses": 2390000000,
        "costAndExpenses": 2340700000,
        "interestIncome": 0,
        "interestExpense": 45900000,
        "depreciationAndAmortization": 16900000,
        "ebitda": 171400000,
        "ebitdaratio": 0.0659078674,
        "operatingIncome": 171400000,
        "operatingIncomeRatio": 0.0659078674,
        "totalOtherIncomeExpensesNet": 259900000,
        "incomeBeforeTax": 259900000,
        "incomeBeforeTaxRatio": 0.0999384757,
        "incomeTaxExpense": 88500000,
        "netIncome": 178300000,
        "netIncomeRatio": 0.0685611013,
        "eps": 0.52,
        "epsdiluted": 0.51,
        "weightedAverageShsOut": 342884615,
        "weightedAverageShsOutDil": 349607843,
        "link": "https://www.sec.gov/Archives/edgar/data/5513/000119312507104333/0001193125-07-104333-index.htm",
        "finalLink": "https://www.sec.gov/Archives/edgar/data/5513/000119312507104333/d10q.htm"
    },
    {
        "date": "2006-12-31",
        "symbol": "UNM",
        "reportedCurrency": "USD",
        "cik": "0000005513",
        "fillingDate": "2007-03-01",
        "acceptedDate": "2007-02-28 19:43:59",
        "calendarYear": "2006",
        "period": "Q4",
        "revenue": 2558400000,
        "costOfRevenue": -7159700000,
        "grossProfit": 9718100000,
        "grossProfitRatio": 3.7985068793,
        "researchAndDevelopmentExpenses": 0,
        "generalAndAdministrativeExpenses": 103400000,
        "sellingAndMarketingExpenses": 0,
        "sellingGeneralAndAdministrativeExpenses": 103400000,
        "otherExpenses": 9891600000,
        "operatingExpenses": 9314500000,
        "costAndExpenses": 2302300000,
        "interestIncome": 0,
        "interestExpense": 45800000,
        "depreciationAndAmortization": 22000000,
        "ebitda": 238100000,
        "ebitdaratio": 0.0930659787,
        "operatingIncome": 403600000,
        "operatingIncomeRatio": 0.1577548468,
        "totalOtherIncomeExpensesNet": -147500000,
        "incomeBeforeTax": 256100000,
        "incomeBeforeTaxRatio": 0.100101626,
        "incomeTaxExpense": -12600000,
        "netIncome": 276100000,
        "netIncomeRatio": 0.1079190119,
        "eps": 0.81,
        "epsdiluted": 0.79,
        "weightedAverageShsOut": 342884615,
        "weightedAverageShsOutDil": 349607843,
        "link": "https://www.sec.gov/Archives/edgar/data/5513/000119312507043039/0001193125-07-043039-index.htm",
        "finalLink": "https://www.sec.gov/Archives/edgar/data/5513/000119312507043039/d10k.htm"
    },
    {
        "date": "2006-09-30",
        "symbol": "UNM",
        "reportedCurrency": "USD",
        "cik": "0000005513",
        "fillingDate": "2006-11-07",
        "acceptedDate": "2006-11-07 17:24:11",
        "calendarYear": "2006",
        "period": "Q3",
        "revenue": 2663000000,
        "costOfRevenue": 250800000,
        "grossProfit": 2412200000,
        "grossProfitRatio": 0.9058205032,
        "researchAndDevelopmentExpenses": 0,
        "generalAndAdministrativeExpenses": 193900000,
        "sellingAndMarketingExpenses": 0,
        "sellingGeneralAndAdministrativeExpenses": 193900000,
        "otherExpenses": -2656500000,
        "operatingExpenses": -2462600000,
        "costAndExpenses": 2757600000,
        "interestIncome": 0,
        "interestExpense": 44200000,
        "depreciationAndAmortization": 20600000,
        "ebitda": -28700000,
        "ebitdaratio": -0.0107773188,
        "operatingIncome": -50400000,
        "operatingIncomeRatio": -0.0189260233,
        "totalOtherIncomeExpensesNet": -97400000,
        "incomeBeforeTax": -94600000,
        "incomeBeforeTaxRatio": -0.0355238453,
        "incomeTaxExpense": -30900000,
        "netIncome": -63700000,
        "netIncomeRatio": -0.0239203905,
        "eps": -0.19,
        "epsdiluted": -0.19,
        "weightedAverageShsOut": 335263158,
        "weightedAverageShsOutDil": 335263158,
        "link": "https://www.sec.gov/Archives/edgar/data/5513/000119312506226870/0001193125-06-226870-index.htm",
        "finalLink": "https://www.sec.gov/Archives/edgar/data/5513/000119312506226870/d10q.htm"
    },
    {
        "date": "2006-06-30",
        "symbol": "UNM",
        "reportedCurrency": "USD",
        "cik": "0000005513",
        "fillingDate": "2006-08-07",
        "acceptedDate": "2006-08-07 14:18:02",
        "calendarYear": "2006",
        "period": "Q2",
        "revenue": 2668000000,
        "costOfRevenue": 270600000,
        "grossProfit": 2397400000,
        "grossProfitRatio": 0.8985757121,
        "researchAndDevelopmentExpenses": 0,
        "generalAndAdministrativeExpenses": 205300000,
        "sellingAndMarketingExpenses": 0,
        "sellingGeneralAndAdministrativeExpenses": 205300000,
        "otherExpenses": -2361100000,
        "operatingExpenses": -2155800000,
        "costAndExpenses": 2475100000,
        "interestIncome": 0,
        "interestExpense": 48700000,
        "depreciationAndAmortization": 19100000,
        "ebitda": 257400000,
        "ebitdaratio": 0.0964767616,
        "operatingIncome": 241600000,
        "operatingIncomeRatio": 0.0905547226,
        "totalOtherIncomeExpensesNet": 189600000,
        "incomeBeforeTax": 192900000,
        "incomeBeforeTaxRatio": 0.0723013493,
        "incomeTaxExpense": 67700000,
        "netIncome": 125200000,
        "netIncomeRatio": 0.0469265367,
        "eps": 0.39,
        "epsdiluted": 0.38,
        "weightedAverageShsOut": 321025641,
        "weightedAverageShsOutDil": 329473684,
        "link": "https://www.sec.gov/Archives/edgar/data/5513/000119312506163525/0001193125-06-163525-index.htm",
        "finalLink": "https://www.sec.gov/Archives/edgar/data/5513/000119312506163525/d10q.htm"
    },
    {
        "date": "2006-03-31",
        "symbol": "UNM",
        "reportedCurrency": "USD",
        "cik": "0000005513",
        "fillingDate": "2006-05-08",
        "acceptedDate": "2006-05-08 14:08:45",
        "calendarYear": "2006",
        "period": "Q1",
        "revenue": 2645900000,
        "costOfRevenue": 234400000,
        "grossProfit": 2411500000,
        "grossProfitRatio": 0.9114101062,
        "researchAndDevelopmentExpenses": 0,
        "generalAndAdministrativeExpenses": 177900000,
        "sellingAndMarketingExpenses": 0,
        "sellingGeneralAndAdministrativeExpenses": 177900000,
        "otherExpenses": -2420000000,
        "operatingExpenses": -2242100000,
        "costAndExpenses": 2534900000,
        "interestIncome": 0,
        "interestExpense": 58400000,
        "depreciationAndAmortization": 18800000,
        "ebitda": 179500000,
        "ebitdaratio": 0.0678408103,
        "operatingIncome": 169400000,
        "operatingIncomeRatio": 0.0640235837,
        "totalOtherIncomeExpensesNet": 107600000,
        "incomeBeforeTax": 111000000,
        "incomeBeforeTaxRatio": 0.0419516989,
        "incomeTaxExpense": 37600000,
        "netIncome": 73400000,
        "netIncomeRatio": 0.0277410333,
        "eps": 0.25,
        "epsdiluted": 0.23,
        "weightedAverageShsOut": 293600000,
        "weightedAverageShsOutDil": 319130435,
        "link": "https://www.sec.gov/Archives/edgar/data/5513/000119312506103260/0001193125-06-103260-index.htm",
        "finalLink": "https://www.sec.gov/Archives/edgar/data/5513/000119312506103260/d10q.htm"
    },
    {
        "date": "2005-12-31",
        "symbol": "UNM",
        "reportedCurrency": "USD",
        "cik": "0000005513",
        "fillingDate": "2006-03-03",
        "acceptedDate": "2006-03-03 13:15:59",
        "calendarYear": "2005",
        "period": "Q4",
        "revenue": 2664700000,
        "costOfRevenue": -6854100000,
        "grossProfit": 9518800000,
        "grossProfitRatio": 3.5721844861,
        "researchAndDevelopmentExpenses": 0,
        "generalAndAdministrativeExpenses": 188600000,
        "sellingAndMarketingExpenses": 0,
        "sellingGeneralAndAdministrativeExpenses": 188600000,
        "otherExpenses": 162600000,
        "operatingExpenses": -402700000,
        "costAndExpenses": 2470800000,
        "interestIncome": 0,
        "interestExpense": 52500000,
        "depreciationAndAmortization": -322600000,
        "ebitda": -76200000,
        "ebitdaratio": -0.0285960896,
        "operatingIncome": 9921500000,
        "operatingIncomeRatio": 3.72330844,
        "totalOtherIncomeExpensesNet": -9727600000,
        "incomeBeforeTax": 193900000,
        "incomeBeforeTaxRatio": 0.072766165,
        "incomeTaxExpense": 56400000,
        "netIncome": 137500000,
        "netIncomeRatio": 0.0516005554,
        "eps": 0.47,
        "epsdiluted": 0.43,
        "weightedAverageShsOut": 293600000,
        "weightedAverageShsOutDil": 319130435,
        "link": "https://www.sec.gov/Archives/edgar/data/5513/000119312506044828/0001193125-06-044828-index.htm",
        "finalLink": "https://www.sec.gov/Archives/edgar/data/5513/000119312506044828/d10k.htm"
    },
    {
        "date": "2005-09-30",
        "symbol": "UNM",
        "reportedCurrency": "USD",
        "cik": "0000005513",
        "fillingDate": "2005-11-07",
        "acceptedDate": "2005-11-07 17:01:54",
        "calendarYear": "2005",
        "period": "Q3",
        "revenue": 2543900000,
        "costOfRevenue": 237600000,
        "grossProfit": 2306300000,
        "grossProfitRatio": 0.9066001022,
        "researchAndDevelopmentExpenses": 0,
        "generalAndAdministrativeExpenses": 187700000,
        "sellingAndMarketingExpenses": 0,
        "sellingGeneralAndAdministrativeExpenses": 187700000,
        "otherExpenses": 0,
        "operatingExpenses": 2253700000,
        "costAndExpenses": 2475600000,
        "interestIncome": 0,
        "interestExpense": 49800000,
        "depreciationAndAmortization": 133000000,
        "ebitda": 251100000,
        "ebitdaratio": 0.0987067102,
        "operatingIncome": 52600000,
        "operatingIncomeRatio": 0.0206769134,
        "totalOtherIncomeExpensesNet": 15700000,
        "incomeBeforeTax": 68300000,
        "incomeBeforeTaxRatio": 0.0268485396,
        "incomeTaxExpense": 15700000,
        "netIncome": 52600000,
        "netIncomeRatio": 0.0206769134,
        "eps": 0.18,
        "epsdiluted": 0.17,
        "weightedAverageShsOut": 292222222,
        "weightedAverageShsOutDil": 309411765,
        "link": "https://www.sec.gov/Archives/edgar/data/5513/000119312505218326/0001193125-05-218326-index.htm",
        "finalLink": "https://www.sec.gov/Archives/edgar/data/5513/000119312505218326/d10q.htm"
    },
    {
        "date": "2005-06-30",
        "symbol": "UNM",
        "reportedCurrency": "USD",
        "cik": "0000005513",
        "fillingDate": "2005-08-08",
        "acceptedDate": "2005-08-08 12:10:07",
        "calendarYear": "2005",
        "period": "Q2",
        "revenue": 2656700000,
        "costOfRevenue": 224400000,
        "grossProfit": 2432300000,
        "grossProfitRatio": 0.9155343095,
        "researchAndDevelopmentExpenses": 0,
        "generalAndAdministrativeExpenses": 192800000,
        "sellingAndMarketingExpenses": 0,
        "sellingGeneralAndAdministrativeExpenses": 192800000,
        "otherExpenses": 0,
        "operatingExpenses": 2261000000,
        "costAndExpenses": 2390900000,
        "interestIncome": 0,
        "interestExpense": 52900000,
        "depreciationAndAmortization": 141100000,
        "ebitda": 459800000,
        "ebitdaratio": 0.1730718561,
        "operatingIncome": 171300000,
        "operatingIncomeRatio": 0.0644784884,
        "totalOtherIncomeExpensesNet": 94500000,
        "incomeBeforeTax": 265800000,
        "incomeBeforeTaxRatio": 0.1000489329,
        "incomeTaxExpense": 94500000,
        "netIncome": 171300000,
        "netIncomeRatio": 0.0644784884,
        "eps": 0.58,
        "epsdiluted": 0.55,
        "weightedAverageShsOut": 295344828,
        "weightedAverageShsOutDil": 311454545,
        "link": "https://www.sec.gov/Archives/edgar/data/5513/000119312505160289/0001193125-05-160289-index.htm",
        "finalLink": "https://www.sec.gov/Archives/edgar/data/5513/000119312505160289/d10q.htm"
    },
    {
        "date": "2005-03-31",
        "symbol": "UNM",
        "reportedCurrency": "USD",
        "cik": "0000005513",
        "fillingDate": "2005-05-09",
        "acceptedDate": "2005-05-09 14:45:06",
        "calendarYear": "2005",
        "period": "Q1",
        "revenue": 2571900000,
        "costOfRevenue": 224800000,
        "grossProfit": 2347100000,
        "grossProfitRatio": 0.9125938022,
        "researchAndDevelopmentExpenses": 0,
        "generalAndAdministrativeExpenses": 184800000,
        "sellingAndMarketingExpenses": 0,
        "sellingGeneralAndAdministrativeExpenses": 184800000,
        "otherExpenses": 0,
        "operatingExpenses": 2194900000,
        "costAndExpenses": 2390300000,
        "interestIncome": 0,
        "interestExpense": 52800000,
        "depreciationAndAmortization": 136300000,
        "ebitda": 370700000,
        "ebitdaratio": 0.1441346864,
        "operatingIncome": 152200000,
        "operatingIncomeRatio": 0.0591780396,
        "totalOtherIncomeExpensesNet": 29400000,
        "incomeBeforeTax": 181600000,
        "incomeBeforeTaxRatio": 0.0706092772,
        "incomeTaxExpense": 29400000,
        "netIncome": 152200000,
        "netIncomeRatio": 0.0591780396,
        "eps": 0.52,
        "epsdiluted": 0.49,
        "weightedAverageShsOut": 292692308,
        "weightedAverageShsOutDil": 310612245,
        "link": "https://www.sec.gov/Archives/edgar/data/5513/000119312505100669/0001193125-05-100669-index.htm",
        "finalLink": "https://www.sec.gov/Archives/edgar/data/5513/000119312505100669/d10q.htm"
    },
    {
        "date": "2004-12-31",
        "symbol": "UNM",
        "reportedCurrency": "USD",
        "cik": "0000005513",
        "fillingDate": "2005-03-14",
        "acceptedDate": "2005-03-14 17:13:51",
        "calendarYear": "2004",
        "period": "Q4",
        "revenue": 2676600000,
        "costOfRevenue": -6852900000,
        "grossProfit": 9529500000,
        "grossProfitRatio": 3.5603003811,
        "researchAndDevelopmentExpenses": 0,
        "generalAndAdministrativeExpenses": 184700000,
        "sellingAndMarketingExpenses": 0,
        "sellingGeneralAndAdministrativeExpenses": 184700000,
        "otherExpenses": 10145200000,
        "operatingExpenses": 9590300000,
        "costAndExpenses": 2533800000,
        "interestIncome": 0,
        "interestExpense": 53000000,
        "depreciationAndAmortization": -314100000,
        "ebitda": -138000000,
        "ebitdaratio": -0.0515579466,
        "operatingIncome": -60800000,
        "operatingIncomeRatio": -0.0227153852,
        "totalOtherIncomeExpensesNet": 203600000,
        "incomeBeforeTax": 142800000,
        "incomeBeforeTaxRatio": 0.0533512665,
        "incomeTaxExpense": 8300000,
        "netIncome": 134500000,
        "netIncomeRatio": 0.0502503176,
        "eps": 0.46,
        "epsdiluted": 0.43,
        "weightedAverageShsOut": 292692308,
        "weightedAverageShsOutDil": 310612245,
        "link": "https://www.sec.gov/Archives/edgar/data/5513/000119312505049609/0001193125-05-049609-index.htm",
        "finalLink": "https://www.sec.gov/Archives/edgar/data/5513/000119312505049609/d10k.htm"
    },
    {
        "date": "2004-09-30",
        "symbol": "UNM",
        "reportedCurrency": "USD",
        "cik": "0000005513",
        "fillingDate": "2004-11-05",
        "acceptedDate": "2004-11-05 17:15:18",
        "calendarYear": "2004",
        "period": "Q3",
        "revenue": 2655300000,
        "costOfRevenue": 217200000,
        "grossProfit": 2438100000,
        "grossProfitRatio": 0.9182013332,
        "researchAndDevelopmentExpenses": 0,
        "generalAndAdministrativeExpenses": 182100000,
        "sellingAndMarketingExpenses": 0,
        "sellingGeneralAndAdministrativeExpenses": 182100000,
        "otherExpenses": 0,
        "operatingExpenses": 2270500000,
        "costAndExpenses": 2399500000,
        "interestIncome": 0,
        "interestExpense": 53400000,
        "depreciationAndAmortization": 132000000,
        "ebitda": 441200000,
        "ebitdaratio": 0.1661582495,
        "operatingIncome": 167600000,
        "operatingIncomeRatio": 0.0631190449,
        "totalOtherIncomeExpensesNet": 88200000,
        "incomeBeforeTax": 255800000,
        "incomeBeforeTaxRatio": 0.0963356306,
        "incomeTaxExpense": 88200000,
        "netIncome": 167600000,
        "netIncomeRatio": 0.0631190449,
        "eps": 0.57,
        "epsdiluted": 0.55,
        "weightedAverageShsOut": 294035088,
        "weightedAverageShsOutDil": 304727273,
        "link": "https://www.sec.gov/Archives/edgar/data/5513/000119312504188017/0001193125-04-188017-index.htm",
        "finalLink": "https://www.sec.gov/Archives/edgar/data/5513/000119312504188017/d10q.htm"
    },
    {
        "date": "2004-06-30",
        "symbol": "UNM",
        "reportedCurrency": "USD",
        "cik": "0000005513",
        "fillingDate": "2004-08-05",
        "acceptedDate": "2004-08-05 15:18:02",
        "calendarYear": "2004",
        "period": "Q2",
        "revenue": 2509300000,
        "costOfRevenue": 222700000,
        "grossProfit": 2286600000,
        "grossProfitRatio": 0.9112501494,
        "researchAndDevelopmentExpenses": 0,
        "generalAndAdministrativeExpenses": 185100000,
        "sellingAndMarketingExpenses": 0,
        "sellingGeneralAndAdministrativeExpenses": 185100000,
        "otherExpenses": 0,
        "operatingExpenses": 2211600000,
        "costAndExpenses": 2397200000,
        "interestIncome": 0,
        "interestExpense": 51500000,
        "depreciationAndAmortization": 130500000,
        "ebitda": 75000000,
        "ebitdaratio": 0.0298888136,
        "operatingIncome": 75000000,
        "operatingIncomeRatio": 0.0298888136,
        "totalOtherIncomeExpensesNet": 37100000,
        "incomeBeforeTax": 112100000,
        "incomeBeforeTaxRatio": 0.0446738134,
        "incomeTaxExpense": 37100000,
        "netIncome": 7200000,
        "netIncomeRatio": 0.0028693261,
        "eps": 0.02,
        "epsdiluted": 0.02,
        "weightedAverageShsOut": 360000000,
        "weightedAverageShsOutDil": 360000000,
        "link": "https://www.sec.gov/Archives/edgar/data/5513/000119312504132556/0001193125-04-132556-index.htm",
        "finalLink": "https://www.sec.gov/Archives/edgar/data/5513/000119312504132556/d10q.htm"
    },
    {
        "date": "2004-03-31",
        "symbol": "UNM",
        "reportedCurrency": "USD",
        "cik": "0000005513",
        "fillingDate": "2004-05-06",
        "acceptedDate": "2004-05-06 16:52:59",
        "calendarYear": "2004",
        "period": "Q1",
        "revenue": 2623700000,
        "costOfRevenue": 235800000,
        "grossProfit": 2387900000,
        "grossProfitRatio": 0.91012692,
        "researchAndDevelopmentExpenses": 0,
        "generalAndAdministrativeExpenses": 187700000,
        "sellingAndMarketingExpenses": 0,
        "sellingGeneralAndAdministrativeExpenses": 187700000,
        "otherExpenses": 0,
        "operatingExpenses": 2957200000,
        "costAndExpenses": 3393900000,
        "interestIncome": 0,
        "interestExpense": 49200000,
        "depreciationAndAmortization": 132100000,
        "ebitda": -569300000,
        "ebitdaratio": -0.216983649,
        "operatingIncome": -569300000,
        "operatingIncomeRatio": -0.216983649,
        "totalOtherIncomeExpensesNet": -200900000,
        "incomeBeforeTax": -770200000,
        "incomeBeforeTaxRatio": -0.2935549034,
        "incomeTaxExpense": -200900000,
        "netIncome": -562300000,
        "netIncomeRatio": -0.2143156611,
        "eps": -1.91,
        "epsdiluted": -1.91,
        "weightedAverageShsOut": 294397906,
        "weightedAverageShsOutDil": 294397906,
        "link": "https://www.sec.gov/Archives/edgar/data/5513/000119312504080679/0001193125-04-080679-index.htm",
        "finalLink": "https://www.sec.gov/Archives/edgar/data/5513/000119312504080679/d10q.htm"
    },
    {
        "date": "2003-12-31",
        "symbol": "UNM",
        "reportedCurrency": "USD",
        "cik": "0000005513",
        "fillingDate": "2004-03-12",
        "acceptedDate": "2004-03-11 20:56:42",
        "calendarYear": "2003",
        "period": "Q4",
        "revenue": 2205700000,
        "costOfRevenue": -6868500000,
        "grossProfit": 9074200000,
        "grossProfitRatio": 4.1139774221,
        "researchAndDevelopmentExpenses": 0,
        "generalAndAdministrativeExpenses": 0,
        "sellingAndMarketingExpenses": 0,
        "sellingGeneralAndAdministrativeExpenses": 0,
        "otherExpenses": 9220000000,
        "operatingExpenses": 9220000000,
        "costAndExpenses": 2563400000,
        "interestIncome": 0,
        "interestExpense": 49800000,
        "depreciationAndAmortization": 330700000,
        "ebitda": -739000000,
        "ebitdaratio": -0.3350410301,
        "operatingIncome": -145800000,
        "operatingIncomeRatio": -0.0661014644,
        "totalOtherIncomeExpensesNet": -211900000,
        "incomeBeforeTax": -357700000,
        "incomeBeforeTaxRatio": -0.1621707394,
        "incomeTaxExpense": -132300000,
        "netIncome": -347200000,
        "netIncomeRatio": -0.1574103459,
        "eps": -1.18,
        "epsdiluted": -1.18,
        "weightedAverageShsOut": 294397906,
        "weightedAverageShsOutDil": 294397906,
        "link": "https://www.sec.gov/Archives/edgar/data/5513/000119312504039447/0001193125-04-039447-index.htm",
        "finalLink": "https://www.sec.gov/Archives/edgar/data/5513/000119312504039447/d10k.htm"
    },
    {
        "date": "2003-09-30",
        "symbol": "UNM",
        "reportedCurrency": "USD",
        "cik": "0000005513",
        "fillingDate": "2003-11-13",
        "acceptedDate": "2003-11-13 16:04:16",
        "calendarYear": "2003",
        "period": "Q3",
        "revenue": 2663200000,
        "costOfRevenue": 0,
        "grossProfit": 2663200000,
        "grossProfitRatio": 1,
        "researchAndDevelopmentExpenses": 0,
        "generalAndAdministrativeExpenses": 195400000,
        "sellingAndMarketingExpenses": 0,
        "sellingGeneralAndAdministrativeExpenses": 195400000,
        "otherExpenses": 437300000,
        "operatingExpenses": 437300000,
        "costAndExpenses": 2499300000,
        "interestIncome": 0,
        "interestExpense": 50000000,
        "depreciationAndAmortization": 144100000,
        "ebitda": 358000000,
        "ebitdaratio": 0.1344247522,
        "operatingIncome": 213900000,
        "operatingIncomeRatio": 0.080316912,
        "totalOtherIncomeExpensesNet": 147700000,
        "incomeBeforeTax": 163900000,
        "incomeBeforeTaxRatio": 0.0615425053,
        "incomeTaxExpense": 55200000,
        "netIncome": 108700000,
        "netIncomeRatio": 0.0408155602,
        "eps": 0.37,
        "epsdiluted": 0.36,
        "weightedAverageShsOut": 293783784,
        "weightedAverageShsOutDil": 301944444,
        "link": "https://www.sec.gov/Archives/edgar/data/5513/000119312503080121/0001193125-03-080121-index.htm",
        "finalLink": "https://www.sec.gov/Archives/edgar/data/5513/000119312503080121/d10q.htm"
    },
    {
        "date": "2003-06-30",
        "symbol": "UNM",
        "reportedCurrency": "USD",
        "cik": "0000005513",
        "fillingDate": "2003-08-13",
        "acceptedDate": "2003-08-13 16:30:08",
        "calendarYear": "2003",
        "period": "Q2",
        "revenue": 2634500000,
        "costOfRevenue": 0,
        "grossProfit": 2634500000,
        "grossProfitRatio": 1,
        "researchAndDevelopmentExpenses": 0,
        "generalAndAdministrativeExpenses": 192500000,
        "sellingAndMarketingExpenses": 0,
        "sellingGeneralAndAdministrativeExpenses": 192500000,
        "otherExpenses": 427400000,
        "operatingExpenses": 427400000,
        "costAndExpenses": 2490400000,
        "interestIncome": 0,
        "interestExpense": 45900000,
        "depreciationAndAmortization": 144500000,
        "ebitda": 334500000,
        "ebitdaratio": 0.1269690643,
        "operatingIncome": 190000000,
        "operatingIncomeRatio": 0.0721199469,
        "totalOtherIncomeExpensesNet": 137400000,
        "incomeBeforeTax": 144100000,
        "incomeBeforeTaxRatio": 0.054697286,
        "incomeTaxExpense": 45600000,
        "netIncome": 98500000,
        "netIncomeRatio": 0.0373884988,
        "eps": 0.36,
        "epsdiluted": 0.36,
        "weightedAverageShsOut": 273611111,
        "weightedAverageShsOutDil": 273611111,
        "link": "https://www.sec.gov/Archives/edgar/data/5513/000119312503036008/0001193125-03-036008-index.htm",
        "finalLink": "https://www.sec.gov/Archives/edgar/data/5513/000119312503036008/d10q.htm"
    },
    {
        "date": "2003-03-31",
        "symbol": "UNM",
        "reportedCurrency": "USD",
        "cik": "0000005513",
        "fillingDate": "2003-05-14",
        "acceptedDate": "2003-05-14 16:47:14",
        "calendarYear": "2003",
        "period": "Q1",
        "revenue": 2488200000,
        "costOfRevenue": 0,
        "grossProfit": 2488200000,
        "grossProfitRatio": 1,
        "researchAndDevelopmentExpenses": 0,
        "generalAndAdministrativeExpenses": 190600000,
        "sellingAndMarketingExpenses": 0,
        "sellingGeneralAndAdministrativeExpenses": 190600000,
        "otherExpenses": 440200000,
        "operatingExpenses": 440200000,
        "costAndExpenses": 2873700000,
        "interestIncome": 0,
        "interestExpense": 41500000,
        "depreciationAndAmortization": 142500000,
        "ebitda": -205500000,
        "ebitdaratio": -0.082589824,
        "operatingIncome": -344000000,
        "operatingIncomeRatio": -0.138252552,
        "totalOtherIncomeExpensesNet": -389500000,
        "incomeBeforeTax": -385500000,
        "incomeBeforeTaxRatio": -0.1549312756,
        "incomeTaxExpense": -139100000,
        "netIncome": -246400000,
        "netIncomeRatio": -0.0990274094,
        "eps": -1.02,
        "epsdiluted": -1.02,
        "weightedAverageShsOut": 241568627,
        "weightedAverageShsOutDil": 241568627,
        "link": "https://www.sec.gov/Archives/edgar/data/5513/000093176303001608/0000931763-03-001608-index.htm",
        "finalLink": "https://www.sec.gov/Archives/edgar/data/5513/000093176303001608/d10q.htm"
    },
    {
        "date": "2002-12-31",
        "symbol": "UNM",
        "reportedCurrency": "USD",
        "cik": "0000005513",
        "fillingDate": "2003-03-31",
        "acceptedDate": "2003-03-31 10:16:40",
        "calendarYear": "2002",
        "period": "Q4",
        "revenue": 2471300000,
        "costOfRevenue": 1633100000,
        "grossProfit": 838200000,
        "grossProfitRatio": 0.3391737142,
        "researchAndDevelopmentExpenses": 0,
        "generalAndAdministrativeExpenses": 0,
        "sellingAndMarketingExpenses": 0,
        "sellingGeneralAndAdministrativeExpenses": 0,
        "otherExpenses": 0,
        "operatingExpenses": -8356300000,
        "costAndExpenses": 2278900000,
        "interestIncome": 0,
        "interestExpense": 42400000,
        "depreciationAndAmortization": 9600000,
        "ebitda": 202300000,
        "ebitdaratio": 0.0818597499,
        "operatingIncome": 9194500000,
        "operatingIncomeRatio": 3.7205114717,
        "totalOtherIncomeExpensesNet": -9002100000,
        "incomeBeforeTax": 192400000,
        "incomeBeforeTaxRatio": 0.0778537612,
        "incomeTaxExpense": 63900000,
        "netIncome": 128500000,
        "netIncomeRatio": 0.0519969247,
        "eps": 0.53,
        "epsdiluted": 0.53,
        "weightedAverageShsOut": 238731035,
        "weightedAverageShsOutDil": 241568627,
        "link": "https://www.sec.gov/Archives/edgar/data/5513/000093176303000772/0000931763-03-000772-index.htm",
        "finalLink": "https://www.sec.gov/Archives/edgar/data/5513/000093176303000772/d10k.htm"
    },
    {
        "date": "2002-09-30",
        "symbol": "UNM",
        "reportedCurrency": "USD",
        "cik": "0000005513",
        "fillingDate": "2002-11-13",
        "acceptedDate": "2002-11-13 17:10:08",
        "calendarYear": "2002",
        "period": "Q3",
        "revenue": 2443600000,
        "costOfRevenue": 400900000,
        "grossProfit": 2042700000,
        "grossProfitRatio": 0.8359387789,
        "researchAndDevelopmentExpenses": 0,
        "generalAndAdministrativeExpenses": 0,
        "sellingAndMarketingExpenses": 0,
        "sellingGeneralAndAdministrativeExpenses": 0,
        "otherExpenses": -1831000000,
        "operatingExpenses": -1831000000,
        "costAndExpenses": 2274800000,
        "interestIncome": 0,
        "interestExpense": 42900000,
        "depreciationAndAmortization": 11100000,
        "ebitda": 54000000,
        "ebitdaratio": 0.0220985431,
        "operatingIncome": 211700000,
        "operatingIncomeRatio": 0.0866344737,
        "totalOtherIncomeExpensesNet": 99000000,
        "incomeBeforeTax": 168800000,
        "incomeBeforeTaxRatio": 0.0690784089,
        "incomeTaxExpense": 59600000,
        "netIncome": 113400000,
        "netIncomeRatio": 0.0464069406,
        "eps": 0.47,
        "epsdiluted": 0.47,
        "weightedAverageShsOut": 241453800,
        "weightedAverageShsOutDil": 242276600,
        "link": "https://www.sec.gov/Archives/edgar/data/5513/000093176302003445/0000931763-02-003445-index.htm",
        "finalLink": "https://www.sec.gov/Archives/edgar/data/5513/000093176302003445/d10q.htm"
    },
    {
        "date": "2002-06-30",
        "symbol": "UNM",
        "reportedCurrency": "USD",
        "cik": "0000005513",
        "fillingDate": "2002-08-13",
        "acceptedDate": "2002-08-13 15:37:58",
        "calendarYear": "2002",
        "period": "Q2",
        "revenue": 2400200000,
        "costOfRevenue": 415100000,
        "grossProfit": 1985100000,
        "grossProfitRatio": 0.8270560787,
        "researchAndDevelopmentExpenses": 0,
        "generalAndAdministrativeExpenses": 0,
        "sellingAndMarketingExpenses": 0,
        "sellingGeneralAndAdministrativeExpenses": 0,
        "otherExpenses": -1799800000,
        "operatingExpenses": -1799800000,
        "costAndExpenses": 2253600000,
        "interestIncome": 0,
        "interestExpense": 38700000,
        "depreciationAndAmortization": 11100000,
        "ebitda": 196400000,
        "ebitdaratio": 0.0818265145,
        "operatingIncome": 185300000,
        "operatingIncomeRatio": 0.0772018998,
        "totalOtherIncomeExpensesNet": 105300000,
        "incomeBeforeTax": 146600000,
        "incomeBeforeTaxRatio": 0.0610782435,
        "incomeTaxExpense": 49800000,
        "netIncome": 97700000,
        "netIncomeRatio": 0.0407049413,
        "eps": 0.4,
        "epsdiluted": 0.4,
        "weightedAverageShsOut": 242540800,
        "weightedAverageShsOutDil": 243772900,
        "link": "https://www.sec.gov/Archives/edgar/data/5513/000095016802002296/0000950168-02-002296-index.htm",
        "finalLink": "https://www.sec.gov/Archives/edgar/data/5513/000095016802002296/d10q.htm"
    },
    {
        "date": "2002-03-31",
        "symbol": "UNM",
        "reportedCurrency": "USD",
        "cik": "0000005513",
        "fillingDate": "2002-05-14",
        "acceptedDate": "2002-05-13 17:33:24",
        "calendarYear": "2002",
        "period": "Q1",
        "revenue": 2297900000,
        "costOfRevenue": 407500000,
        "grossProfit": 1890400000,
        "grossProfitRatio": 0.8226641716,
        "researchAndDevelopmentExpenses": 0,
        "generalAndAdministrativeExpenses": 0,
        "sellingAndMarketingExpenses": 0,
        "sellingGeneralAndAdministrativeExpenses": 0,
        "otherExpenses": -1748900000,
        "operatingExpenses": -1748900000,
        "costAndExpenses": 2194800000,
        "interestIncome": 0,
        "interestExpense": 38400000,
        "depreciationAndAmortization": 10300000,
        "ebitda": 151800000,
        "ebitdaratio": 0.0660603159,
        "operatingIncome": 141500000,
        "operatingIncomeRatio": 0.0615779625,
        "totalOtherIncomeExpensesNet": 90900000,
        "incomeBeforeTax": 103100000,
        "incomeBeforeTaxRatio": 0.0448670525,
        "incomeTaxExpense": 29300000,
        "netIncome": 87900000,
        "netIncomeRatio": 0.0382523173,
        "eps": 0.36,
        "epsdiluted": 0.36,
        "weightedAverageShsOut": 242597300,
        "weightedAverageShsOutDil": 244119600,
        "link": "https://www.sec.gov/Archives/edgar/data/5513/000093176302001727/0000931763-02-001727-index.htm",
        "finalLink": "https://www.sec.gov/Archives/edgar/data/5513/000093176302001727/d10q.htm"
    },
    {
        "date": "2001-12-31",
        "symbol": "UNM",
        "reportedCurrency": "USD",
        "cik": "0000005513",
        "fillingDate": "2002-03-28",
        "acceptedDate": "2002-03-28 00:00:00",
        "calendarYear": "2001",
        "period": "Q4",
        "revenue": 2313500000,
        "costOfRevenue": 0,
        "grossProfit": 2313500000,
        "grossProfitRatio": 1,
        "researchAndDevelopmentExpenses": 0,
        "generalAndAdministrativeExpenses": 0,
        "sellingAndMarketingExpenses": 0,
        "sellingGeneralAndAdministrativeExpenses": 0,
        "otherExpenses": -2079400000,
        "operatingExpenses": -2079400000,
        "costAndExpenses": 2118000000,
        "interestIncome": 0,
        "interestExpense": 41500000,
        "depreciationAndAmortization": 21300000,
        "ebitda": 255400000,
        "ebitdaratio": 0.1103955046,
        "operatingIncome": 234100000,
        "operatingIncomeRatio": 0.1011886752,
        "totalOtherIncomeExpensesNet": 195500000,
        "incomeBeforeTax": 195500000,
        "incomeBeforeTaxRatio": 0.0845039983,
        "incomeTaxExpense": 68600000,
        "netIncome": 124000000,
        "netIncomeRatio": 0.0535984439,
        "eps": 0.5,
        "epsdiluted": 0.5,
        "weightedAverageShsOut": 240045593,
        "weightedAverageShsOutDil": 246000000,
        "link": "https://www.sec.gov/Archives/edgar/data/5513/000093176302000948/0000931763-02-000948-index.htm",
        "finalLink": "https://www.sec.gov/Archives/edgar/data/5513/000093176302000948/d10k.txt"
    },
    {
        "date": "2001-09-30",
        "symbol": "UNM",
        "reportedCurrency": "USD",
        "cik": "0000005513",
        "fillingDate": "2001-11-14",
        "acceptedDate": "2001-11-14 00:00:00",
        "calendarYear": "2001",
        "period": "Q3",
        "revenue": 2377400000,
        "costOfRevenue": 0,
        "grossProfit": 2377400000,
        "grossProfitRatio": 1,
        "researchAndDevelopmentExpenses": 0,
        "generalAndAdministrativeExpenses": 0,
        "sellingAndMarketingExpenses": 0,
        "sellingGeneralAndAdministrativeExpenses": 0,
        "otherExpenses": -2143100000,
        "operatingExpenses": -2143100000,
        "costAndExpenses": 2184200000,
        "interestIncome": 0,
        "interestExpense": 41100000,
        "depreciationAndAmortization": 17900000,
        "ebitda": 252200000,
        "ebitdaratio": 0.1060822748,
        "operatingIncome": 234300000,
        "operatingIncomeRatio": 0.0985530411,
        "totalOtherIncomeExpensesNet": 193200000,
        "incomeBeforeTax": 193200000,
        "incomeBeforeTaxRatio": 0.0812652477,
        "incomeTaxExpense": 66100000,
        "netIncome": 127100000,
        "netIncomeRatio": 0.053461765,
        "eps": 0.53,
        "epsdiluted": 0.52,
        "weightedAverageShsOut": 239811321,
        "weightedAverageShsOutDil": 244423077,
        "link": "https://www.sec.gov/Archives/edgar/data/5513/000093176301502105/0000931763-01-502105-index.htm",
        "finalLink": "https://www.sec.gov/Archives/edgar/data/5513/000093176301502105/d10q.txt"
    },
    {
        "date": "2001-06-30",
        "symbol": "UNM",
        "reportedCurrency": "USD",
        "cik": "0000005513",
        "fillingDate": "2001-08-10",
        "acceptedDate": "2001-08-10 00:00:00",
        "calendarYear": "2001",
        "period": "Q2",
        "revenue": 2363000000,
        "costOfRevenue": 0,
        "grossProfit": 2363000000,
        "grossProfitRatio": 1,
        "researchAndDevelopmentExpenses": 0,
        "generalAndAdministrativeExpenses": 0,
        "sellingAndMarketingExpenses": 0,
        "sellingGeneralAndAdministrativeExpenses": 0,
        "otherExpenses": -2107900000,
        "operatingExpenses": -2107900000,
        "costAndExpenses": 2152100000,
        "interestIncome": 0,
        "interestExpense": 44200000,
        "depreciationAndAmortization": 18100000,
        "ebitda": 62300000,
        "ebitdaratio": 0.0263647905,
        "operatingIncome": 255100000,
        "operatingIncomeRatio": 0.1079559882,
        "totalOtherIncomeExpensesNet": 94700000,
        "incomeBeforeTax": 210900000,
        "incomeBeforeTaxRatio": 0.0892509522,
        "incomeTaxExpense": 64800000,
        "netIncome": 146100000,
        "netIncomeRatio": 0.0618281845,
        "eps": 0.6,
        "epsdiluted": 0.6,
        "weightedAverageShsOut": 241720500,
        "weightedAverageShsOutDil": 244009000,
        "link": "https://www.sec.gov/Archives/edgar/data/5513/000093176301501367/0000931763-01-501367-index.htm",
        "finalLink": "https://www.sec.gov/Archives/edgar/data/5513/000093176301501367/d10q.txt"
    },
    {
        "date": "2001-03-31",
        "symbol": "UNM",
        "reportedCurrency": "USD",
        "cik": "0000005513",
        "fillingDate": "2001-05-11",
        "acceptedDate": "2001-05-11 00:00:00",
        "calendarYear": "2001",
        "period": "Q1",
        "revenue": 2340900000,
        "costOfRevenue": 0,
        "grossProfit": 2340900000,
        "grossProfitRatio": 1,
        "researchAndDevelopmentExpenses": 0,
        "generalAndAdministrativeExpenses": 0,
        "sellingAndMarketingExpenses": 0,
        "sellingGeneralAndAdministrativeExpenses": 0,
        "otherExpenses": -2072600000,
        "operatingExpenses": -2072600000,
        "costAndExpenses": 2115400000,
        "interestIncome": 0,
        "interestExpense": 42800000,
        "depreciationAndAmortization": 17700000,
        "ebitda": 286000000,
        "ebitdaratio": 0.1221752317,
        "operatingIncome": 268300000,
        "operatingIncomeRatio": 0.1146140373,
        "totalOtherIncomeExpensesNet": 225500000,
        "incomeBeforeTax": 225500000,
        "incomeBeforeTaxRatio": 0.0963304712,
        "incomeTaxExpense": 43500000,
        "netIncome": 182000000,
        "netIncomeRatio": 0.0777478747,
        "eps": 0.75,
        "epsdiluted": 0.75,
        "weightedAverageShsOut": 242666667,
        "weightedAverageShsOutDil": 242666667,
        "link": "https://www.sec.gov/Archives/edgar/data/5513/000093176301500560/0000931763-01-500560-index.htm",
        "finalLink": "https://www.sec.gov/Archives/edgar/data/5513/000093176301500560/d10q.txt"
    },
    {
        "date": "2000-12-31",
        "symbol": "UNM",
        "reportedCurrency": "USD",
        "cik": "0000005513",
        "fillingDate": "2001-03-28",
        "acceptedDate": "2001-03-28 00:00:00",
        "calendarYear": "2000",
        "period": "Q4",
        "revenue": 2302800000,
        "costOfRevenue": 0,
        "grossProfit": 2302800000,
        "grossProfitRatio": 1,
        "researchAndDevelopmentExpenses": 0,
        "generalAndAdministrativeExpenses": 0,
        "sellingAndMarketingExpenses": 0,
        "sellingGeneralAndAdministrativeExpenses": 0,
        "otherExpenses": -2026100000,
        "operatingExpenses": -2026100000,
        "costAndExpenses": 2071700000,
        "interestIncome": 0,
        "interestExpense": 45600000,
        "depreciationAndAmortization": 14000000,
        "ebitda": 290700000,
        "ebitdaratio": 0.1262376238,
        "operatingIncome": 276700000,
        "operatingIncomeRatio": 0.1201580684,
        "totalOtherIncomeExpensesNet": 231100000,
        "incomeBeforeTax": 231100000,
        "incomeBeforeTaxRatio": 0.1003560882,
        "incomeTaxExpense": 81500000,
        "netIncome": 149600000,
        "netIncomeRatio": 0.0649643912,
        "eps": 0.62,
        "epsdiluted": 0.62,
        "weightedAverageShsOut": 239181894,
        "weightedAverageShsOutDil": 242666667,
        "link": "https://www.sec.gov/Archives/edgar/data/5513/000093176301000575/0000931763-01-000575-index.htm",
        "finalLink": "https://www.sec.gov/Archives/edgar/data/5513/000093176301000575/0000931763-01-000575-0001.txt"
    },
    {
        "date": "2000-09-30",
        "symbol": "UNM",
        "reportedCurrency": "USD",
        "cik": "0000005513",
        "fillingDate": "2000-11-14",
        "acceptedDate": "2000-11-14 00:00:00",
        "calendarYear": "2000",
        "period": "Q3",
        "revenue": 2311700000,
        "costOfRevenue": 0,
        "grossProfit": 2311700000,
        "grossProfitRatio": 1,
        "researchAndDevelopmentExpenses": 0,
        "generalAndAdministrativeExpenses": 0,
        "sellingAndMarketingExpenses": 0,
        "sellingGeneralAndAdministrativeExpenses": 0,
        "otherExpenses": -2056000000,
        "operatingExpenses": -2056000000,
        "costAndExpenses": 2103200000,
        "interestIncome": 0,
        "interestExpense": 47200000,
        "depreciationAndAmortization": 18800000,
        "ebitda": 274500000,
        "ebitdaratio": 0.1187437816,
        "operatingIncome": 255700000,
        "operatingIncomeRatio": 0.1106112385,
        "totalOtherIncomeExpensesNet": 208500000,
        "incomeBeforeTax": 208500000,
        "incomeBeforeTaxRatio": 0.0901933642,
        "incomeTaxExpense": 71500000,
        "netIncome": 137000000,
        "netIncomeRatio": 0.0592637453,
        "eps": 0.57,
        "epsdiluted": 0.57,
        "weightedAverageShsOut": 240350877,
        "weightedAverageShsOutDil": 240350877,
        "link": "https://www.sec.gov/Archives/edgar/data/5513/000093176300002534/0000931763-00-002534-index.htm",
        "finalLink": "https://www.sec.gov/Archives/edgar/data/5513/000093176300002534/0000931763-00-002534-0001.txt"
    },
    {
        "date": "2000-06-30",
        "symbol": "UNM",
        "reportedCurrency": "USD",
        "cik": "0000005513",
        "fillingDate": "2000-08-11",
        "acceptedDate": "2000-08-11 00:00:00",
        "calendarYear": "2000",
        "period": "Q2",
        "revenue": 2423700000,
        "costOfRevenue": 0,
        "grossProfit": 2423700000,
        "grossProfitRatio": 1,
        "researchAndDevelopmentExpenses": 0,
        "generalAndAdministrativeExpenses": 0,
        "sellingAndMarketingExpenses": 0,
        "sellingGeneralAndAdministrativeExpenses": 0,
        "otherExpenses": -2159000000,
        "operatingExpenses": -2159000000,
        "costAndExpenses": 2204100000,
        "interestIncome": 0,
        "interestExpense": 45100000,
        "depreciationAndAmortization": 17800000,
        "ebitda": 282500000,
        "ebitdaratio": 0.1165573297,
        "operatingIncome": 264700000,
        "operatingIncomeRatio": 0.1092131865,
        "totalOtherIncomeExpensesNet": 219600000,
        "incomeBeforeTax": 219600000,
        "incomeBeforeTaxRatio": 0.0906052729,
        "incomeTaxExpense": 76500000,
        "netIncome": 143100000,
        "netIncomeRatio": 0.0590419606,
        "eps": 0.59,
        "epsdiluted": 0.59,
        "weightedAverageShsOut": 242542373,
        "weightedAverageShsOutDil": 242542373,
        "link": "https://www.sec.gov/Archives/edgar/data/5513/000093176300001934/0000931763-00-001934-index.htm",
        "finalLink": "https://www.sec.gov/Archives/edgar/data/5513/000093176300001934/0000931763-00-001934-0001.txt"
    },
    {
        "date": "2000-03-31",
        "symbol": "UNM",
        "reportedCurrency": "USD",
        "cik": "0000005513",
        "fillingDate": "2000-05-15",
        "acceptedDate": "2000-05-15 00:00:00",
        "calendarYear": "2000",
        "period": "Q1",
        "revenue": 2394100000,
        "costOfRevenue": 0,
        "grossProfit": 2394100000,
        "grossProfitRatio": 1,
        "researchAndDevelopmentExpenses": 0,
        "generalAndAdministrativeExpenses": 0,
        "sellingAndMarketingExpenses": 0,
        "sellingGeneralAndAdministrativeExpenses": 0,
        "otherExpenses": -2143800000,
        "operatingExpenses": -2143800000,
        "costAndExpenses": 2187700000,
        "interestIncome": 0,
        "interestExpense": 43900000,
        "depreciationAndAmortization": 16700000,
        "ebitda": 267000000,
        "ebitdaratio": 0.1115241636,
        "operatingIncome": 250300000,
        "operatingIncomeRatio": 0.1045486822,
        "totalOtherIncomeExpensesNet": 206400000,
        "incomeBeforeTax": 206400000,
        "incomeBeforeTaxRatio": 0.0862119377,
        "incomeTaxExpense": 71900000,
        "netIncome": 134500000,
        "netIncomeRatio": 0.0561797753,
        "eps": 0.56,
        "epsdiluted": 0.56,
        "weightedAverageShsOut": 240178571,
        "weightedAverageShsOutDil": 240178571,
        "link": "https://www.sec.gov/Archives/edgar/data/5513/000093176300001347/0000931763-00-001347-index.html",
        "finalLink": "https://www.sec.gov/Archives/edgar/data/5513/000093176300001347/"
    },
    {
        "date": "1999-12-31",
        "symbol": "UNM",
        "reportedCurrency": "USD",
        "cik": "0000005513",
        "fillingDate": "2000-03-30",
        "acceptedDate": "2000-03-30 00:00:00",
        "calendarYear": "1999",
        "period": "Q4",
        "revenue": 2349800000,
        "costOfRevenue": 0,
        "grossProfit": 2349800000,
        "grossProfitRatio": 1,
        "researchAndDevelopmentExpenses": 0,
        "generalAndAdministrativeExpenses": 0,
        "sellingAndMarketingExpenses": 0,
        "sellingGeneralAndAdministrativeExpenses": 0,
        "otherExpenses": -2104100000,
        "operatingExpenses": -2104100000,
        "costAndExpenses": 8714600000,
        "interestIncome": 0,
        "interestExpense": 37000000,
        "depreciationAndAmortization": 0,
        "ebitda": 0,
        "ebitdaratio": 0,
        "operatingIncome": 245700000,
        "operatingIncomeRatio": 0.1045620904,
        "totalOtherIncomeExpensesNet": -411200000,
        "incomeBeforeTax": -165500000,
        "incomeBeforeTaxRatio": -0.0704315261,
        "incomeTaxExpense": 72700000,
        "netIncome": 136000000,
        "netIncomeRatio": 0.0578772662,
        "eps": 0.57,
        "epsdiluted": 0.57,
        "weightedAverageShsOut": 234119870,
        "weightedAverageShsOutDil": 240178571,
        "link": "https://www.sec.gov/Archives/edgar/data/5513/000093176300000761/0000931763-00-000761-index.html",
        "finalLink": "https://www.sec.gov/Archives/edgar/data/5513/000093176300000761/"
    },
    {
        "date": "1999-09-30",
        "symbol": "UNM",
        "reportedCurrency": "USD",
        "cik": "0000005513",
        "fillingDate": "1999-11-15",
        "acceptedDate": "1999-11-15 00:00:00",
        "calendarYear": "1999",
        "period": "Q3",
        "revenue": 2433100000,
        "costOfRevenue": 0,
        "grossProfit": 2433100000,
        "grossProfitRatio": 1,
        "researchAndDevelopmentExpenses": 0,
        "generalAndAdministrativeExpenses": 0,
        "sellingAndMarketingExpenses": 0,
        "sellingGeneralAndAdministrativeExpenses": 0,
        "otherExpenses": -2661600000,
        "operatingExpenses": -2661600000,
        "costAndExpenses": 251900000,
        "interestIncome": 0,
        "interestExpense": 34300000,
        "depreciationAndAmortization": 0,
        "ebitda": 0,
        "ebitdaratio": 0,
        "operatingIncome": -228500000,
        "operatingIncomeRatio": -0.093913115,
        "totalOtherIncomeExpensesNet": 0,
        "incomeBeforeTax": 468400000,
        "incomeBeforeTaxRatio": 0.1925116107,
        "incomeTaxExpense": -45800000,
        "netIncome": -217000000,
        "netIncomeRatio": -0.0891866343,
        "eps": -0.91,
        "epsdiluted": -0.91,
        "weightedAverageShsOut": 239740000,
        "weightedAverageShsOutDil": 239740000,
        "link": "https://www.sec.gov/Archives/edgar/data/5513/000093176399003222/0000931763-99-003222-index.html",
        "finalLink": "https://www.sec.gov/Archives/edgar/data/5513/000093176399003222/"
    },
    {
        "date": "1999-06-30",
        "symbol": "UNM",
        "reportedCurrency": "USD",
        "cik": "0000005513",
        "fillingDate": "1999-08-13",
        "acceptedDate": "1999-08-13 00:00:00",
        "calendarYear": "1999",
        "period": "Q2",
        "revenue": 2277600000,
        "costOfRevenue": 0,
        "grossProfit": 2277600000,
        "grossProfitRatio": 1,
        "researchAndDevelopmentExpenses": 0,
        "generalAndAdministrativeExpenses": 0,
        "sellingAndMarketingExpenses": 0,
        "sellingGeneralAndAdministrativeExpenses": 0,
        "otherExpenses": -2518600000,
        "operatingExpenses": -2518600000,
        "costAndExpenses": 253200000,
        "interestIncome": 0,
        "interestExpense": 33600000,
        "depreciationAndAmortization": 0,
        "ebitda": 0,
        "ebitdaratio": 0,
        "operatingIncome": -241000000,
        "operatingIncomeRatio": -0.1058131366,
        "totalOtherIncomeExpensesNet": 0,
        "incomeBeforeTax": 349200000,
        "incomeBeforeTaxRatio": 0.1533192835,
        "incomeTaxExpense": -83400000,
        "netIncome": -191200000,
        "netIncomeRatio": -0.0839480155,
        "eps": -0.8,
        "epsdiluted": -0.8,
        "weightedAverageShsOut": 238438000,
        "weightedAverageShsOutDil": 238438000,
        "link": "https://www.sec.gov/Archives/edgar/data/5513/000093176399002380/0000931763-99-002380-index.html",
        "finalLink": "https://www.sec.gov/Archives/edgar/data/5513/000093176399002380/"
    },
    {
        "date": "1999-03-31",
        "symbol": "UNM",
        "reportedCurrency": "USD",
        "cik": "0000005513",
        "fillingDate": "1999-05-17",
        "acceptedDate": "1999-05-17 00:00:00",
        "calendarYear": "1999",
        "period": "Q1",
        "revenue": 1303400000,
        "costOfRevenue": 0,
        "grossProfit": 1303400000,
        "grossProfitRatio": 1,
        "researchAndDevelopmentExpenses": 0,
        "generalAndAdministrativeExpenses": 142000000,
        "sellingAndMarketingExpenses": 0,
        "sellingGeneralAndAdministrativeExpenses": 142000000,
        "otherExpenses": -1369800000,
        "operatingExpenses": -1227800000,
        "costAndExpenses": 331100000,
        "interestIncome": 0,
        "interestExpense": 27100000,
        "depreciationAndAmortization": 0,
        "ebitda": 75600000,
        "ebitdaratio": 0.0580021482,
        "operatingIncome": 75600000,
        "operatingIncomeRatio": 0.0580021482,
        "totalOtherIncomeExpensesNet": 218300000,
        "incomeBeforeTax": 293900000,
        "incomeBeforeTaxRatio": 0.2254871874,
        "incomeTaxExpense": 33000000,
        "netIncome": 15500000,
        "netIncomeRatio": 0.0118919748,
        "eps": 0.11,
        "epsdiluted": 0.11,
        "weightedAverageShsOut": 139060000,
        "weightedAverageShsOutDil": 139060000,
        "link": "https://www.sec.gov/Archives/edgar/data/5513/000093176399001727/0000931763-99-001727-index.html",
        "finalLink": "https://www.sec.gov/Archives/edgar/data/5513/"
    },
    {
        "date": "1998-12-31",
        "symbol": "UNM",
        "reportedCurrency": "USD",
        "cik": "0000005513",
        "fillingDate": "1999-03-31",
        "acceptedDate": "1999-03-31 00:00:00",
        "calendarYear": "1998",
        "period": "Q4",
        "revenue": 477400000,
        "costOfRevenue": 0,
        "grossProfit": 477400000,
        "grossProfitRatio": 1,
        "researchAndDevelopmentExpenses": 0,
        "generalAndAdministrativeExpenses": 0,
        "sellingAndMarketingExpenses": 0,
        "sellingGeneralAndAdministrativeExpenses": 0,
        "otherExpenses": -502700000,
        "operatingExpenses": -502700000,
        "costAndExpenses": 2431700000,
        "interestIncome": 0,
        "interestExpense": 0,
        "depreciationAndAmortization": 0,
        "ebitda": -25300000,
        "ebitdaratio": -0.0529953917,
        "operatingIncome": -25300000,
        "operatingIncomeRatio": -0.0529953917,
        "totalOtherIncomeExpensesNet": 428100000,
        "incomeBeforeTax": 402800000,
        "incomeBeforeTaxRatio": 0.8437369083,
        "incomeTaxExpense": 19500000,
        "netIncome": -42600000,
        "netIncomeRatio": -0.0892333473,
        "eps": -0.31,
        "epsdiluted": -0.3,
        "weightedAverageShsOut": 138900000,
        "weightedAverageShsOutDil": 141743000,
        "link": "https://www.sec.gov/Archives/edgar/data/5513/000093176399001026/0000931763-99-001026-index.html",
        "finalLink": "https://www.sec.gov/Archives/edgar/data/5513/"
    },
    {
        "date": "1998-09-30",
        "symbol": "UNM",
        "reportedCurrency": "USD",
        "cik": "0000005513",
        "fillingDate": "1998-11-13",
        "acceptedDate": "1998-11-13 00:00:00",
        "calendarYear": "1998",
        "period": "Q3",
        "revenue": 1179500000,
        "costOfRevenue": 0,
        "grossProfit": 1179500000,
        "grossProfitRatio": 1,
        "researchAndDevelopmentExpenses": 0,
        "generalAndAdministrativeExpenses": 196000000,
        "sellingAndMarketingExpenses": 0,
        "sellingGeneralAndAdministrativeExpenses": 196000000,
        "otherExpenses": -1004600000,
        "operatingExpenses": -1004600000,
        "costAndExpenses": 354700000,
        "interestIncome": 0,
        "interestExpense": 24800000,
        "depreciationAndAmortization": 0,
        "ebitda": 0,
        "ebitdaratio": 0,
        "operatingIncome": 174900000,
        "operatingIncomeRatio": 0.1482831708,
        "totalOtherIncomeExpensesNet": 202300000,
        "incomeBeforeTax": 377200000,
        "incomeBeforeTaxRatio": 0.319796524,
        "incomeTaxExpense": 45700000,
        "netIncome": 104400000,
        "netIncomeRatio": 0.0885120814,
        "eps": 0.76,
        "epsdiluted": 0.74,
        "weightedAverageShsOut": 138273381,
        "weightedAverageShsOutDil": 141323529,
        "link": "https://www.sec.gov/Archives/edgar/data/5513/000093176398002912/0000931763-98-002912-index.html",
        "finalLink": "https://www.sec.gov/Archives/edgar/data/5513/"
    },
    {
        "date": "1998-06-30",
        "symbol": "UNM",
        "reportedCurrency": "USD",
        "cik": "0000005513",
        "fillingDate": "1998-08-14",
        "acceptedDate": "1998-08-14 00:00:00",
        "calendarYear": "1998",
        "period": "Q2",
        "revenue": 1159600000,
        "costOfRevenue": 0,
        "grossProfit": 1159600000,
        "grossProfitRatio": 1,
        "researchAndDevelopmentExpenses": 0,
        "generalAndAdministrativeExpenses": 0,
        "sellingAndMarketingExpenses": 0,
        "sellingGeneralAndAdministrativeExpenses": 0,
        "otherExpenses": -994600000,
        "operatingExpenses": -994600000,
        "costAndExpenses": 360900000,
        "interestIncome": 0,
        "interestExpense": 23600000,
        "depreciationAndAmortization": 0,
        "ebitda": 0,
        "ebitdaratio": 0,
        "operatingIncome": 165000000,
        "operatingIncomeRatio": 0.142290445,
        "totalOtherIncomeExpensesNet": 197400000,
        "incomeBeforeTax": 362400000,
        "incomeBeforeTaxRatio": 0.3125215592,
        "incomeTaxExpense": 42700000,
        "netIncome": 98700000,
        "netIncomeRatio": 0.0851155571,
        "eps": 0.72,
        "epsdiluted": 0.7,
        "weightedAverageShsOut": 137500000,
        "weightedAverageShsOutDil": 141666667,
        "link": "https://www.sec.gov/Archives/edgar/data/5513/000093176398002178/0000931763-98-002178-index.html",
        "finalLink": "https://www.sec.gov/Archives/edgar/data/5513/"
    },
    {
        "date": "1998-03-31",
        "symbol": "UNM",
        "reportedCurrency": "USD",
        "cik": "0000005513",
        "fillingDate": "1998-05-14",
        "acceptedDate": "1998-05-14 00:00:00",
        "calendarYear": "1998",
        "period": "Q1",
        "revenue": 1121500000,
        "costOfRevenue": 0,
        "grossProfit": 1121500000,
        "grossProfitRatio": 1,
        "researchAndDevelopmentExpenses": 0,
        "generalAndAdministrativeExpenses": 134100000,
        "sellingAndMarketingExpenses": 0,
        "sellingGeneralAndAdministrativeExpenses": 134100000,
        "otherExpenses": -963300000,
        "operatingExpenses": -963300000,
        "costAndExpenses": 387900000,
        "interestIncome": 0,
        "interestExpense": 23800000,
        "depreciationAndAmortization": 0,
        "ebitda": 0,
        "ebitdaratio": 0,
        "operatingIncome": 158200000,
        "operatingIncomeRatio": 0.1410610789,
        "totalOtherIncomeExpensesNet": 0,
        "incomeBeforeTax": 361300000,
        "incomeBeforeTaxRatio": 0.3221578243,
        "incomeTaxExpense": 40900000,
        "netIncome": 93500000,
        "netIncomeRatio": 0.083370486,
        "eps": 0.68,
        "epsdiluted": 0.66,
        "weightedAverageShsOut": 137500000,
        "weightedAverageShsOutDil": 141666667,
        "link": "https://www.sec.gov/Archives/edgar/data/5513/000093176398001369/0000931763-98-001369-index.html",
        "finalLink": "https://www.sec.gov/Archives/edgar/data/5513/"
    },
    {
        "date": "1997-12-31",
        "symbol": "UNM",
        "reportedCurrency": "USD",
        "cik": "0000005513",
        "fillingDate": "1998-03-31",
        "acceptedDate": "1998-03-31 00:00:00",
        "calendarYear": "1997",
        "period": "Q4",
        "revenue": 510700000,
        "costOfRevenue": 0,
        "grossProfit": 510700000,
        "grossProfitRatio": 1,
        "researchAndDevelopmentExpenses": 0,
        "generalAndAdministrativeExpenses": 0,
        "sellingAndMarketingExpenses": 0,
        "sellingGeneralAndAdministrativeExpenses": 0,
        "otherExpenses": -559900000,
        "operatingExpenses": -559900000,
        "costAndExpenses": 2238700000,
        "interestIncome": 0,
        "interestExpense": 0,
        "depreciationAndAmortization": 0,
        "ebitda": -49200000,
        "ebitdaratio": -0.0963383591,
        "operatingIncome": -49200000,
        "operatingIncomeRatio": -0.0963383591,
        "totalOtherIncomeExpensesNet": 429500000,
        "incomeBeforeTax": 380300000,
        "incomeBeforeTaxRatio": 0.7446641864,
        "incomeTaxExpense": -2400000,
        "netIncome": -46800000,
        "netIncomeRatio": -0.091638927,
        "eps": -0.34,
        "epsdiluted": -0.33,
        "weightedAverageShsOut": 137500000,
        "weightedAverageShsOutDil": 141666667,
        "link": "https://www.sec.gov/Archives/edgar/data/5513/000093176398000838/0000931763-98-000838-index.html",
        "finalLink": "https://www.sec.gov/Archives/edgar/data/5513/"
    },
    {
        "date": "1997-09-30",
        "symbol": "UNM",
        "reportedCurrency": "USD",
        "cik": "0000005513",
        "fillingDate": "1997-11-12",
        "acceptedDate": "1997-11-12 00:00:00",
        "calendarYear": "1997",
        "period": "Q3",
        "revenue": 1025000000,
        "costOfRevenue": 0,
        "grossProfit": 1025000000,
        "grossProfitRatio": 1,
        "researchAndDevelopmentExpenses": 0,
        "generalAndAdministrativeExpenses": 0,
        "sellingAndMarketingExpenses": 0,
        "sellingGeneralAndAdministrativeExpenses": 0,
        "otherExpenses": -866800000,
        "operatingExpenses": -866800000,
        "costAndExpenses": 307900000,
        "interestIncome": 0,
        "interestExpense": 26800000,
        "depreciationAndAmortization": 0,
        "ebitda": 0,
        "ebitdaratio": 0,
        "operatingIncome": 158200000,
        "operatingIncomeRatio": 0.1543414634,
        "totalOtherIncomeExpensesNet": 0,
        "incomeBeforeTax": 369700000,
        "incomeBeforeTaxRatio": 0.3606829268,
        "incomeTaxExpense": 39900000,
        "netIncome": 91500000,
        "netIncomeRatio": 0.0892682927,
        "eps": 0.66,
        "epsdiluted": 0.64,
        "weightedAverageShsOut": 138636364,
        "weightedAverageShsOutDil": 142968750,
        "link": "https://www.sec.gov/Archives/edgar/data/5513/000093176397001932/0000931763-97-001932-index.html",
        "finalLink": "https://www.sec.gov/Archives/edgar/data/5513/"
    },
    {
        "date": "1997-06-30",
        "symbol": "UNM",
        "reportedCurrency": "USD",
        "cik": "0000005513",
        "fillingDate": "1997-08-14",
        "acceptedDate": "1997-08-14 00:00:00",
        "calendarYear": "1997",
        "period": "Q2",
        "revenue": 974500000,
        "costOfRevenue": 0,
        "grossProfit": 974500000,
        "grossProfitRatio": 1,
        "researchAndDevelopmentExpenses": 0,
        "generalAndAdministrativeExpenses": 0,
        "sellingAndMarketingExpenses": 0,
        "sellingGeneralAndAdministrativeExpenses": 0,
        "otherExpenses": -818600000,
        "operatingExpenses": -818600000,
        "costAndExpenses": 310200000,
        "interestIncome": 0,
        "interestExpense": 29500000,
        "depreciationAndAmortization": 0,
        "ebitda": 0,
        "ebitdaratio": 0,
        "operatingIncome": 155900000,
        "operatingIncomeRatio": 0.1599794767,
        "totalOtherIncomeExpensesNet": 0,
        "incomeBeforeTax": 361700000,
        "incomeBeforeTaxRatio": 0.3711646998,
        "incomeTaxExpense": 38800000,
        "netIncome": 87600000,
        "netIncomeRatio": 0.0898922524,
        "eps": 0.63,
        "epsdiluted": 0.62,
        "weightedAverageShsOut": 139047619,
        "weightedAverageShsOutDil": 141290323,
        "link": "https://www.sec.gov/Archives/edgar/data/5513/000093176397001403/0000931763-97-001403-index.html",
        "finalLink": "https://www.sec.gov/Archives/edgar/data/5513/"
    },
    {
        "date": "1997-03-31",
        "symbol": "UNM",
        "reportedCurrency": "USD",
        "cik": "0000005513",
        "fillingDate": "1997-05-15",
        "acceptedDate": "1997-05-15 00:00:00",
        "calendarYear": "1997",
        "period": "Q1",
        "revenue": 1043000000,
        "costOfRevenue": 0,
        "grossProfit": 1043000000,
        "grossProfitRatio": 1,
        "researchAndDevelopmentExpenses": 0,
        "generalAndAdministrativeExpenses": 0,
        "sellingAndMarketingExpenses": 0,
        "sellingGeneralAndAdministrativeExpenses": 0,
        "otherExpenses": -827700000,
        "operatingExpenses": -827700000,
        "costAndExpenses": 316100000,
        "interestIncome": 0,
        "interestExpense": 43600000,
        "depreciationAndAmortization": 0,
        "ebitda": 0,
        "ebitdaratio": 0,
        "operatingIncome": 215300000,
        "operatingIncomeRatio": 0.2064237776,
        "totalOtherIncomeExpensesNet": 0,
        "incomeBeforeTax": 492000000,
        "incomeBeforeTaxRatio": 0.4717162033,
        "incomeTaxExpense": 56700000,
        "netIncome": 115000000,
        "netIncomeRatio": 0.1102588686,
        "eps": 0.81,
        "epsdiluted": 0.8,
        "weightedAverageShsOut": 142529945,
        "weightedAverageShsOutDil": 144558205,
        "link": "https://www.sec.gov/Archives/edgar/data/5513/000093176397000855/0000931763-97-000855-index.html",
        "finalLink": "https://www.sec.gov/Archives/edgar/data/5513/"
    },
    {
        "date": "1996-12-31",
        "symbol": "UNM",
        "reportedCurrency": "USD",
        "cik": "0000005513",
        "fillingDate": "1997-03-26",
        "acceptedDate": "1997-03-26 00:00:00",
        "calendarYear": "1996",
        "period": "Q4",
        "revenue": -723900000,
        "costOfRevenue": 0,
        "grossProfit": -723900000,
        "grossProfitRatio": 1,
        "researchAndDevelopmentExpenses": 0,
        "generalAndAdministrativeExpenses": 0,
        "sellingAndMarketingExpenses": 0,
        "sellingGeneralAndAdministrativeExpenses": 0,
        "otherExpenses": 678100000,
        "operatingExpenses": 678100000,
        "costAndExpenses": 1013800000,
        "interestIncome": 0,
        "interestExpense": 0,
        "depreciationAndAmortization": 0,
        "ebitda": -45800000,
        "ebitdaratio": 0.0632684072,
        "operatingIncome": -45800000,
        "operatingIncomeRatio": 0.0632684072,
        "totalOtherIncomeExpensesNet": 1628200000,
        "incomeBeforeTax": 226200000,
        "incomeBeforeTaxRatio": -0.3124740986,
        "incomeTaxExpense": -1400000,
        "netIncome": -44400000,
        "netIncomeRatio": 0.0613344385,
        "eps": -0.31,
        "epsdiluted": -0.31,
        "weightedAverageShsOut": 142529945,
        "weightedAverageShsOutDil": 144558205,
        "link": "https://www.sec.gov/Archives/edgar/data/5513/000093176397000370/0000931763-97-000370-index.html",
        "finalLink": "https://www.sec.gov/Archives/edgar/data/5513/"
    },
    {
        "date": "1996-09-30",
        "symbol": "UNM",
        "reportedCurrency": "USD",
        "cik": "0000005513",
        "fillingDate": "1996-09-30",
        "acceptedDate": "1996-09-30 00:00:00",
        "calendarYear": "1996",
        "period": "Q3",
        "revenue": 1023900000,
        "costOfRevenue": 0,
        "grossProfit": 1023900000,
        "grossProfitRatio": 1,
        "researchAndDevelopmentExpenses": 0,
        "generalAndAdministrativeExpenses": 0,
        "sellingAndMarketingExpenses": 0,
        "sellingGeneralAndAdministrativeExpenses": 0,
        "otherExpenses": -900400000,
        "operatingExpenses": -900400000,
        "costAndExpenses": 366300000,
        "interestIncome": 0,
        "interestExpense": 60100000,
        "depreciationAndAmortization": 0,
        "ebitda": 123500000,
        "ebitdaratio": 0.1206172478,
        "operatingIncome": 123500000,
        "operatingIncomeRatio": 0.1206172478,
        "totalOtherIncomeExpensesNet": 0,
        "incomeBeforeTax": 350600000,
        "incomeBeforeTaxRatio": 0.3424162516,
        "incomeTaxExpense": 19300000,
        "netIncome": 44000000,
        "netIncomeRatio": 0.0429729466,
        "eps": 0.3,
        "epsdiluted": 0.3,
        "weightedAverageShsOut": 146666667,
        "weightedAverageShsOutDil": 146666667,
        "link": null,
        "finalLink": null
    },
    {
        "date": "1996-06-30",
        "symbol": "UNM",
        "reportedCurrency": "USD",
        "cik": "0000005513",
        "fillingDate": "1996-06-30",
        "acceptedDate": "1996-06-30 00:00:00",
        "calendarYear": "1996",
        "period": "Q2",
        "revenue": 989300000,
        "costOfRevenue": 0,
        "grossProfit": 989300000,
        "grossProfitRatio": 1,
        "researchAndDevelopmentExpenses": 0,
        "generalAndAdministrativeExpenses": 0,
        "sellingAndMarketingExpenses": 0,
        "sellingGeneralAndAdministrativeExpenses": 0,
        "otherExpenses": -822900000,
        "operatingExpenses": -822900000,
        "costAndExpenses": 349900000,
        "interestIncome": 0,
        "interestExpense": 60400000,
        "depreciationAndAmortization": 0,
        "ebitda": 0,
        "ebitdaratio": 0,
        "operatingIncome": 166400000,
        "operatingIncomeRatio": 0.1681997372,
        "totalOtherIncomeExpensesNet": 0,
        "incomeBeforeTax": 394600000,
        "incomeBeforeTaxRatio": 0.3988678864,
        "incomeTaxExpense": 32100000,
        "netIncome": 73900000,
        "netIncomeRatio": 0.0746992823,
        "eps": 0.5,
        "epsdiluted": 0.5,
        "weightedAverageShsOut": 147800000,
        "weightedAverageShsOutDil": 147800000,
        "link": null,
        "finalLink": null
    },
    {
        "date": "1996-03-31",
        "symbol": "UNM",
        "reportedCurrency": "USD",
        "cik": "0000005513",
        "fillingDate": "1996-03-31",
        "acceptedDate": "1996-03-31 00:00:00",
        "calendarYear": "1996",
        "period": "Q1",
        "revenue": 1002600000,
        "costOfRevenue": 0,
        "grossProfit": 1002600000,
        "grossProfitRatio": 1,
        "researchAndDevelopmentExpenses": 0,
        "generalAndAdministrativeExpenses": 0,
        "sellingAndMarketingExpenses": 0,
        "sellingGeneralAndAdministrativeExpenses": 0,
        "otherExpenses": -838200000,
        "operatingExpenses": -838200000,
        "costAndExpenses": 335600000,
        "interestIncome": 0,
        "interestExpense": 61700000,
        "depreciationAndAmortization": 0,
        "ebitda": 164400000,
        "ebitdaratio": 0.1639736685,
        "operatingIncome": 164400000,
        "operatingIncomeRatio": 0.1639736685,
        "totalOtherIncomeExpensesNet": 0,
        "incomeBeforeTax": 397700000,
        "incomeBeforeTaxRatio": 0.3966686615,
        "incomeTaxExpense": 30600000,
        "netIncome": 72100000,
        "netIncomeRatio": 0.0719130261,
        "eps": 0.49,
        "epsdiluted": 0.49,
        "weightedAverageShsOut": 147142857,
        "weightedAverageShsOutDil": 147142857,
        "link": null,
        "finalLink": null
    },
    {
        "date": "1995-12-31",
        "symbol": "UNM",
        "reportedCurrency": "USD",
        "cik": "0000005513",
        "fillingDate": "1995-12-31",
        "acceptedDate": "1995-12-31 00:00:00",
        "calendarYear": "1995",
        "period": "Q4",
        "revenue": 1044100000,
        "costOfRevenue": 0,
        "grossProfit": 1044100000,
        "grossProfitRatio": 1,
        "researchAndDevelopmentExpenses": 0,
        "generalAndAdministrativeExpenses": 0,
        "sellingAndMarketingExpenses": 0,
        "sellingGeneralAndAdministrativeExpenses": 0,
        "otherExpenses": -891800000,
        "operatingExpenses": -891800000,
        "costAndExpenses": 355700000,
        "interestIncome": 0,
        "interestExpense": 67500000,
        "depreciationAndAmortization": 0,
        "ebitda": 152300000,
        "ebitdaratio": 0.1458672541,
        "operatingIncome": 152300000,
        "operatingIncomeRatio": 0.1458672541,
        "totalOtherIncomeExpensesNet": 0,
        "incomeBeforeTax": 379400000,
        "incomeBeforeTaxRatio": 0.3633751556,
        "incomeTaxExpense": 22700000,
        "netIncome": 62100000,
        "netIncomeRatio": 0.0594770616,
        "eps": 0.42,
        "epsdiluted": 0.42,
        "weightedAverageShsOut": 147142857,
        "weightedAverageShsOutDil": 147142857,
        "link": null,
        "finalLink": null
    },
    {
        "date": "1995-09-30",
        "symbol": "UNM",
        "reportedCurrency": "USD",
        "cik": "0000005513",
        "fillingDate": "1995-11-13",
        "acceptedDate": "1995-11-13 00:00:00",
        "calendarYear": "1995",
        "period": "Q3",
        "revenue": 967600000,
        "costOfRevenue": 0,
        "grossProfit": 967600000,
        "grossProfitRatio": 1,
        "researchAndDevelopmentExpenses": 0,
        "generalAndAdministrativeExpenses": 0,
        "sellingAndMarketingExpenses": 0,
        "sellingGeneralAndAdministrativeExpenses": 0,
        "otherExpenses": -809500000,
        "operatingExpenses": -809500000,
        "costAndExpenses": 329400000,
        "interestIncome": 0,
        "interestExpense": 67000000,
        "depreciationAndAmortization": 0,
        "ebitda": 158100000,
        "ebitdaratio": 0.1633939644,
        "operatingIncome": 158100000,
        "operatingIncomeRatio": 0.1633939644,
        "totalOtherIncomeExpensesNet": 0,
        "incomeBeforeTax": 387700000,
        "incomeBeforeTaxRatio": 0.4006821,
        "incomeTaxExpense": 24400000,
        "netIncome": 66700000,
        "netIncomeRatio": 0.0689334436,
        "eps": 0.46,
        "epsdiluted": 0.46,
        "weightedAverageShsOut": 145000000,
        "weightedAverageShsOutDil": 145000000,
        "link": "https://www.sec.gov/Archives/edgar/data/5513/000095014495003149/0000950144-95-003149-index.html",
        "finalLink": "https://www.sec.gov/Archives/edgar/data/5513/"
    },
    {
        "date": "1995-06-30",
        "symbol": "UNM",
        "reportedCurrency": "USD",
        "cik": "0000005513",
        "fillingDate": "1995-08-14",
        "acceptedDate": "1995-08-14 00:00:00",
        "calendarYear": "1995",
        "period": "Q2",
        "revenue": 1156100000,
        "costOfRevenue": 0,
        "grossProfit": 1156100000,
        "grossProfitRatio": 1,
        "researchAndDevelopmentExpenses": 0,
        "generalAndAdministrativeExpenses": 0,
        "sellingAndMarketingExpenses": 0,
        "sellingGeneralAndAdministrativeExpenses": 0,
        "otherExpenses": -969800000,
        "operatingExpenses": -969800000,
        "costAndExpenses": 350000000,
        "interestIncome": 0,
        "interestExpense": 65700000,
        "depreciationAndAmortization": 0,
        "ebitda": 0,
        "ebitdaratio": 0,
        "operatingIncome": 186300000,
        "operatingIncomeRatio": 0.1611452297,
        "totalOtherIncomeExpensesNet": 0,
        "incomeBeforeTax": 613200000,
        "incomeBeforeTaxRatio": 0.5304039443,
        "incomeTaxExpense": 31700000,
        "netIncome": 88900000,
        "netIncomeRatio": 0.0768964622,
        "eps": 0.61,
        "epsdiluted": 0.61,
        "weightedAverageShsOut": 145737705,
        "weightedAverageShsOutDil": 145737705,
        "link": "https://www.sec.gov/Archives/edgar/data/5513/000095014495002346/0000950144-95-002346-index.html",
        "finalLink": "https://www.sec.gov/Archives/edgar/data/5513/"
    },
    {
        "date": "1995-03-31",
        "symbol": "UNM",
        "reportedCurrency": "USD",
        "cik": "0000005513",
        "fillingDate": "1995-08-14",
        "acceptedDate": "1995-08-14 00:00:00",
        "calendarYear": "1995",
        "period": "Q1",
        "revenue": 955100000,
        "costOfRevenue": 0,
        "grossProfit": 955100000,
        "grossProfitRatio": 1,
        "researchAndDevelopmentExpenses": 0,
        "generalAndAdministrativeExpenses": 0,
        "sellingAndMarketingExpenses": 0,
        "sellingGeneralAndAdministrativeExpenses": 0,
        "otherExpenses": -805300000,
        "operatingExpenses": -805300000,
        "costAndExpenses": 327600000,
        "interestIncome": 0,
        "interestExpense": 64400000,
        "depreciationAndAmortization": 0,
        "ebitda": 149800000,
        "ebitdaratio": 0.1568422155,
        "operatingIncome": 149800000,
        "operatingIncomeRatio": 0.1568422155,
        "totalOtherIncomeExpensesNet": 0,
        "incomeBeforeTax": 370900000,
        "incomeBeforeTaxRatio": 0.3883362999,
        "incomeTaxExpense": 22000000,
        "netIncome": 63400000,
        "netIncomeRatio": 0.0663804837,
        "eps": 0.44,
        "epsdiluted": 0.44,
        "weightedAverageShsOut": 144090909,
        "weightedAverageShsOutDil": 144090909,
        "link": "https://www.sec.gov/Archives/edgar/data/5513/000095014495002341/0000950144-95-002341-index.html",
        "finalLink": "https://www.sec.gov/Archives/edgar/data/5513/"
    },
    {
        "date": "1994-12-31",
        "symbol": "UNM",
        "reportedCurrency": "USD",
        "cik": "0000005513",
        "fillingDate": "1994-12-31",
        "acceptedDate": "1994-12-31 00:00:00",
        "calendarYear": "1994",
        "period": "Q4",
        "revenue": 927800000,
        "costOfRevenue": 0,
        "grossProfit": 927800000,
        "grossProfitRatio": 1,
        "researchAndDevelopmentExpenses": 0,
        "generalAndAdministrativeExpenses": 0,
        "sellingAndMarketingExpenses": 0,
        "sellingGeneralAndAdministrativeExpenses": 0,
        "otherExpenses": -790800000,
        "operatingExpenses": -790800000,
        "costAndExpenses": 364700000,
        "interestIncome": 0,
        "interestExpense": 67300000,
        "depreciationAndAmortization": 0,
        "ebitda": 137000000,
        "ebitdaratio": 0.1476611339,
        "operatingIncome": 137000000,
        "operatingIncomeRatio": 0.1476611339,
        "totalOtherIncomeExpensesNet": 0,
        "incomeBeforeTax": 359100000,
        "incomeBeforeTaxRatio": 0.3870446217,
        "incomeTaxExpense": 15700000,
        "netIncome": 54000000,
        "netIncomeRatio": 0.0582021987,
        "eps": 0.37,
        "epsdiluted": 0.37,
        "weightedAverageShsOut": 144090909,
        "weightedAverageShsOutDil": 144090909,
        "link": null,
        "finalLink": null
    },
    {
        "date": "1994-09-30",
        "symbol": "UNM",
        "reportedCurrency": "USD",
        "cik": "0000005513",
        "fillingDate": "1994-09-30",
        "acceptedDate": "1994-09-30 00:00:00",
        "calendarYear": "1994",
        "period": "Q3",
        "revenue": 890500000,
        "costOfRevenue": 0,
        "grossProfit": 890500000,
        "grossProfitRatio": 1,
        "researchAndDevelopmentExpenses": 0,
        "generalAndAdministrativeExpenses": 0,
        "sellingAndMarketingExpenses": 0,
        "sellingGeneralAndAdministrativeExpenses": 0,
        "otherExpenses": -930900000,
        "operatingExpenses": -930900000,
        "costAndExpenses": 323500000,
        "interestIncome": 0,
        "interestExpense": 64700000,
        "depreciationAndAmortization": 0,
        "ebitda": -40400000,
        "ebitdaratio": -0.0453677709,
        "operatingIncome": -40400000,
        "operatingIncomeRatio": -0.0453677709,
        "totalOtherIncomeExpensesNet": 0,
        "incomeBeforeTax": 179800000,
        "incomeBeforeTaxRatio": 0.2019090399,
        "incomeTaxExpense": -43400000,
        "netIncome": -61700000,
        "netIncomeRatio": -0.0692869175,
        "eps": -0.42,
        "epsdiluted": -0.42,
        "weightedAverageShsOut": 146904762,
        "weightedAverageShsOutDil": 146904762,
        "link": null,
        "finalLink": null
    },
    {
        "date": "1994-06-30",
        "symbol": "UNM",
        "reportedCurrency": "USD",
        "cik": "0000005513",
        "fillingDate": "1994-06-30",
        "acceptedDate": "1994-06-30 00:00:00",
        "calendarYear": "1994",
        "period": "Q2",
        "revenue": 928000000,
        "costOfRevenue": 0,
        "grossProfit": 928000000,
        "grossProfitRatio": 1,
        "researchAndDevelopmentExpenses": 0,
        "generalAndAdministrativeExpenses": 0,
        "sellingAndMarketingExpenses": 0,
        "sellingGeneralAndAdministrativeExpenses": 0,
        "otherExpenses": -739700000,
        "operatingExpenses": -739700000,
        "costAndExpenses": 328300000,
        "interestIncome": 0,
        "interestExpense": 65100000,
        "depreciationAndAmortization": 0,
        "ebitda": 0,
        "ebitdaratio": 0,
        "operatingIncome": 188300000,
        "operatingIncomeRatio": 0.2029094828,
        "totalOtherIncomeExpensesNet": 0,
        "incomeBeforeTax": 414900000,
        "incomeBeforeTaxRatio": 0.4470905172,
        "incomeTaxExpense": 37900000,
        "netIncome": 85300000,
        "netIncomeRatio": 0.0919181034,
        "eps": 0.57,
        "epsdiluted": 0.57,
        "weightedAverageShsOut": 149649123,
        "weightedAverageShsOutDil": 149649123,
        "link": null,
        "finalLink": null
    },
    {
        "date": "1994-03-31",
        "symbol": "UNM",
        "reportedCurrency": "USD",
        "cik": "0000005513",
        "fillingDate": "1994-03-31",
        "acceptedDate": "1994-03-31 00:00:00",
        "calendarYear": "1994",
        "period": "Q1",
        "revenue": 877400000,
        "costOfRevenue": 0,
        "grossProfit": 877400000,
        "grossProfitRatio": 1,
        "researchAndDevelopmentExpenses": 0,
        "generalAndAdministrativeExpenses": 0,
        "sellingAndMarketingExpenses": 0,
        "sellingGeneralAndAdministrativeExpenses": 0,
        "otherExpenses": -702300000,
        "operatingExpenses": -702300000,
        "costAndExpenses": 315800000,
        "interestIncome": 0,
        "interestExpense": 64300000,
        "depreciationAndAmortization": 0,
        "ebitda": 0,
        "ebitdaratio": 0,
        "operatingIncome": 175100000,
        "operatingIncomeRatio": 0.1995669022,
        "totalOtherIncomeExpensesNet": 0,
        "incomeBeforeTax": 397500000,
        "incomeBeforeTaxRatio": 0.4530430818,
        "incomeTaxExpense": 33700000,
        "netIncome": 77100000,
        "netIncomeRatio": 0.0878732619,
        "eps": 0.51,
        "epsdiluted": 0.51,
        "weightedAverageShsOut": 151176471,
        "weightedAverageShsOutDil": 151176471,
        "link": null,
        "finalLink": null
    },
    {
        "date": "1993-12-31",
        "symbol": "UNM",
        "reportedCurrency": "USD",
        "cik": "0000005513",
        "fillingDate": "1993-12-31",
        "acceptedDate": "1993-12-31 00:00:00",
        "calendarYear": "1993",
        "period": "Q4",
        "revenue": 869500000,
        "costOfRevenue": 0,
        "grossProfit": 869500000,
        "grossProfitRatio": 1,
        "researchAndDevelopmentExpenses": 0,
        "generalAndAdministrativeExpenses": 0,
        "sellingAndMarketingExpenses": 0,
        "sellingGeneralAndAdministrativeExpenses": 0,
        "otherExpenses": -679200000,
        "operatingExpenses": -679200000,
        "costAndExpenses": 331500000,
        "interestIncome": 0,
        "interestExpense": 69900000,
        "depreciationAndAmortization": 0,
        "ebitda": 0,
        "ebitdaratio": 0,
        "operatingIncome": 190300000,
        "operatingIncomeRatio": 0.2188614146,
        "totalOtherIncomeExpensesNet": 0,
        "incomeBeforeTax": 412100000,
        "incomeBeforeTaxRatio": 0.4739505463,
        "incomeTaxExpense": 37300000,
        "netIncome": 83100000,
        "netIncomeRatio": 0.0955721679,
        "eps": 0.55,
        "epsdiluted": 0.55,
        "weightedAverageShsOut": 151176471,
        "weightedAverageShsOutDil": 151176471,
        "link": null,
        "finalLink": null
    },
    {
        "date": "1993-09-30",
        "symbol": "UNM",
        "reportedCurrency": "USD",
        "cik": "0000005513",
        "fillingDate": "1993-09-30",
        "acceptedDate": "1993-09-30 00:00:00",
        "calendarYear": "1993",
        "period": "Q3",
        "revenue": 850300000,
        "costOfRevenue": 0,
        "grossProfit": 850300000,
        "grossProfitRatio": 1,
        "researchAndDevelopmentExpenses": 0,
        "generalAndAdministrativeExpenses": 0,
        "sellingAndMarketingExpenses": 0,
        "sellingGeneralAndAdministrativeExpenses": 0,
        "otherExpenses": -663600000,
        "operatingExpenses": -663600000,
        "costAndExpenses": 321400000,
        "interestIncome": 0,
        "interestExpense": 72000000,
        "depreciationAndAmortization": 0,
        "ebitda": 186700000,
        "ebitdaratio": 0.2195695637,
        "operatingIncome": 186700000,
        "operatingIncomeRatio": 0.2195695637,
        "totalOtherIncomeExpensesNet": 0,
        "incomeBeforeTax": 414100000,
        "incomeBeforeTaxRatio": 0.4870045866,
        "incomeTaxExpense": 42600000,
        "netIncome": 72100000,
        "netIncomeRatio": 0.0847936023,
        "eps": 0.46,
        "epsdiluted": 0.46,
        "weightedAverageShsOut": 156739130,
        "weightedAverageShsOutDil": 156739130,
        "link": null,
        "finalLink": null
    },
    {
        "date": "1993-06-30",
        "symbol": "UNM",
        "reportedCurrency": "USD",
        "cik": "0000005513",
        "fillingDate": "1993-06-30",
        "acceptedDate": "1993-06-30 00:00:00",
        "calendarYear": "1993",
        "period": "Q2",
        "revenue": 854600000,
        "costOfRevenue": 0,
        "grossProfit": 854600000,
        "grossProfitRatio": 1,
        "researchAndDevelopmentExpenses": 0,
        "generalAndAdministrativeExpenses": 0,
        "sellingAndMarketingExpenses": 0,
        "sellingGeneralAndAdministrativeExpenses": 0,
        "otherExpenses": -665600000,
        "operatingExpenses": -665600000,
        "costAndExpenses": 322200000,
        "interestIncome": 0,
        "interestExpense": 74800000,
        "depreciationAndAmortization": 0,
        "ebitda": 189000000,
        "ebitdaratio": 0.2211560964,
        "operatingIncome": 189000000,
        "operatingIncomeRatio": 0.2211560964,
        "totalOtherIncomeExpensesNet": 0,
        "incomeBeforeTax": 419000000,
        "incomeBeforeTaxRatio": 0.490287854,
        "incomeTaxExpense": 33400000,
        "netIncome": 80800000,
        "netIncomeRatio": 0.0945471566,
        "eps": 0.51,
        "epsdiluted": 0.51,
        "weightedAverageShsOut": 158431373,
        "weightedAverageShsOutDil": 158431373,
        "link": null,
        "finalLink": null
    },
    {
        "date": "1993-03-31",
        "symbol": "UNM",
        "reportedCurrency": "USD",
        "cik": "0000005513",
        "fillingDate": "1993-03-31",
        "acceptedDate": "1993-03-31 00:00:00",
        "calendarYear": "1993",
        "period": "Q1",
        "revenue": 822600000,
        "costOfRevenue": 0,
        "grossProfit": 822600000,
        "grossProfitRatio": 1,
        "researchAndDevelopmentExpenses": 0,
        "generalAndAdministrativeExpenses": 0,
        "sellingAndMarketingExpenses": 0,
        "sellingGeneralAndAdministrativeExpenses": 0,
        "otherExpenses": -646700000,
        "operatingExpenses": -646700000,
        "costAndExpenses": 321000000,
        "interestIncome": 0,
        "interestExpense": 77000000,
        "depreciationAndAmortization": 0,
        "ebitda": 175900000,
        "ebitdaratio": 0.2138341843,
        "operatingIncome": 175900000,
        "operatingIncomeRatio": 0.2138341843,
        "totalOtherIncomeExpensesNet": 0,
        "incomeBeforeTax": 419600000,
        "incomeBeforeTaxRatio": 0.5100899587,
        "incomeTaxExpense": 35000000,
        "netIncome": 63900000,
        "netIncomeRatio": 0.0776805252,
        "eps": 0.4,
        "epsdiluted": 0.4,
        "weightedAverageShsOut": 159750000,
        "weightedAverageShsOutDil": 159750000,
        "link": null,
        "finalLink": null
    },
    {
        "date": "1992-12-31",
        "symbol": "UNM",
        "reportedCurrency": "USD",
        "cik": "0000005513",
        "fillingDate": "1992-12-31",
        "acceptedDate": "1992-12-31 00:00:00",
        "calendarYear": "1992",
        "period": "Q4",
        "revenue": 679200000,
        "costOfRevenue": 0,
        "grossProfit": 679200000,
        "grossProfitRatio": 1,
        "researchAndDevelopmentExpenses": 0,
        "generalAndAdministrativeExpenses": 0,
        "sellingAndMarketingExpenses": 0,
        "sellingGeneralAndAdministrativeExpenses": 0,
        "otherExpenses": -508900000,
        "operatingExpenses": -508900000,
        "costAndExpenses": 274400000,
        "interestIncome": 0,
        "interestExpense": 83400000,
        "depreciationAndAmortization": 0,
        "ebitda": 170300000,
        "ebitdaratio": 0.2507361602,
        "operatingIncome": 170300000,
        "operatingIncomeRatio": 0.2507361602,
        "totalOtherIncomeExpensesNet": 0,
        "incomeBeforeTax": 391900000,
        "incomeBeforeTaxRatio": 0.5770023557,
        "incomeTaxExpense": 24500000,
        "netIncome": 62400000,
        "netIncomeRatio": 0.0918727915,
        "eps": 0.39,
        "epsdiluted": 0.39,
        "weightedAverageShsOut": 159750000,
        "weightedAverageShsOutDil": 159750000,
        "link": null,
        "finalLink": null
    },
    {
        "date": "1992-09-30",
        "symbol": "UNM",
        "reportedCurrency": "USD",
        "cik": "0000005513",
        "fillingDate": "1992-09-30",
        "acceptedDate": "1992-09-30 00:00:00",
        "calendarYear": "1992",
        "period": "Q3",
        "revenue": 670300000,
        "costOfRevenue": 0,
        "grossProfit": 670300000,
        "grossProfitRatio": 1,
        "researchAndDevelopmentExpenses": 0,
        "generalAndAdministrativeExpenses": 0,
        "sellingAndMarketingExpenses": 0,
        "sellingGeneralAndAdministrativeExpenses": 0,
        "otherExpenses": -499200000,
        "operatingExpenses": -499200000,
        "costAndExpenses": 270000000,
        "interestIncome": 0,
        "interestExpense": 84200000,
        "depreciationAndAmortization": 0,
        "ebitda": 171100000,
        "ebitdaratio": 0.2552588393,
        "operatingIncome": 171100000,
        "operatingIncomeRatio": 0.2552588393,
        "totalOtherIncomeExpensesNet": 0,
        "incomeBeforeTax": 394900000,
        "incomeBeforeTaxRatio": 0.5891391914,
        "incomeTaxExpense": 23100000,
        "netIncome": 63800000,
        "netIncomeRatio": 0.0951812621,
        "eps": 0.48,
        "epsdiluted": 0.48,
        "weightedAverageShsOut": 132916667,
        "weightedAverageShsOutDil": 132916667,
        "link": null,
        "finalLink": null
    },
    {
        "date": "1992-06-30",
        "symbol": "UNM",
        "reportedCurrency": "USD",
        "cik": "0000005513",
        "fillingDate": "1992-06-30",
        "acceptedDate": "1992-06-30 00:00:00",
        "calendarYear": "1992",
        "period": "Q2",
        "revenue": 644700000,
        "costOfRevenue": 0,
        "grossProfit": 644700000,
        "grossProfitRatio": 1,
        "researchAndDevelopmentExpenses": 0,
        "generalAndAdministrativeExpenses": 0,
        "sellingAndMarketingExpenses": 0,
        "sellingGeneralAndAdministrativeExpenses": 0,
        "otherExpenses": -474500000,
        "operatingExpenses": -474500000,
        "costAndExpenses": 251900000,
        "interestIncome": 0,
        "interestExpense": 84300000,
        "depreciationAndAmortization": 0,
        "ebitda": 170200000,
        "ebitdaratio": 0.2639987591,
        "operatingIncome": 170200000,
        "operatingIncomeRatio": 0.2639987591,
        "totalOtherIncomeExpensesNet": 0,
        "incomeBeforeTax": 379000000,
        "incomeBeforeTaxRatio": 0.5878703273,
        "incomeTaxExpense": 22600000,
        "netIncome": 63300000,
        "netIncomeRatio": 0.0981852024,
        "eps": 0.47,
        "epsdiluted": 0.47,
        "weightedAverageShsOut": 134680851,
        "weightedAverageShsOutDil": 134680851,
        "link": null,
        "finalLink": null
    },
    {
        "date": "1992-03-31",
        "symbol": "UNM",
        "reportedCurrency": "USD",
        "cik": "0000005513",
        "fillingDate": "1992-03-31",
        "acceptedDate": "1992-03-31 00:00:00",
        "calendarYear": "1992",
        "period": "Q1",
        "revenue": 647000000,
        "costOfRevenue": 0,
        "grossProfit": 647000000,
        "grossProfitRatio": 1,
        "researchAndDevelopmentExpenses": 0,
        "generalAndAdministrativeExpenses": 0,
        "sellingAndMarketingExpenses": 0,
        "sellingGeneralAndAdministrativeExpenses": 0,
        "otherExpenses": -485000000,
        "operatingExpenses": -485000000,
        "costAndExpenses": 250000000,
        "interestIncome": 0,
        "interestExpense": 83700000,
        "depreciationAndAmortization": 0,
        "ebitda": 162000000,
        "ebitdaratio": 0.2503863988,
        "operatingIncome": 162000000,
        "operatingIncomeRatio": 0.2503863988,
        "totalOtherIncomeExpensesNet": 0,
        "incomeBeforeTax": 371200000,
        "incomeBeforeTaxRatio": 0.5737248841,
        "incomeTaxExpense": 19000000,
        "netIncome": 59300000,
        "netIncomeRatio": 0.0916537867,
        "eps": 0.44,
        "epsdiluted": 0.44,
        "weightedAverageShsOut": 134772727,
        "weightedAverageShsOutDil": 134772727,
        "link": null,
        "finalLink": null
    },
    {
        "date": "1991-12-31",
        "symbol": "UNM",
        "reportedCurrency": "USD",
        "cik": "0000005513",
        "fillingDate": "1991-12-31",
        "acceptedDate": "1991-12-31 00:00:00",
        "calendarYear": "1991",
        "period": "Q4",
        "revenue": 624400000,
        "costOfRevenue": 0,
        "grossProfit": 624400000,
        "grossProfitRatio": 1,
        "researchAndDevelopmentExpenses": 0,
        "generalAndAdministrativeExpenses": 0,
        "sellingAndMarketingExpenses": 0,
        "sellingGeneralAndAdministrativeExpenses": 0,
        "otherExpenses": -471200000,
        "operatingExpenses": -471200000,
        "costAndExpenses": 284800000,
        "interestIncome": 0,
        "interestExpense": 94800000,
        "depreciationAndAmortization": 0,
        "ebitda": 153200000,
        "ebitdaratio": 0.2453555413,
        "operatingIncome": 153200000,
        "operatingIncomeRatio": 0.2453555413,
        "totalOtherIncomeExpensesNet": 0,
        "incomeBeforeTax": 357100000,
        "incomeBeforeTaxRatio": 0.5719090327,
        "incomeTaxExpense": 8800000,
        "netIncome": 49600000,
        "netIncomeRatio": 0.0794362588,
        "eps": 0.37,
        "epsdiluted": 0.37,
        "weightedAverageShsOut": 134005994,
        "weightedAverageShsOutDil": 134772727,
        "link": null,
        "finalLink": null
    },
    {
        "date": "1991-09-30",
        "symbol": "UNM",
        "reportedCurrency": "USD",
        "cik": "0000005513",
        "fillingDate": "1991-09-30",
        "acceptedDate": "1991-09-30 00:00:00",
        "calendarYear": "1991",
        "period": "Q3",
        "revenue": 609200000,
        "costOfRevenue": 0,
        "grossProfit": 609200000,
        "grossProfitRatio": 1,
        "researchAndDevelopmentExpenses": 0,
        "generalAndAdministrativeExpenses": 0,
        "sellingAndMarketingExpenses": 0,
        "sellingGeneralAndAdministrativeExpenses": 0,
        "otherExpenses": -445500000,
        "operatingExpenses": -445500000,
        "costAndExpenses": 251000000,
        "interestIncome": 0,
        "interestExpense": 93000000,
        "depreciationAndAmortization": 0,
        "ebitda": 163700000,
        "ebitdaratio": 0.2687130663,
        "operatingIncome": 163700000,
        "operatingIncomeRatio": 0.2687130663,
        "totalOtherIncomeExpensesNet": 0,
        "incomeBeforeTax": 363900000,
        "incomeBeforeTaxRatio": 0.5973407748,
        "incomeTaxExpense": 17900000,
        "netIncome": 52800000,
        "netIncomeRatio": 0.086671044,
        "eps": 0.4,
        "epsdiluted": 0.4,
        "weightedAverageShsOut": 132000000,
        "weightedAverageShsOutDil": 132000000,
        "link": null,
        "finalLink": null
    },
    {
        "date": "1991-06-30",
        "symbol": "UNM",
        "reportedCurrency": "USD",
        "cik": "0000005513",
        "fillingDate": "1991-06-30",
        "acceptedDate": "1991-06-30 00:00:00",
        "calendarYear": "1991",
        "period": "Q2",
        "revenue": 591200000,
        "costOfRevenue": 0,
        "grossProfit": 591200000,
        "grossProfitRatio": 1,
        "researchAndDevelopmentExpenses": 0,
        "generalAndAdministrativeExpenses": 0,
        "sellingAndMarketingExpenses": 0,
        "sellingGeneralAndAdministrativeExpenses": 0,
        "otherExpenses": -431400000,
        "operatingExpenses": -431400000,
        "costAndExpenses": 232400000,
        "interestIncome": 0,
        "interestExpense": 89900000,
        "depreciationAndAmortization": 0,
        "ebitda": 159800000,
        "ebitdaratio": 0.2702976996,
        "operatingIncome": 159800000,
        "operatingIncomeRatio": 0.2702976996,
        "totalOtherIncomeExpensesNet": 0,
        "incomeBeforeTax": 357900000,
        "incomeBeforeTaxRatio": 0.6053788904,
        "incomeTaxExpense": 14900000,
        "netIncome": 55000000,
        "netIncomeRatio": 0.0930311231,
        "eps": 0.42,
        "epsdiluted": 0.42,
        "weightedAverageShsOut": 130952381,
        "weightedAverageShsOutDil": 130952381,
        "link": null,
        "finalLink": null
    },
    {
        "date": "1991-03-31",
        "symbol": "UNM",
        "reportedCurrency": "USD",
        "cik": "0000005513",
        "fillingDate": "1991-03-31",
        "acceptedDate": "1991-03-31 00:00:00",
        "calendarYear": "1991",
        "period": "Q1",
        "revenue": 595800000,
        "costOfRevenue": 0,
        "grossProfit": 595800000,
        "grossProfitRatio": 1,
        "researchAndDevelopmentExpenses": 0,
        "generalAndAdministrativeExpenses": 0,
        "sellingAndMarketingExpenses": 0,
        "sellingGeneralAndAdministrativeExpenses": 0,
        "otherExpenses": -444500000,
        "operatingExpenses": -444500000,
        "costAndExpenses": 244300000,
        "interestIncome": 0,
        "interestExpense": 88200000,
        "depreciationAndAmortization": 0,
        "ebitda": 151300000,
        "ebitdaratio": 0.2539442766,
        "operatingIncome": 151300000,
        "operatingIncomeRatio": 0.2539442766,
        "totalOtherIncomeExpensesNet": 0,
        "incomeBeforeTax": 353600000,
        "incomeBeforeTaxRatio": 0.5934877476,
        "incomeTaxExpense": 15500000,
        "netIncome": 47600000,
        "netIncomeRatio": 0.0798925814,
        "eps": 0.36,
        "epsdiluted": 0.36,
        "weightedAverageShsOut": 132222222,
        "weightedAverageShsOutDil": 132222222,
        "link": null,
        "finalLink": null
    },
    {
        "date": "1990-12-31",
        "symbol": "UNM",
        "reportedCurrency": "USD",
        "cik": "0000005513",
        "fillingDate": "1990-12-31",
        "acceptedDate": "1990-12-31 00:00:00",
        "calendarYear": "1990",
        "period": "Q4",
        "revenue": 600600000,
        "costOfRevenue": 0,
        "grossProfit": 600600000,
        "grossProfitRatio": 1,
        "researchAndDevelopmentExpenses": 0,
        "generalAndAdministrativeExpenses": 0,
        "sellingAndMarketingExpenses": 0,
        "sellingGeneralAndAdministrativeExpenses": 0,
        "otherExpenses": -451100000,
        "operatingExpenses": -451100000,
        "costAndExpenses": 246400000,
        "interestIncome": 0,
        "interestExpense": 92100000,
        "depreciationAndAmortization": 0,
        "ebitda": 149500000,
        "ebitdaratio": 0.2489177489,
        "operatingIncome": 149500000,
        "operatingIncomeRatio": 0.2489177489,
        "totalOtherIncomeExpensesNet": 0,
        "incomeBeforeTax": 345900000,
        "incomeBeforeTaxRatio": 0.5759240759,
        "incomeTaxExpense": 12300000,
        "netIncome": 45100000,
        "netIncomeRatio": 0.0750915751,
        "eps": 0.34,
        "epsdiluted": 0.34,
        "weightedAverageShsOut": 132222222,
        "weightedAverageShsOutDil": 132222222,
        "link": null,
        "finalLink": null
    },
    {
        "date": "1990-09-30",
        "symbol": "UNM",
        "reportedCurrency": "USD",
        "cik": "0000005513",
        "fillingDate": "1990-09-30",
        "acceptedDate": "1990-09-30 00:00:00",
        "calendarYear": "1990",
        "period": "Q3",
        "revenue": 551900000,
        "costOfRevenue": 0,
        "grossProfit": 551900000,
        "grossProfitRatio": 1,
        "researchAndDevelopmentExpenses": 0,
        "generalAndAdministrativeExpenses": 0,
        "sellingAndMarketingExpenses": 0,
        "sellingGeneralAndAdministrativeExpenses": 0,
        "otherExpenses": -401200000,
        "operatingExpenses": -401200000,
        "costAndExpenses": 218100000,
        "interestIncome": 0,
        "interestExpense": 90200000,
        "depreciationAndAmortization": 0,
        "ebitda": 150700000,
        "ebitdaratio": 0.2730567132,
        "operatingIncome": 150700000,
        "operatingIncomeRatio": 0.2730567132,
        "totalOtherIncomeExpensesNet": 0,
        "incomeBeforeTax": 340300000,
        "incomeBeforeTaxRatio": 0.6165972096,
        "incomeTaxExpense": 14200000,
        "netIncome": 46300000,
        "netIncomeRatio": 0.0838920094,
        "eps": 0.34,
        "epsdiluted": 0.34,
        "weightedAverageShsOut": 136176471,
        "weightedAverageShsOutDil": 136176471,
        "link": null,
        "finalLink": null
    },
    {
        "date": "1990-06-30",
        "symbol": "UNM",
        "reportedCurrency": "USD",
        "cik": "0000005513",
        "fillingDate": "1990-06-30",
        "acceptedDate": "1990-06-30 00:00:00",
        "calendarYear": "1990",
        "period": "Q2",
        "revenue": 513200000,
        "costOfRevenue": 0,
        "grossProfit": 513200000,
        "grossProfitRatio": 1,
        "researchAndDevelopmentExpenses": 0,
        "generalAndAdministrativeExpenses": 0,
        "sellingAndMarketingExpenses": 0,
        "sellingGeneralAndAdministrativeExpenses": 0,
        "otherExpenses": -367300000,
        "operatingExpenses": -367300000,
        "costAndExpenses": 210700000,
        "interestIncome": 0,
        "interestExpense": 87400000,
        "depreciationAndAmortization": 0,
        "ebitda": 145900000,
        "ebitdaratio": 0.284294622,
        "operatingIncome": 145900000,
        "operatingIncomeRatio": 0.284294622,
        "totalOtherIncomeExpensesNet": 0,
        "incomeBeforeTax": 329500000,
        "incomeBeforeTaxRatio": 0.6420498831,
        "incomeTaxExpense": 8200000,
        "netIncome": 50300000,
        "netIncomeRatio": 0.0980124708,
        "eps": 0.37,
        "epsdiluted": 0.37,
        "weightedAverageShsOut": 135945946,
        "weightedAverageShsOutDil": 135945946,
        "link": null,
        "finalLink": null
    },
    {
        "date": "1990-03-31",
        "symbol": "UNM",
        "reportedCurrency": "USD",
        "cik": "0000005513",
        "fillingDate": "1990-03-31",
        "acceptedDate": "1990-03-31 00:00:00",
        "calendarYear": "1990",
        "period": "Q1",
        "revenue": 504600000,
        "costOfRevenue": 0,
        "grossProfit": 504600000,
        "grossProfitRatio": 1,
        "researchAndDevelopmentExpenses": 0,
        "generalAndAdministrativeExpenses": 0,
        "sellingAndMarketingExpenses": 0,
        "sellingGeneralAndAdministrativeExpenses": 0,
        "otherExpenses": -363300000,
        "operatingExpenses": -363300000,
        "costAndExpenses": 200900000,
        "interestIncome": 0,
        "interestExpense": 85700000,
        "depreciationAndAmortization": 0,
        "ebitda": 141300000,
        "ebitdaratio": 0.2800237812,
        "operatingIncome": 141300000,
        "operatingIncomeRatio": 0.2800237812,
        "totalOtherIncomeExpensesNet": 0,
        "incomeBeforeTax": 320400000,
        "incomeBeforeTaxRatio": 0.6349583829,
        "incomeTaxExpense": 12100000,
        "netIncome": 43500000,
        "netIncomeRatio": 0.0862068966,
        "eps": 0.31,
        "epsdiluted": 0.31,
        "weightedAverageShsOut": 140322581,
        "weightedAverageShsOutDil": 140322581,
        "link": null,
        "finalLink": null
    },
    {
        "date": "1989-12-31",
        "symbol": "UNM",
        "reportedCurrency": "USD",
        "cik": "0000005513",
        "fillingDate": "1989-12-31",
        "acceptedDate": "1989-12-31 00:00:00",
        "calendarYear": "1989",
        "period": "Q4",
        "revenue": 484600000,
        "costOfRevenue": 0,
        "grossProfit": 484600000,
        "grossProfitRatio": 1,
        "researchAndDevelopmentExpenses": 0,
        "generalAndAdministrativeExpenses": 0,
        "sellingAndMarketingExpenses": 0,
        "sellingGeneralAndAdministrativeExpenses": 0,
        "otherExpenses": -344700000,
        "operatingExpenses": -344700000,
        "costAndExpenses": 46600000,
        "interestIncome": 0,
        "interestExpense": 92300000,
        "depreciationAndAmortization": 0,
        "ebitda": 139900000,
        "ebitdaratio": 0.2886917045,
        "operatingIncome": 139900000,
        "operatingIncomeRatio": 0.2886917045,
        "totalOtherIncomeExpensesNet": 0,
        "incomeBeforeTax": 315100000,
        "incomeBeforeTaxRatio": 0.6502269913,
        "incomeTaxExpense": 8700000,
        "netIncome": 38900000,
        "netIncomeRatio": 0.0802723896,
        "eps": 0.28,
        "epsdiluted": 0.28,
        "weightedAverageShsOut": 140322581,
        "weightedAverageShsOutDil": 140322581,
        "link": null,
        "finalLink": null
    },
    {
        "date": "1989-09-30",
        "symbol": "UNM",
        "reportedCurrency": "USD",
        "cik": "0000005513",
        "fillingDate": "1989-09-30",
        "acceptedDate": "1989-09-30 00:00:00",
        "calendarYear": "1989",
        "period": "Q3",
        "revenue": 499000000,
        "costOfRevenue": 0,
        "grossProfit": 499000000,
        "grossProfitRatio": 1,
        "researchAndDevelopmentExpenses": 0,
        "generalAndAdministrativeExpenses": 0,
        "sellingAndMarketingExpenses": 0,
        "sellingGeneralAndAdministrativeExpenses": 0,
        "otherExpenses": -351400000,
        "operatingExpenses": -351400000,
        "costAndExpenses": 267000000,
        "interestIncome": 0,
        "interestExpense": 90200000,
        "depreciationAndAmortization": 0,
        "ebitda": 147600000,
        "ebitdaratio": 0.2957915832,
        "operatingIncome": 147600000,
        "operatingIncomeRatio": 0.2957915832,
        "totalOtherIncomeExpensesNet": 0,
        "incomeBeforeTax": 329900000,
        "incomeBeforeTaxRatio": 0.6611222445,
        "incomeTaxExpense": 13300000,
        "netIncome": 44100000,
        "netIncomeRatio": 0.0883767535,
        "eps": 0.27,
        "epsdiluted": 0.27,
        "weightedAverageShsOut": 163333333,
        "weightedAverageShsOutDil": 163333333,
        "link": null,
        "finalLink": null
    },
    {
        "date": "1989-06-30",
        "symbol": "UNM",
        "reportedCurrency": "USD",
        "cik": "0000005513",
        "fillingDate": "1989-06-30",
        "acceptedDate": "1989-06-29 20:00:00",
        "calendarYear": "1989",
        "period": "Q2",
        "revenue": 476000000,
        "costOfRevenue": 0,
        "grossProfit": 476000000,
        "grossProfitRatio": 1,
        "researchAndDevelopmentExpenses": 0,
        "generalAndAdministrativeExpenses": 0,
        "sellingAndMarketingExpenses": 0,
        "sellingGeneralAndAdministrativeExpenses": 0,
        "otherExpenses": -336900000,
        "operatingExpenses": -336900000,
        "costAndExpenses": 243200000,
        "interestIncome": 0,
        "interestExpense": 88900000,
        "depreciationAndAmortization": 0,
        "ebitda": 139100000,
        "ebitdaratio": 0.2922268908,
        "operatingIncome": 139100000,
        "operatingIncomeRatio": 0.2922268908,
        "totalOtherIncomeExpensesNet": 0,
        "incomeBeforeTax": 321400000,
        "incomeBeforeTaxRatio": 0.675210084,
        "incomeTaxExpense": 10700000,
        "netIncome": 39500000,
        "netIncomeRatio": 0.0829831933,
        "eps": 0.24,
        "epsdiluted": 0.24,
        "weightedAverageShsOut": 164583333,
        "weightedAverageShsOutDil": 164583333,
        "link": "",
        "finalLink": ""
    },
    {
        "date": "1989-03-31",
        "symbol": "UNM",
        "reportedCurrency": "USD",
        "cik": "0000005513",
        "fillingDate": "1989-03-31",
        "acceptedDate": "1989-03-30 19:00:00",
        "calendarYear": "1989",
        "period": "Q1",
        "revenue": 474600000,
        "costOfRevenue": 0,
        "grossProfit": 474600000,
        "grossProfitRatio": 1,
        "researchAndDevelopmentExpenses": 0,
        "generalAndAdministrativeExpenses": 0,
        "sellingAndMarketingExpenses": 0,
        "sellingGeneralAndAdministrativeExpenses": 0,
        "otherExpenses": -441700000,
        "operatingExpenses": -441700000,
        "costAndExpenses": -441700000,
        "interestIncome": 0,
        "interestExpense": 0,
        "depreciationAndAmortization": 0,
        "ebitda": 32900000,
        "ebitdaratio": 0.0693215339,
        "operatingIncome": 32900000,
        "operatingIncomeRatio": 0.0693215339,
        "totalOtherIncomeExpensesNet": 0,
        "incomeBeforeTax": 0,
        "incomeBeforeTaxRatio": 0,
        "incomeTaxExpense": -32900000,
        "netIncome": 32900000,
        "netIncomeRatio": 0.0693215339,
        "eps": 0.2,
        "epsdiluted": 0.2,
        "weightedAverageShsOut": 164500000,
        "weightedAverageShsOutDil": 164500000,
        "link": "",
        "finalLink": ""
    },
    {
        "date": "1988-12-31",
        "symbol": "UNM",
        "reportedCurrency": "USD",
        "cik": "0000005513",
        "fillingDate": "1988-12-31",
        "acceptedDate": "1988-12-30 19:00:00",
        "calendarYear": "1988",
        "period": "Q4",
        "revenue": 551700000,
        "costOfRevenue": 0,
        "grossProfit": 551700000,
        "grossProfitRatio": 1,
        "researchAndDevelopmentExpenses": 0,
        "generalAndAdministrativeExpenses": 0,
        "sellingAndMarketingExpenses": 0,
        "sellingGeneralAndAdministrativeExpenses": 0,
        "otherExpenses": -511800000,
        "operatingExpenses": -511800000,
        "costAndExpenses": -511800000,
        "interestIncome": 0,
        "interestExpense": 0,
        "depreciationAndAmortization": 0,
        "ebitda": 39900000,
        "ebitdaratio": 0.0723219141,
        "operatingIncome": 39900000,
        "operatingIncomeRatio": 0.0723219141,
        "totalOtherIncomeExpensesNet": 0,
        "incomeBeforeTax": 0,
        "incomeBeforeTaxRatio": 0,
        "incomeTaxExpense": -39900000,
        "netIncome": 39900000,
        "netIncomeRatio": 0.0723219141,
        "eps": 0.24,
        "epsdiluted": 0.24,
        "weightedAverageShsOut": 164500000,
        "weightedAverageShsOutDil": 164500000,
        "link": "",
        "finalLink": ""
    },
    {
        "date": "1988-09-30",
        "symbol": "UNM",
        "reportedCurrency": "USD",
        "cik": "0000005513",
        "fillingDate": "1988-09-30",
        "acceptedDate": "1988-09-29 20:00:00",
        "calendarYear": "1988",
        "period": "Q3",
        "revenue": 568800000,
        "costOfRevenue": 0,
        "grossProfit": 568800000,
        "grossProfitRatio": 1,
        "researchAndDevelopmentExpenses": 0,
        "generalAndAdministrativeExpenses": 0,
        "sellingAndMarketingExpenses": 0,
        "sellingGeneralAndAdministrativeExpenses": 0,
        "otherExpenses": -534600000,
        "operatingExpenses": -534600000,
        "costAndExpenses": -534600000,
        "interestIncome": 0,
        "interestExpense": 0,
        "depreciationAndAmortization": 0,
        "ebitda": 34200000,
        "ebitdaratio": 0.0601265823,
        "operatingIncome": 34200000,
        "operatingIncomeRatio": 0.0601265823,
        "totalOtherIncomeExpensesNet": 0,
        "incomeBeforeTax": 0,
        "incomeBeforeTaxRatio": 0,
        "incomeTaxExpense": -34200000,
        "netIncome": 34200000,
        "netIncomeRatio": 0.0601265823,
        "eps": 0.19,
        "epsdiluted": 0.19,
        "weightedAverageShsOut": 180000000,
        "weightedAverageShsOutDil": 180000000,
        "link": "",
        "finalLink": ""
    },
    {
        "date": "1988-06-30",
        "symbol": "UNM",
        "reportedCurrency": "USD",
        "cik": "0000005513",
        "fillingDate": "1988-06-30",
        "acceptedDate": "1988-06-29 20:00:00",
        "calendarYear": "1988",
        "period": "Q2",
        "revenue": 513400000,
        "costOfRevenue": 0,
        "grossProfit": 513400000,
        "grossProfitRatio": 1,
        "researchAndDevelopmentExpenses": 0,
        "generalAndAdministrativeExpenses": 0,
        "sellingAndMarketingExpenses": 0,
        "sellingGeneralAndAdministrativeExpenses": 0,
        "otherExpenses": -481900000,
        "operatingExpenses": -481900000,
        "costAndExpenses": -481900000,
        "interestIncome": 0,
        "interestExpense": 0,
        "depreciationAndAmortization": 0,
        "ebitda": 31500000,
        "ebitdaratio": 0.0613556681,
        "operatingIncome": 31500000,
        "operatingIncomeRatio": 0.0613556681,
        "totalOtherIncomeExpensesNet": 0,
        "incomeBeforeTax": 0,
        "incomeBeforeTaxRatio": 0,
        "incomeTaxExpense": -31500000,
        "netIncome": 31500000,
        "netIncomeRatio": 0.0613556681,
        "eps": 0.18,
        "epsdiluted": 0.18,
        "weightedAverageShsOut": 175000000,
        "weightedAverageShsOutDil": 175000000,
        "link": "",
        "finalLink": ""
    },
    {
        "date": "1988-03-31",
        "symbol": "UNM",
        "reportedCurrency": "USD",
        "cik": "0000005513",
        "fillingDate": "1988-03-31",
        "acceptedDate": "1988-03-30 19:00:00",
        "calendarYear": "1988",
        "period": "Q1",
        "revenue": 570100000,
        "costOfRevenue": 0,
        "grossProfit": 570100000,
        "grossProfitRatio": 1,
        "researchAndDevelopmentExpenses": 0,
        "generalAndAdministrativeExpenses": 0,
        "sellingAndMarketingExpenses": 0,
        "sellingGeneralAndAdministrativeExpenses": 0,
        "otherExpenses": -540900000,
        "operatingExpenses": -540900000,
        "costAndExpenses": -540900000,
        "interestIncome": 0,
        "interestExpense": 0,
        "depreciationAndAmortization": 0,
        "ebitda": 29200000,
        "ebitdaratio": 0.0512190844,
        "operatingIncome": 29200000,
        "operatingIncomeRatio": 0.0512190844,
        "totalOtherIncomeExpensesNet": 0,
        "incomeBeforeTax": 0,
        "incomeBeforeTaxRatio": 0,
        "incomeTaxExpense": -29200000,
        "netIncome": 29200000,
        "netIncomeRatio": 0.0512190844,
        "eps": 0.16,
        "epsdiluted": 0.16,
        "weightedAverageShsOut": 182500000,
        "weightedAverageShsOutDil": 182500000,
        "link": "",
        "finalLink": ""
    },
    {
        "date": "1987-12-31",
        "symbol": "UNM",
        "reportedCurrency": "USD",
        "cik": "0000005513",
        "fillingDate": "1987-12-31",
        "acceptedDate": "1987-12-30 19:00:00",
        "calendarYear": "1987",
        "period": "Q4",
        "revenue": 516700000,
        "costOfRevenue": 0,
        "grossProfit": 516700000,
        "grossProfitRatio": 1,
        "researchAndDevelopmentExpenses": 0,
        "generalAndAdministrativeExpenses": 0,
        "sellingAndMarketingExpenses": 0,
        "sellingGeneralAndAdministrativeExpenses": 0,
        "otherExpenses": -498800000,
        "operatingExpenses": -498800000,
        "costAndExpenses": -498800000,
        "interestIncome": 0,
        "interestExpense": 0,
        "depreciationAndAmortization": 0,
        "ebitda": 17900000,
        "ebitdaratio": 0.0346429263,
        "operatingIncome": 17900000,
        "operatingIncomeRatio": 0.0346429263,
        "totalOtherIncomeExpensesNet": 0,
        "incomeBeforeTax": 0,
        "incomeBeforeTaxRatio": 0,
        "incomeTaxExpense": -17900000,
        "netIncome": 17900000,
        "netIncomeRatio": 0.0346429263,
        "eps": 0.098,
        "epsdiluted": 0.098,
        "weightedAverageShsOut": 180641711,
        "weightedAverageShsOutDil": 182500000,
        "link": "",
        "finalLink": ""
    },
    {
        "date": "1987-09-30",
        "symbol": "UNM",
        "reportedCurrency": "USD",
        "cik": "0000005513",
        "fillingDate": "1987-09-30",
        "acceptedDate": "1987-09-29 20:00:00",
        "calendarYear": "1987",
        "period": "Q3",
        "revenue": 517000000,
        "costOfRevenue": 0,
        "grossProfit": 517000000,
        "grossProfitRatio": 1,
        "researchAndDevelopmentExpenses": 0,
        "generalAndAdministrativeExpenses": 0,
        "sellingAndMarketingExpenses": 0,
        "sellingGeneralAndAdministrativeExpenses": 0,
        "otherExpenses": -490200000,
        "operatingExpenses": -490200000,
        "costAndExpenses": -490200000,
        "interestIncome": 0,
        "interestExpense": 0,
        "depreciationAndAmortization": 0,
        "ebitda": 26800000,
        "ebitdaratio": 0.0518375242,
        "operatingIncome": 26800000,
        "operatingIncomeRatio": 0.0518375242,
        "totalOtherIncomeExpensesNet": 0,
        "incomeBeforeTax": 0,
        "incomeBeforeTaxRatio": 0,
        "incomeTaxExpense": -26800000,
        "netIncome": 26800000,
        "netIncomeRatio": 0.0518375242,
        "eps": 0.14,
        "epsdiluted": 0.14,
        "weightedAverageShsOut": 191428571,
        "weightedAverageShsOutDil": 191428571,
        "link": "",
        "finalLink": ""
    },
    {
        "date": "1987-06-30",
        "symbol": "UNM",
        "reportedCurrency": "USD",
        "cik": "0000005513",
        "fillingDate": "1987-06-30",
        "acceptedDate": "1987-06-29 20:00:00",
        "calendarYear": "1987",
        "period": "Q2",
        "revenue": 505500000,
        "costOfRevenue": 0,
        "grossProfit": 505500000,
        "grossProfitRatio": 1,
        "researchAndDevelopmentExpenses": 0,
        "generalAndAdministrativeExpenses": 0,
        "sellingAndMarketingExpenses": 0,
        "sellingGeneralAndAdministrativeExpenses": 0,
        "otherExpenses": -481600000,
        "operatingExpenses": -481600000,
        "costAndExpenses": -481600000,
        "interestIncome": 0,
        "interestExpense": 0,
        "depreciationAndAmortization": 0,
        "ebitda": 23900000,
        "ebitdaratio": 0.0472799209,
        "operatingIncome": 23900000,
        "operatingIncomeRatio": 0.0472799209,
        "totalOtherIncomeExpensesNet": 0,
        "incomeBeforeTax": 0,
        "incomeBeforeTaxRatio": 0,
        "incomeTaxExpense": -23900000,
        "netIncome": 23900000,
        "netIncomeRatio": 0.0472799209,
        "eps": 0.12,
        "epsdiluted": 0.12,
        "weightedAverageShsOut": 199166667,
        "weightedAverageShsOutDil": 199166667,
        "link": "",
        "finalLink": ""
    },
    {
        "date": "1987-03-31",
        "symbol": "UNM",
        "reportedCurrency": "USD",
        "cik": "0000005513",
        "fillingDate": "1987-03-31",
        "acceptedDate": "1987-03-30 19:00:00",
        "calendarYear": "1987",
        "period": "Q1",
        "revenue": 554700000,
        "costOfRevenue": 0,
        "grossProfit": 554700000,
        "grossProfitRatio": 1,
        "researchAndDevelopmentExpenses": 0,
        "generalAndAdministrativeExpenses": 0,
        "sellingAndMarketingExpenses": 0,
        "sellingGeneralAndAdministrativeExpenses": 0,
        "otherExpenses": -538400000,
        "operatingExpenses": -538400000,
        "costAndExpenses": -538400000,
        "interestIncome": 0,
        "interestExpense": 0,
        "depreciationAndAmortization": 0,
        "ebitda": 16300000,
        "ebitdaratio": 0.0293852533,
        "operatingIncome": 16300000,
        "operatingIncomeRatio": 0.0293852533,
        "totalOtherIncomeExpensesNet": 0,
        "incomeBeforeTax": 0,
        "incomeBeforeTaxRatio": 0,
        "incomeTaxExpense": -16300000,
        "netIncome": 16300000,
        "netIncomeRatio": 0.0293852533,
        "eps": 0.09,
        "epsdiluted": 0.09,
        "weightedAverageShsOut": 181111111,
        "weightedAverageShsOutDil": 181111111,
        "link": "",
        "finalLink": ""
    },
    {
        "date": "1986-12-31",
        "symbol": "UNM",
        "reportedCurrency": "USD",
        "cik": "0000005513",
        "fillingDate": "1986-12-31",
        "acceptedDate": "1986-12-30 19:00:00",
        "calendarYear": "1986",
        "period": "Q4",
        "revenue": 936500000,
        "costOfRevenue": 0,
        "grossProfit": 936500000,
        "grossProfitRatio": 1,
        "researchAndDevelopmentExpenses": 0,
        "generalAndAdministrativeExpenses": 0,
        "sellingAndMarketingExpenses": 0,
        "sellingGeneralAndAdministrativeExpenses": 0,
        "otherExpenses": -942800000,
        "operatingExpenses": -942800000,
        "costAndExpenses": -942800000,
        "interestIncome": 0,
        "interestExpense": 0,
        "depreciationAndAmortization": 0,
        "ebitda": -6300000,
        "ebitdaratio": -0.0067271757,
        "operatingIncome": -6300000,
        "operatingIncomeRatio": -0.0067271757,
        "totalOtherIncomeExpensesNet": 0,
        "incomeBeforeTax": 0,
        "incomeBeforeTaxRatio": 0,
        "incomeTaxExpense": 6300000,
        "netIncome": -6300000,
        "netIncomeRatio": -0.0067271757,
        "eps": -0.0348,
        "epsdiluted": -0.0348,
        "weightedAverageShsOut": 181111111,
        "weightedAverageShsOutDil": 181111111,
        "link": "",
        "finalLink": ""
    },
    {
        "date": "1986-09-30",
        "symbol": "UNM",
        "reportedCurrency": "USD",
        "cik": "0000005513",
        "fillingDate": "1986-09-30",
        "acceptedDate": "1986-09-29 20:00:00",
        "calendarYear": "1986",
        "period": "Q3",
        "revenue": 393400000,
        "costOfRevenue": 0,
        "grossProfit": 393400000,
        "grossProfitRatio": 1,
        "researchAndDevelopmentExpenses": 0,
        "generalAndAdministrativeExpenses": 0,
        "sellingAndMarketingExpenses": 0,
        "sellingGeneralAndAdministrativeExpenses": 0,
        "otherExpenses": -357600000,
        "operatingExpenses": -357600000,
        "costAndExpenses": -357600000,
        "interestIncome": 0,
        "interestExpense": 0,
        "depreciationAndAmortization": 0,
        "ebitda": 35800000,
        "ebitdaratio": 0.0910015252,
        "operatingIncome": 35800000,
        "operatingIncomeRatio": 0.0910015252,
        "totalOtherIncomeExpensesNet": 0,
        "incomeBeforeTax": 0,
        "incomeBeforeTaxRatio": 0,
        "incomeTaxExpense": -35800000,
        "netIncome": 35800000,
        "netIncomeRatio": 0.0910015252,
        "eps": 0.21,
        "epsdiluted": 0.21,
        "weightedAverageShsOut": 170476190,
        "weightedAverageShsOutDil": 170476190,
        "link": "",
        "finalLink": ""
    },
    {
        "date": "1986-06-30",
        "symbol": "UNM",
        "reportedCurrency": "USD",
        "cik": "0000005513",
        "fillingDate": "1986-06-30",
        "acceptedDate": "1986-06-29 20:00:00",
        "calendarYear": "1986",
        "period": "Q2",
        "revenue": 393400000,
        "costOfRevenue": 0,
        "grossProfit": 393400000,
        "grossProfitRatio": 1,
        "researchAndDevelopmentExpenses": 0,
        "generalAndAdministrativeExpenses": 0,
        "sellingAndMarketingExpenses": 0,
        "sellingGeneralAndAdministrativeExpenses": 0,
        "otherExpenses": -357600000,
        "operatingExpenses": -357600000,
        "costAndExpenses": -357600000,
        "interestIncome": 0,
        "interestExpense": 0,
        "depreciationAndAmortization": 0,
        "ebitda": 35800000,
        "ebitdaratio": 0.0910015252,
        "operatingIncome": 35800000,
        "operatingIncomeRatio": 0.0910015252,
        "totalOtherIncomeExpensesNet": 0,
        "incomeBeforeTax": 0,
        "incomeBeforeTaxRatio": 0,
        "incomeTaxExpense": -35800000,
        "netIncome": 35800000,
        "netIncomeRatio": 0.0910015252,
        "eps": 0.21,
        "epsdiluted": 0.21,
        "weightedAverageShsOut": 170476190,
        "weightedAverageShsOutDil": 170476190,
        "link": "",
        "finalLink": ""
    },
    {
        "date": "1986-03-31",
        "symbol": "UNM",
        "reportedCurrency": "USD",
        "cik": "0000005513",
        "fillingDate": "1986-03-31",
        "acceptedDate": "1986-03-30 19:00:00",
        "calendarYear": "1986",
        "period": "Q1",
        "revenue": 393400000,
        "costOfRevenue": 0,
        "grossProfit": 393400000,
        "grossProfitRatio": 1,
        "researchAndDevelopmentExpenses": 0,
        "generalAndAdministrativeExpenses": 0,
        "sellingAndMarketingExpenses": 0,
        "sellingGeneralAndAdministrativeExpenses": 0,
        "otherExpenses": -357600000,
        "operatingExpenses": -357600000,
        "costAndExpenses": -357600000,
        "interestIncome": 0,
        "interestExpense": 0,
        "depreciationAndAmortization": 0,
        "ebitda": 35800000,
        "ebitdaratio": 0.0910015252,
        "operatingIncome": 35800000,
        "operatingIncomeRatio": 0.0910015252,
        "totalOtherIncomeExpensesNet": 0,
        "incomeBeforeTax": 0,
        "incomeBeforeTaxRatio": 0,
        "incomeTaxExpense": -35800000,
        "netIncome": 35800000,
        "netIncomeRatio": 0.0910015252,
        "eps": 0.21,
        "epsdiluted": 0.21,
        "weightedAverageShsOut": 170476190,
        "weightedAverageShsOutDil": 170476190,
        "link": "",
        "finalLink": ""
    },
    {
        "date": "1985-12-31",
        "symbol": "UNM",
        "reportedCurrency": "USD",
        "cik": "0000005513",
        "fillingDate": "1985-12-31",
        "acceptedDate": "1985-12-30 19:00:00",
        "calendarYear": "1985",
        "period": "Q4",
        "revenue": 447100000,
        "costOfRevenue": 0,
        "grossProfit": 447100000,
        "grossProfitRatio": 1,
        "researchAndDevelopmentExpenses": 0,
        "generalAndAdministrativeExpenses": 0,
        "sellingAndMarketingExpenses": 0,
        "sellingGeneralAndAdministrativeExpenses": 0,
        "otherExpenses": -417800000,
        "operatingExpenses": -417800000,
        "costAndExpenses": -417800000,
        "interestIncome": 0,
        "interestExpense": 0,
        "depreciationAndAmortization": 0,
        "ebitda": 29300000,
        "ebitdaratio": 0.0655334377,
        "operatingIncome": 29300000,
        "operatingIncomeRatio": 0.0655334377,
        "totalOtherIncomeExpensesNet": 0,
        "incomeBeforeTax": 0,
        "incomeBeforeTaxRatio": 0,
        "incomeTaxExpense": -29300000,
        "netIncome": 29300000,
        "netIncomeRatio": 0.0655334377,
        "eps": 0.17,
        "epsdiluted": 0.17,
        "weightedAverageShsOut": 170476190,
        "weightedAverageShsOutDil": 170476190,
        "link": "",
        "finalLink": ""
    },
    {
        "date": "1985-09-30",
        "symbol": "UNM",
        "reportedCurrency": "USD",
        "cik": "0000005513",
        "fillingDate": "1985-09-30",
        "acceptedDate": "1985-09-29 20:00:00",
        "calendarYear": "1985",
        "period": "Q3",
        "revenue": 447100000,
        "costOfRevenue": 0,
        "grossProfit": 447100000,
        "grossProfitRatio": 1,
        "researchAndDevelopmentExpenses": 0,
        "generalAndAdministrativeExpenses": 0,
        "sellingAndMarketingExpenses": 0,
        "sellingGeneralAndAdministrativeExpenses": 0,
        "otherExpenses": -417700000,
        "operatingExpenses": -417700000,
        "costAndExpenses": -417700000,
        "interestIncome": 0,
        "interestExpense": 0,
        "depreciationAndAmortization": 0,
        "ebitda": 29400000,
        "ebitdaratio": 0.0657571013,
        "operatingIncome": 29400000,
        "operatingIncomeRatio": 0.0657571013,
        "totalOtherIncomeExpensesNet": 0,
        "incomeBeforeTax": 0,
        "incomeBeforeTaxRatio": 0,
        "incomeTaxExpense": -29400000,
        "netIncome": 29400000,
        "netIncomeRatio": 0.0657571013,
        "eps": 0.17,
        "epsdiluted": 0.17,
        "weightedAverageShsOut": 172941176,
        "weightedAverageShsOutDil": 172941176,
        "link": "",
        "finalLink": ""
    }
]