[
    {
        "date": "2025-09-30",
        "symbol": "UNP",
        "reportedCurrency": "USD",
        "cik": "0000100885",
        "fillingDate": "2025-10-23",
        "acceptedDate": "2025-10-23 15:42:27",
        "calendarYear": "2025",
        "period": "Q3",
        "revenue": 6244000000,
        "costOfRevenue": 3343000000,
        "grossProfit": 2901000000,
        "grossProfitRatio": 0.4646060218,
        "researchAndDevelopmentExpenses": 0,
        "generalAndAdministrativeExpenses": 0,
        "sellingAndMarketingExpenses": 0,
        "sellingGeneralAndAdministrativeExpenses": 0,
        "otherExpenses": 352000000,
        "operatingExpenses": 352000000,
        "costAndExpenses": 3695000000,
        "interestIncome": 0,
        "interestExpense": 327000000,
        "depreciationAndAmortization": 618000000,
        "ebitda": 3263000000,
        "ebitdaratio": 0.5225816784,
        "operatingIncome": 2549000000,
        "operatingIncomeRatio": 0.4082319026,
        "totalOtherIncomeExpensesNet": -231000000,
        "incomeBeforeTax": 2318000000,
        "incomeBeforeTaxRatio": 0.3712363869,
        "incomeTaxExpense": 530000000,
        "netIncome": 1788000000,
        "netIncomeRatio": 0.2863549007,
        "eps": 3.02,
        "epsdiluted": 3.01,
        "weightedAverageShsOut": 592400000,
        "weightedAverageShsOutDil": 593200000,
        "link": "https://www.sec.gov/Archives/edgar/data/100885/000010088525000321/0000100885-25-000321-index.htm",
        "finalLink": "https://www.sec.gov/Archives/edgar/data/100885/000010088525000321/unp-20250930.htm"
    },
    {
        "date": "2025-06-30",
        "symbol": "UNP",
        "reportedCurrency": "USD",
        "cik": "0000100885",
        "fillingDate": "2025-07-24",
        "acceptedDate": "2025-07-24 15:32:03",
        "calendarYear": "2025",
        "period": "Q2",
        "revenue": 6154000000,
        "costOfRevenue": 3317000000,
        "grossProfit": 2837000000,
        "grossProfitRatio": 0.461000975,
        "researchAndDevelopmentExpenses": 0,
        "generalAndAdministrativeExpenses": 0,
        "sellingAndMarketingExpenses": 0,
        "sellingGeneralAndAdministrativeExpenses": 0,
        "otherExpenses": 319000000,
        "operatingExpenses": 319000000,
        "costAndExpenses": 3636000000,
        "interestIncome": 16000000,
        "interestExpense": 335000000,
        "depreciationAndAmortization": 620000000,
        "ebitda": 3268000000,
        "ebitdaratio": 0.5310367241,
        "operatingIncome": 2518000000,
        "operatingIncomeRatio": 0.4091647709,
        "totalOtherIncomeExpensesNet": -205000000,
        "incomeBeforeTax": 2313000000,
        "incomeBeforeTaxRatio": 0.3758531037,
        "incomeTaxExpense": 437000000,
        "netIncome": 1876000000,
        "netIncomeRatio": 0.3048423789,
        "eps": 3.16,
        "epsdiluted": 3.15,
        "weightedAverageShsOut": 594100000,
        "weightedAverageShsOutDil": 594800000,
        "link": "https://www.sec.gov/Archives/edgar/data/100885/000010088525000253/0000100885-25-000253-index.htm",
        "finalLink": "https://www.sec.gov/Archives/edgar/data/100885/000010088525000253/unp-20250630.htm"
    },
    {
        "date": "2025-03-31",
        "symbol": "UNP",
        "reportedCurrency": "USD",
        "cik": "0000100885",
        "fillingDate": "2025-04-24",
        "acceptedDate": "2025-04-24 15:14:29",
        "calendarYear": "2025",
        "period": "Q1",
        "revenue": 6027000000,
        "costOfRevenue": 3297000000,
        "grossProfit": 2730000000,
        "grossProfitRatio": 0.4529616725,
        "researchAndDevelopmentExpenses": 0,
        "generalAndAdministrativeExpenses": -13000000,
        "sellingAndMarketingExpenses": 0,
        "sellingGeneralAndAdministrativeExpenses": -13000000,
        "otherExpenses": 372000000,
        "operatingExpenses": 359000000,
        "costAndExpenses": 3656000000,
        "interestIncome": 0,
        "interestExpense": 322000000,
        "depreciationAndAmortization": 610000000,
        "ebitda": 3059000000,
        "ebitdaratio": 0.5075493612,
        "operatingIncome": 2371000000,
        "operatingIncomeRatio": 0.3933963829,
        "totalOtherIncomeExpensesNet": -244000000,
        "incomeBeforeTax": 2127000000,
        "incomeBeforeTaxRatio": 0.3529118965,
        "incomeTaxExpense": 501000000,
        "netIncome": 1626000000,
        "netIncomeRatio": 0.2697859632,
        "eps": 2.7054908485856903,
        "epsdiluted": 2.701445422827712,
        "weightedAverageShsOut": 601000000,
        "weightedAverageShsOutDil": 601900000,
        "link": "https://www.sec.gov/Archives/edgar/data/100885/000010088525000151/0000100885-25-000151-index.htm",
        "finalLink": "https://www.sec.gov/Archives/edgar/data/100885/000010088525000151/unp-20250331.htm"
    },
    {
        "date": "2024-12-31",
        "symbol": "UNP",
        "reportedCurrency": "USD",
        "cik": "0000100885",
        "fillingDate": "2025-02-07",
        "acceptedDate": "2025-02-07 12:12:07",
        "calendarYear": "2024",
        "period": "Q4",
        "revenue": 6121000000,
        "costOfRevenue": 3315000000,
        "grossProfit": 2806000000,
        "grossProfitRatio": 0.4584218265,
        "researchAndDevelopmentExpenses": 0,
        "generalAndAdministrativeExpenses": 0,
        "sellingAndMarketingExpenses": 0,
        "sellingGeneralAndAdministrativeExpenses": 0,
        "otherExpenses": 281000000,
        "operatingExpenses": 281000000,
        "costAndExpenses": 3596000000,
        "interestIncome": 0,
        "interestExpense": 312000000,
        "depreciationAndAmortization": 606000000,
        "ebitda": 3199000000,
        "ebitdaratio": 0.5226270217,
        "operatingIncome": 2525000000,
        "operatingIncomeRatio": 0.412514295,
        "totalOtherIncomeExpensesNet": -244000000,
        "incomeBeforeTax": 2281000000,
        "incomeBeforeTaxRatio": 0.3726515275,
        "incomeTaxExpense": 519000000,
        "netIncome": 1762000000,
        "netIncomeRatio": 0.2878614605,
        "eps": 2.92,
        "epsdiluted": 2.91,
        "weightedAverageShsOut": 607600000,
        "weightedAverageShsOutDil": 608600000,
        "link": "https://www.sec.gov/Archives/edgar/data/100885/000010088525000042/0000100885-25-000042-index.htm",
        "finalLink": "https://www.sec.gov/Archives/edgar/data/100885/000010088525000042/unp-20241231.htm"
    },
    {
        "date": "2024-09-30",
        "symbol": "UNP",
        "reportedCurrency": "USD",
        "cik": "0000100885",
        "fillingDate": "2024-10-24",
        "acceptedDate": "2024-10-24 15:20:00",
        "calendarYear": "2024",
        "period": "Q3",
        "revenue": 6091000000,
        "costOfRevenue": 3321000000,
        "grossProfit": 2770000000,
        "grossProfitRatio": 0.4547693318,
        "researchAndDevelopmentExpenses": 0,
        "generalAndAdministrativeExpenses": 0,
        "sellingAndMarketingExpenses": 0,
        "sellingGeneralAndAdministrativeExpenses": 0,
        "otherExpenses": 354000000,
        "operatingExpenses": 354000000,
        "costAndExpenses": 3682000000,
        "interestIncome": 0,
        "interestExpense": 314000000,
        "depreciationAndAmortization": 609000000,
        "ebitda": 3112000000,
        "ebitdaratio": 0.5109177475,
        "operatingIncome": 2409000000,
        "operatingIncomeRatio": 0.3955015597,
        "totalOtherIncomeExpensesNet": -220000000,
        "incomeBeforeTax": 2189000000,
        "incomeBeforeTaxRatio": 0.3593826958,
        "incomeTaxExpense": 518000000,
        "netIncome": 1671000000,
        "netIncomeRatio": 0.274339189,
        "eps": 2.75,
        "epsdiluted": 2.75,
        "weightedAverageShsOut": 607600000,
        "weightedAverageShsOutDil": 608600000,
        "link": "https://www.sec.gov/Archives/edgar/data/100885/000143774924032008/0001437749-24-032008-index.htm",
        "finalLink": "https://www.sec.gov/Archives/edgar/data/100885/000143774924032008/unp20240930_10q.htm"
    },
    {
        "date": "2024-06-30",
        "symbol": "UNP",
        "reportedCurrency": "USD",
        "cik": "0000100885",
        "fillingDate": "2024-07-25",
        "acceptedDate": "2024-07-25 15:28:33",
        "calendarYear": "2024",
        "period": "Q2",
        "revenue": 6007000000,
        "costOfRevenue": 3279000000,
        "grossProfit": 2728000000,
        "grossProfitRatio": 0.4541368404,
        "researchAndDevelopmentExpenses": 0,
        "generalAndAdministrativeExpenses": 0,
        "sellingAndMarketingExpenses": 0,
        "sellingGeneralAndAdministrativeExpenses": 336000000,
        "otherExpenses": 0,
        "operatingExpenses": 336000000,
        "costAndExpenses": 3615000000,
        "interestIncome": 24000000,
        "interestExpense": 319000000,
        "depreciationAndAmortization": 604000000,
        "ebitda": 3107000000,
        "ebitdaratio": 0.5172298985,
        "operatingIncome": 2392000000,
        "operatingIncomeRatio": 0.3982020976,
        "totalOtherIncomeExpensesNet": -208000000,
        "incomeBeforeTax": 2184000000,
        "incomeBeforeTaxRatio": 0.3635758282,
        "incomeTaxExpense": 511000000,
        "netIncome": 1673000000,
        "netIncomeRatio": 0.2785084069,
        "eps": 2.75,
        "epsdiluted": 2.74,
        "weightedAverageShsOut": 609400000,
        "weightedAverageShsOutDil": 610300000,
        "link": "https://www.sec.gov/Archives/edgar/data/100885/000143774924023463/0001437749-24-023463-index.htm",
        "finalLink": "https://www.sec.gov/Archives/edgar/data/100885/000143774924023463/unp20240630c_10q.htm"
    },
    {
        "date": "2024-03-31",
        "symbol": "UNP",
        "reportedCurrency": "USD",
        "cik": "0000100885",
        "fillingDate": "2024-04-25",
        "acceptedDate": "2024-04-25 15:29:46",
        "calendarYear": "2024",
        "period": "Q1",
        "revenue": 6031000000,
        "costOfRevenue": 3310000000,
        "grossProfit": 2721000000,
        "grossProfitRatio": 0.4511689604,
        "researchAndDevelopmentExpenses": 0,
        "generalAndAdministrativeExpenses": -15000000,
        "sellingAndMarketingExpenses": 370000000,
        "sellingGeneralAndAdministrativeExpenses": 355000000,
        "otherExpenses": 0,
        "operatingExpenses": 355000000,
        "costAndExpenses": 3665000000,
        "interestIncome": 0,
        "interestExpense": 324000000,
        "depreciationAndAmortization": 600000000,
        "ebitda": 3064000000,
        "ebitdaratio": 0.5080417841,
        "operatingIncome": 2372000000,
        "operatingIncomeRatio": 0.3933012767,
        "totalOtherIncomeExpensesNet": -232000000,
        "incomeBeforeTax": 2140000000,
        "incomeBeforeTaxRatio": 0.354833361,
        "incomeTaxExpense": 499000000,
        "netIncome": 1641000000,
        "netIncomeRatio": 0.2720941801,
        "eps": 2.69,
        "epsdiluted": 2.69,
        "weightedAverageShsOut": 609200000,
        "weightedAverageShsOutDil": 610200000,
        "link": "https://www.sec.gov/Archives/edgar/data/100885/000143774924013206/0001437749-24-013206-index.htm",
        "finalLink": "https://www.sec.gov/Archives/edgar/data/100885/000143774924013206/unp20240331_10q.htm"
    },
    {
        "date": "2023-12-31",
        "symbol": "UNP",
        "reportedCurrency": "USD",
        "cik": "0000100885",
        "fillingDate": "2024-02-09",
        "acceptedDate": "2024-02-09 13:56:24",
        "calendarYear": "2023",
        "period": "Q4",
        "revenue": 6159000000,
        "costOfRevenue": 3391000000,
        "grossProfit": 2768000000,
        "grossProfitRatio": 0.4494236077,
        "researchAndDevelopmentExpenses": 0,
        "generalAndAdministrativeExpenses": 0,
        "sellingAndMarketingExpenses": 0,
        "sellingGeneralAndAdministrativeExpenses": 361000000,
        "otherExpenses": 0,
        "operatingExpenses": 361000000,
        "costAndExpenses": 3752000000,
        "interestIncome": 52000000,
        "interestExpense": 331000000,
        "depreciationAndAmortization": 595000000,
        "ebitda": 3110000000,
        "ebitdaratio": 0.5049521026,
        "operatingIncome": 2407000000,
        "operatingIncomeRatio": 0.3908101965,
        "totalOtherIncomeExpensesNet": -223000000,
        "incomeBeforeTax": 2184000000,
        "incomeBeforeTaxRatio": 0.35460302,
        "incomeTaxExpense": 532000000,
        "netIncome": 1652000000,
        "netIncomeRatio": 0.2682253613,
        "eps": 2.71,
        "epsdiluted": 2.71,
        "weightedAverageShsOut": 608900000,
        "weightedAverageShsOutDil": 609900000,
        "link": "https://www.sec.gov/Archives/edgar/data/100885/000143774924003599/0001437749-24-003599-index.htm",
        "finalLink": "https://www.sec.gov/Archives/edgar/data/100885/000143774924003599/unp20231231_10k.htm"
    },
    {
        "date": "2023-09-30",
        "symbol": "UNP",
        "reportedCurrency": "USD",
        "cik": "0000100885",
        "fillingDate": "2023-10-19",
        "acceptedDate": "2023-10-19 15:28:18",
        "calendarYear": "2023",
        "period": "Q3",
        "revenue": 5941000000,
        "costOfRevenue": 3386000000,
        "grossProfit": 2555000000,
        "grossProfitRatio": 0.4300622791,
        "researchAndDevelopmentExpenses": 0,
        "generalAndAdministrativeExpenses": 0,
        "sellingAndMarketingExpenses": 0,
        "sellingGeneralAndAdministrativeExpenses": 378000000,
        "otherExpenses": 0,
        "operatingExpenses": 378000000,
        "costAndExpenses": 3764000000,
        "interestIncome": 0,
        "interestExpense": 334000000,
        "depreciationAndAmortization": 589000000,
        "ebitda": 2872000000,
        "ebitdaratio": 0.4834202996,
        "operatingIncome": 2177000000,
        "operatingIncomeRatio": 0.3664366268,
        "totalOtherIncomeExpensesNet": -228000000,
        "incomeBeforeTax": 1949000000,
        "incomeBeforeTaxRatio": 0.3280592493,
        "incomeTaxExpense": 421000000,
        "netIncome": 1528000000,
        "netIncomeRatio": 0.2571957583,
        "eps": 2.51,
        "epsdiluted": 2.51,
        "weightedAverageShsOut": 608700000,
        "weightedAverageShsOutDil": 609800000,
        "link": "https://www.sec.gov/Archives/edgar/data/100885/000143774923028607/0001437749-23-028607-index.htm",
        "finalLink": "https://www.sec.gov/Archives/edgar/data/100885/000143774923028607/unp20230930_10q.htm"
    },
    {
        "date": "2023-06-30",
        "symbol": "UNP",
        "reportedCurrency": "USD",
        "cik": "0000100885",
        "fillingDate": "2023-07-26",
        "acceptedDate": "2023-07-26 15:12:02",
        "calendarYear": "2023",
        "period": "Q2",
        "revenue": 5963000000,
        "costOfRevenue": 3408000000,
        "grossProfit": 2555000000,
        "grossProfitRatio": 0.4284755995,
        "researchAndDevelopmentExpenses": 0,
        "generalAndAdministrativeExpenses": 0,
        "sellingAndMarketingExpenses": 0,
        "sellingGeneralAndAdministrativeExpenses": 351000000,
        "otherExpenses": 0,
        "operatingExpenses": 351000000,
        "costAndExpenses": 3759000000,
        "interestIncome": 0,
        "interestExpense": 339000000,
        "depreciationAndAmortization": 580000000,
        "ebitda": 2877000000,
        "ebitdaratio": 0.4824752641,
        "operatingIncome": 2204000000,
        "operatingIncomeRatio": 0.3696126111,
        "totalOtherIncomeExpensesNet": -246000000,
        "incomeBeforeTax": 1958000000,
        "incomeBeforeTaxRatio": 0.328358209,
        "incomeTaxExpense": 389000000,
        "netIncome": 1569000000,
        "netIncomeRatio": 0.2631225893,
        "eps": 2.58,
        "epsdiluted": 2.57,
        "weightedAverageShsOut": 608700000,
        "weightedAverageShsOutDil": 609500000,
        "link": "https://www.sec.gov/Archives/edgar/data/100885/000143774923020699/0001437749-23-020699-index.htm",
        "finalLink": "https://www.sec.gov/Archives/edgar/data/100885/000143774923020699/unp20230630_10q.htm"
    },
    {
        "date": "2023-03-31",
        "symbol": "UNP",
        "reportedCurrency": "USD",
        "cik": "0000100885",
        "fillingDate": "2023-04-20",
        "acceptedDate": "2023-04-20 15:14:35",
        "calendarYear": "2023",
        "period": "Q1",
        "revenue": 6056000000,
        "costOfRevenue": 3405000000,
        "grossProfit": 2651000000,
        "grossProfitRatio": 0.4377476882,
        "researchAndDevelopmentExpenses": 0,
        "generalAndAdministrativeExpenses": -14000000,
        "sellingAndMarketingExpenses": 371000000,
        "sellingGeneralAndAdministrativeExpenses": 357000000,
        "otherExpenses": 0,
        "operatingExpenses": 357000000,
        "costAndExpenses": 3762000000,
        "interestIncome": 0,
        "interestExpense": 336000000,
        "depreciationAndAmortization": 591000000,
        "ebitda": 3069000000,
        "ebitdaratio": 0.5067701453,
        "operatingIncome": 2294000000,
        "operatingIncomeRatio": 0.3787978864,
        "totalOtherIncomeExpensesNet": -152000000,
        "incomeBeforeTax": 2142000000,
        "incomeBeforeTaxRatio": 0.3536988111,
        "incomeTaxExpense": 512000000,
        "netIncome": 1630000000,
        "netIncomeRatio": 0.2691545575,
        "eps": 2.67,
        "epsdiluted": 2.67,
        "weightedAverageShsOut": 610600000,
        "weightedAverageShsOutDil": 611500000,
        "link": "https://www.sec.gov/Archives/edgar/data/100885/000143774923010730/0001437749-23-010730-index.htm",
        "finalLink": "https://www.sec.gov/Archives/edgar/data/100885/000143774923010730/unp20230331b_10q.htm"
    },
    {
        "date": "2022-12-31",
        "symbol": "UNP",
        "reportedCurrency": "USD",
        "cik": "0000100885",
        "fillingDate": "2023-02-10",
        "acceptedDate": "2023-02-10 09:42:02",
        "calendarYear": "2022",
        "period": "Q4",
        "revenue": 6180000000,
        "costOfRevenue": 3467000000,
        "grossProfit": 2713000000,
        "grossProfitRatio": 0.4389967638,
        "researchAndDevelopmentExpenses": 0,
        "generalAndAdministrativeExpenses": 0,
        "sellingAndMarketingExpenses": 0,
        "sellingGeneralAndAdministrativeExpenses": 301000000,
        "otherExpenses": 0,
        "operatingExpenses": 301000000,
        "costAndExpenses": 3768000000,
        "interestIncome": 0,
        "interestExpense": 333000000,
        "depreciationAndAmortization": 585000000,
        "ebitda": 3089000000,
        "ebitdaratio": 0.4998381877,
        "operatingIncome": 2412000000,
        "operatingIncomeRatio": 0.3902912621,
        "totalOtherIncomeExpensesNet": -241000000,
        "incomeBeforeTax": 2171000000,
        "incomeBeforeTaxRatio": 0.3512944984,
        "incomeTaxExpense": 533000000,
        "netIncome": 1638000000,
        "netIncomeRatio": 0.2650485437,
        "eps": 2.67,
        "epsdiluted": 2.67,
        "weightedAverageShsOut": 612700000,
        "weightedAverageShsOutDil": 613700000,
        "link": "https://www.sec.gov/Archives/edgar/data/100885/000143774923002959/0001437749-23-002959-index.htm",
        "finalLink": "https://www.sec.gov/Archives/edgar/data/100885/000143774923002959/unp20221231_10k.htm"
    },
    {
        "date": "2022-09-30",
        "symbol": "UNP",
        "reportedCurrency": "USD",
        "cik": "0000100885",
        "fillingDate": "2022-10-20",
        "acceptedDate": "2022-10-20 15:36:35",
        "calendarYear": "2022",
        "period": "Q3",
        "revenue": 6566000000,
        "costOfRevenue": 3614000000,
        "grossProfit": 2952000000,
        "grossProfitRatio": 0.4495887907,
        "researchAndDevelopmentExpenses": 0,
        "generalAndAdministrativeExpenses": 0,
        "sellingAndMarketingExpenses": 0,
        "sellingGeneralAndAdministrativeExpenses": 319000000,
        "otherExpenses": 0,
        "operatingExpenses": 319000000,
        "costAndExpenses": 3933000000,
        "interestIncome": 0,
        "interestExpense": 315000000,
        "depreciationAndAmortization": 563000000,
        "ebitda": 3218000000,
        "ebitdaratio": 0.4901005178,
        "operatingIncome": 2633000000,
        "operatingIncomeRatio": 0.4010051782,
        "totalOtherIncomeExpensesNet": -191000000,
        "incomeBeforeTax": 2442000000,
        "incomeBeforeTaxRatio": 0.3719159306,
        "incomeTaxExpense": 547000000,
        "netIncome": 1895000000,
        "netIncomeRatio": 0.2886079805,
        "eps": 3.05,
        "epsdiluted": 3.05,
        "weightedAverageShsOut": 620400000,
        "weightedAverageShsOutDil": 621500000,
        "link": "https://www.sec.gov/Archives/edgar/data/100885/000143774922024458/0001437749-22-024458-index.htm",
        "finalLink": "https://www.sec.gov/Archives/edgar/data/100885/000143774922024458/unp20220930_10q.htm"
    },
    {
        "date": "2022-06-30",
        "symbol": "UNP",
        "reportedCurrency": "USD",
        "cik": "0000100885",
        "fillingDate": "2022-07-21",
        "acceptedDate": "2022-07-21 15:22:01",
        "calendarYear": "2022",
        "period": "Q2",
        "revenue": 6269000000,
        "costOfRevenue": 3443000000,
        "grossProfit": 2826000000,
        "grossProfitRatio": 0.4507895996,
        "researchAndDevelopmentExpenses": 0,
        "generalAndAdministrativeExpenses": 0,
        "sellingAndMarketingExpenses": 0,
        "sellingGeneralAndAdministrativeExpenses": 331000000,
        "otherExpenses": 0,
        "operatingExpenses": 331000000,
        "costAndExpenses": 3774000000,
        "interestIncome": 0,
        "interestExpense": 316000000,
        "depreciationAndAmortization": 559000000,
        "ebitda": 3075000000,
        "ebitdaratio": 0.4905088531,
        "operatingIncome": 2495000000,
        "operatingIncomeRatio": 0.3979901101,
        "totalOtherIncomeExpensesNet": -153000000,
        "incomeBeforeTax": 2342000000,
        "incomeBeforeTaxRatio": 0.3735843037,
        "incomeTaxExpense": 507000000,
        "netIncome": 1835000000,
        "netIncomeRatio": 0.2927101611,
        "eps": 2.93,
        "epsdiluted": 2.93,
        "weightedAverageShsOut": 625600000,
        "weightedAverageShsOutDil": 626800000,
        "link": "https://www.sec.gov/Archives/edgar/data/100885/000143774922017515/0001437749-22-017515-index.htm",
        "finalLink": "https://www.sec.gov/Archives/edgar/data/100885/000143774922017515/unp20220525_10q.htm"
    },
    {
        "date": "2022-03-31",
        "symbol": "UNP",
        "reportedCurrency": "USD",
        "cik": "0000100885",
        "fillingDate": "2022-04-21",
        "acceptedDate": "2022-04-21 15:12:33",
        "calendarYear": "2022",
        "period": "Q1",
        "revenue": 5860000000,
        "costOfRevenue": 3146000000,
        "grossProfit": 2714000000,
        "grossProfitRatio": 0.4631399317,
        "researchAndDevelopmentExpenses": 0,
        "generalAndAdministrativeExpenses": 0,
        "sellingAndMarketingExpenses": 0,
        "sellingGeneralAndAdministrativeExpenses": 337000000,
        "otherExpenses": 0,
        "operatingExpenses": 337000000,
        "costAndExpenses": 3483000000,
        "interestIncome": 0,
        "interestExpense": 307000000,
        "depreciationAndAmortization": 555000000,
        "ebitda": 2979000000,
        "ebitdaratio": 0.5083617747,
        "operatingIncome": 2377000000,
        "operatingIncomeRatio": 0.4056313993,
        "totalOtherIncomeExpensesNet": -260000000,
        "incomeBeforeTax": 2117000000,
        "incomeBeforeTaxRatio": 0.3612627986,
        "incomeTaxExpense": 487000000,
        "netIncome": 1630000000,
        "netIncomeRatio": 0.2781569966,
        "eps": 2.58,
        "epsdiluted": 2.57,
        "weightedAverageShsOut": 632200000,
        "weightedAverageShsOutDil": 633600000,
        "link": "https://www.sec.gov/Archives/edgar/data/100885/000143774922009414/0001437749-22-009414-index.htm",
        "finalLink": "https://www.sec.gov/Archives/edgar/data/100885/000143774922009414/unp20220331_10q.htm"
    },
    {
        "date": "2021-12-31",
        "symbol": "UNP",
        "reportedCurrency": "USD",
        "cik": "0000100885",
        "fillingDate": "2022-02-04",
        "acceptedDate": "2022-02-04 15:59:07",
        "calendarYear": "2021",
        "period": "Q4",
        "revenue": 5733000000,
        "costOfRevenue": 2991000000,
        "grossProfit": 2742000000,
        "grossProfitRatio": 0.4782836211,
        "researchAndDevelopmentExpenses": 0,
        "generalAndAdministrativeExpenses": 0,
        "sellingAndMarketingExpenses": 0,
        "sellingGeneralAndAdministrativeExpenses": 302000000,
        "otherExpenses": 0,
        "operatingExpenses": 302000000,
        "costAndExpenses": 3293000000,
        "interestIncome": 1000000,
        "interestExpense": 295000000,
        "depreciationAndAmortization": 556000000,
        "ebitda": 2953000000,
        "ebitdaratio": 0.5150880865,
        "operatingIncome": 2440000000,
        "operatingIncomeRatio": 0.4256061399,
        "totalOtherIncomeExpensesNet": -212000000,
        "incomeBeforeTax": 2228000000,
        "incomeBeforeTaxRatio": 0.3886272458,
        "incomeTaxExpense": 517000000,
        "netIncome": 1711000000,
        "netIncomeRatio": 0.2984475842,
        "eps": 2.67,
        "epsdiluted": 2.66,
        "weightedAverageShsOut": 640400000,
        "weightedAverageShsOutDil": 642100000,
        "link": "https://www.sec.gov/Archives/edgar/data/100885/000143774922002494/0001437749-22-002494-index.htm",
        "finalLink": "https://www.sec.gov/Archives/edgar/data/100885/000143774922002494/unp20211231_10k.htm"
    },
    {
        "date": "2021-09-30",
        "symbol": "UNP",
        "reportedCurrency": "USD",
        "cik": "0000100885",
        "fillingDate": "2021-10-21",
        "acceptedDate": "2021-10-21 15:28:25",
        "calendarYear": "2021",
        "period": "Q3",
        "revenue": 5566000000,
        "costOfRevenue": 2864000000,
        "grossProfit": 2702000000,
        "grossProfitRatio": 0.485447359,
        "researchAndDevelopmentExpenses": 0,
        "generalAndAdministrativeExpenses": 0,
        "sellingAndMarketingExpenses": 0,
        "sellingGeneralAndAdministrativeExpenses": 270000000,
        "otherExpenses": 0,
        "operatingExpenses": 270000000,
        "costAndExpenses": 3134000000,
        "interestIncome": 2000000,
        "interestExpense": 290000000,
        "depreciationAndAmortization": 553000000,
        "ebitda": 3023000000,
        "ebitdaratio": 0.5431189364,
        "operatingIncome": 2432000000,
        "operatingIncomeRatio": 0.4369385555,
        "totalOtherIncomeExpensesNet": -252000000,
        "incomeBeforeTax": 2180000000,
        "incomeBeforeTaxRatio": 0.3916636723,
        "incomeTaxExpense": 507000000,
        "netIncome": 1673000000,
        "netIncomeRatio": 0.3005749192,
        "eps": 2.58,
        "epsdiluted": 2.57,
        "weightedAverageShsOut": 648700000,
        "weightedAverageShsOutDil": 650300000,
        "link": "https://www.sec.gov/Archives/edgar/data/100885/000010088521000353/0000100885-21-000353-index.htm",
        "finalLink": "https://www.sec.gov/Archives/edgar/data/100885/000010088521000353/unp-20210930x10q.htm"
    },
    {
        "date": "2021-06-30",
        "symbol": "UNP",
        "reportedCurrency": "USD",
        "cik": "0000100885",
        "fillingDate": "2021-07-22",
        "acceptedDate": "2021-07-22 15:18:15",
        "calendarYear": "2021",
        "period": "Q2",
        "revenue": 5504000000,
        "costOfRevenue": 2747000000,
        "grossProfit": 2757000000,
        "grossProfitRatio": 0.5009084302,
        "researchAndDevelopmentExpenses": 0,
        "generalAndAdministrativeExpenses": 0,
        "sellingAndMarketingExpenses": 0,
        "sellingGeneralAndAdministrativeExpenses": 284000000,
        "otherExpenses": 0,
        "operatingExpenses": 284000000,
        "costAndExpenses": 3031000000,
        "interestIncome": 1000000,
        "interestExpense": 282000000,
        "depreciationAndAmortization": 550000000,
        "ebitda": 3029000000,
        "ebitdaratio": 0.5503270349,
        "operatingIncome": 2473000000,
        "operatingIncomeRatio": 0.449309593,
        "totalOtherIncomeExpensesNet": -157000000,
        "incomeBeforeTax": 2316000000,
        "incomeBeforeTaxRatio": 0.4207848837,
        "incomeTaxExpense": 518000000,
        "netIncome": 1798000000,
        "netIncomeRatio": 0.3266715116,
        "eps": 2.73,
        "epsdiluted": 2.72,
        "weightedAverageShsOut": 658500000,
        "weightedAverageShsOutDil": 660100000,
        "link": "https://www.sec.gov/Archives/edgar/data/100885/000010088521000250/0000100885-21-000250-index.htm",
        "finalLink": "https://www.sec.gov/Archives/edgar/data/100885/000010088521000250/unp-20210630x10q.htm"
    },
    {
        "date": "2021-03-31",
        "symbol": "UNP",
        "reportedCurrency": "USD",
        "cik": "0000100885",
        "fillingDate": "2021-04-22",
        "acceptedDate": "2021-04-22 15:44:11",
        "calendarYear": "2021",
        "period": "Q1",
        "revenue": 5001000000,
        "costOfRevenue": 2688000000,
        "grossProfit": 2313000000,
        "grossProfitRatio": 0.4625074985,
        "researchAndDevelopmentExpenses": 0,
        "generalAndAdministrativeExpenses": 0,
        "sellingAndMarketingExpenses": 0,
        "sellingGeneralAndAdministrativeExpenses": 0,
        "otherExpenses": 320000000,
        "operatingExpenses": 320000000,
        "costAndExpenses": 3008000000,
        "interestIncome": 1000000,
        "interestExpense": 290000000,
        "depreciationAndAmortization": 549000000,
        "ebitda": 2547000000,
        "ebitdaratio": 0.5092981404,
        "operatingIncome": 1993000000,
        "operatingIncomeRatio": 0.3985202959,
        "totalOtherIncomeExpensesNet": -239000000,
        "incomeBeforeTax": 1754000000,
        "incomeBeforeTaxRatio": 0.350729854,
        "incomeTaxExpense": 413000000,
        "netIncome": 1341000000,
        "netIncomeRatio": 0.2681463707,
        "eps": 2.01,
        "epsdiluted": 2,
        "weightedAverageShsOut": 667600000,
        "weightedAverageShsOutDil": 669200000,
        "link": "https://www.sec.gov/Archives/edgar/data/100885/000010088521000162/0000100885-21-000162-index.htm",
        "finalLink": "https://www.sec.gov/Archives/edgar/data/100885/000010088521000162/unp-20210331x10q.htm"
    },
    {
        "date": "2020-12-31",
        "symbol": "UNP",
        "reportedCurrency": "USD",
        "cik": "0000100885",
        "fillingDate": "2021-02-05",
        "acceptedDate": "2021-02-05 16:35:25",
        "calendarYear": "2020",
        "period": "Q4",
        "revenue": 5141000000,
        "costOfRevenue": 2622000000,
        "grossProfit": 2519000000,
        "grossProfitRatio": 0.4899824937,
        "researchAndDevelopmentExpenses": 0,
        "generalAndAdministrativeExpenses": 0,
        "sellingAndMarketingExpenses": 0,
        "sellingGeneralAndAdministrativeExpenses": 0,
        "otherExpenses": 513000000,
        "operatingExpenses": 513000000,
        "costAndExpenses": 3135000000,
        "interestIncome": 1000000,
        "interestExpense": 279000000,
        "depreciationAndAmortization": 557000000,
        "ebitda": 2629000000,
        "ebitdaratio": 0.5113791091,
        "operatingIncome": 2006000000,
        "operatingIncomeRatio": 0.3901964598,
        "totalOtherIncomeExpensesNet": -213000000,
        "incomeBeforeTax": 1793000000,
        "incomeBeforeTaxRatio": 0.3487648317,
        "incomeTaxExpense": 413000000,
        "netIncome": 1380000000,
        "netIncomeRatio": 0.2684302665,
        "eps": 2.05,
        "epsdiluted": 2.05,
        "weightedAverageShsOut": 672200000,
        "weightedAverageShsOutDil": 674100000,
        "link": "https://www.sec.gov/Archives/edgar/data/100885/000010088521000068/0000100885-21-000068-index.htm",
        "finalLink": "https://www.sec.gov/Archives/edgar/data/100885/000010088521000068/unp-20201231x10k.htm"
    },
    {
        "date": "2020-09-30",
        "symbol": "UNP",
        "reportedCurrency": "USD",
        "cik": "0000100885",
        "fillingDate": "2020-10-22",
        "acceptedDate": "2020-10-22 16:12:49",
        "calendarYear": "2020",
        "period": "Q3",
        "revenue": 4919000000,
        "costOfRevenue": 2589000000,
        "grossProfit": 2330000000,
        "grossProfitRatio": 0.4736735109,
        "researchAndDevelopmentExpenses": 0,
        "generalAndAdministrativeExpenses": 0,
        "sellingAndMarketingExpenses": 0,
        "sellingGeneralAndAdministrativeExpenses": 0,
        "otherExpenses": 299000000,
        "operatingExpenses": 299000000,
        "costAndExpenses": 2888000000,
        "interestIncome": 2000000,
        "interestExpense": 295000000,
        "depreciationAndAmortization": 555000000,
        "ebitda": 2598000000,
        "ebitdaratio": 0.5281561293,
        "operatingIncome": 2031000000,
        "operatingIncomeRatio": 0.4128887985,
        "totalOtherIncomeExpensesNet": -258000000,
        "incomeBeforeTax": 1773000000,
        "incomeBeforeTaxRatio": 0.3604391136,
        "incomeTaxExpense": 410000000,
        "netIncome": 1363000000,
        "netIncomeRatio": 0.2770888392,
        "eps": 2.02,
        "epsdiluted": 2.01,
        "weightedAverageShsOut": 675000000,
        "weightedAverageShsOutDil": 676800000,
        "link": "https://www.sec.gov/Archives/edgar/data/100885/000010088520000304/0000100885-20-000304-index.htm",
        "finalLink": "https://www.sec.gov/Archives/edgar/data/100885/000010088520000304/unp-20200930x10q.htm"
    },
    {
        "date": "2020-06-30",
        "symbol": "UNP",
        "reportedCurrency": "USD",
        "cik": "0000100885",
        "fillingDate": "2020-07-23",
        "acceptedDate": "2020-07-23 15:56:05",
        "calendarYear": "2020",
        "period": "Q2",
        "revenue": 4244000000,
        "costOfRevenue": 2355000000,
        "grossProfit": 1889000000,
        "grossProfitRatio": 0.4450989632,
        "researchAndDevelopmentExpenses": 0,
        "generalAndAdministrativeExpenses": 0,
        "sellingAndMarketingExpenses": 0,
        "sellingGeneralAndAdministrativeExpenses": 0,
        "otherExpenses": 235000000,
        "operatingExpenses": 235000000,
        "costAndExpenses": 2590000000,
        "interestIncome": 3000000,
        "interestExpense": 289000000,
        "depreciationAndAmortization": 551000000,
        "ebitda": 2216000000,
        "ebitdaratio": 0.5221489161,
        "operatingIncome": 1654000000,
        "operatingIncomeRatio": 0.389726673,
        "totalOtherIncomeExpensesNet": -158000000,
        "incomeBeforeTax": 1496000000,
        "incomeBeforeTaxRatio": 0.3524976437,
        "incomeTaxExpense": 364000000,
        "netIncome": 1132000000,
        "netIncomeRatio": 0.2667295005,
        "eps": 1.67,
        "epsdiluted": 1.67,
        "weightedAverageShsOut": 677700000,
        "weightedAverageShsOutDil": 679200000,
        "link": "https://www.sec.gov/Archives/edgar/data/100885/000010088520000221/0000100885-20-000221-index.htm",
        "finalLink": "https://www.sec.gov/Archives/edgar/data/100885/000010088520000221/unp-20200630x10q.htm"
    },
    {
        "date": "2020-03-31",
        "symbol": "UNP",
        "reportedCurrency": "USD",
        "cik": "0000100885",
        "fillingDate": "2020-04-23",
        "acceptedDate": "2020-04-23 16:58:23",
        "calendarYear": "2020",
        "period": "Q1",
        "revenue": 5229000000,
        "costOfRevenue": 2788000000,
        "grossProfit": 2441000000,
        "grossProfitRatio": 0.4668196596,
        "researchAndDevelopmentExpenses": 0,
        "generalAndAdministrativeExpenses": 0,
        "sellingAndMarketingExpenses": 0,
        "sellingGeneralAndAdministrativeExpenses": 0,
        "otherExpenses": 298000000,
        "operatingExpenses": 298000000,
        "costAndExpenses": 3086000000,
        "interestIncome": 6000000,
        "interestExpense": 278000000,
        "depreciationAndAmortization": 547000000,
        "ebitda": 2698000000,
        "ebitdaratio": 0.5159686365,
        "operatingIncome": 2143000000,
        "operatingIncomeRatio": 0.4098297954,
        "totalOtherIncomeExpensesNet": -225000000,
        "incomeBeforeTax": 1918000000,
        "incomeBeforeTaxRatio": 0.3668005355,
        "incomeTaxExpense": 444000000,
        "netIncome": 1474000000,
        "netIncomeRatio": 0.2818894626,
        "eps": 2.15,
        "epsdiluted": 2.15,
        "weightedAverageShsOut": 684300000,
        "weightedAverageShsOutDil": 686200000,
        "link": "https://www.sec.gov/Archives/edgar/data/100885/000010088520000143/0000100885-20-000143-index.htm",
        "finalLink": "https://www.sec.gov/Archives/edgar/data/100885/000010088520000143/unp-20200331x10q.htm"
    },
    {
        "date": "2019-12-31",
        "symbol": "UNP",
        "reportedCurrency": "USD",
        "cik": "0000100885",
        "fillingDate": "2020-02-07",
        "acceptedDate": "2020-02-07 15:35:18",
        "calendarYear": "2019",
        "period": "Q4",
        "revenue": 5212000000,
        "costOfRevenue": 2881000000,
        "grossProfit": 2331000000,
        "grossProfitRatio": 0.447237145,
        "researchAndDevelopmentExpenses": 0,
        "generalAndAdministrativeExpenses": 0,
        "sellingAndMarketingExpenses": 0,
        "sellingGeneralAndAdministrativeExpenses": 0,
        "otherExpenses": 231000000,
        "operatingExpenses": 231000000,
        "costAndExpenses": 3112000000,
        "interestIncome": 38000000,
        "interestExpense": 278000000,
        "depreciationAndAmortization": 559000000,
        "ebitda": 2668000000,
        "ebitdaratio": 0.5118956255,
        "operatingIncome": 2100000000,
        "operatingIncomeRatio": 0.4029163469,
        "totalOtherIncomeExpensesNet": -222000000,
        "incomeBeforeTax": 1878000000,
        "incomeBeforeTaxRatio": 0.3603223331,
        "incomeTaxExpense": 475000000,
        "netIncome": 1403000000,
        "netIncomeRatio": 0.2691864927,
        "eps": 2.03,
        "epsdiluted": 2.02,
        "weightedAverageShsOut": 692200000,
        "weightedAverageShsOutDil": 694900000,
        "link": "https://www.sec.gov/Archives/edgar/data/100885/000010088520000065/0000100885-20-000065-index.htm",
        "finalLink": "https://www.sec.gov/Archives/edgar/data/100885/000010088520000065/unp-20191231x10k.htm"
    },
    {
        "date": "2019-09-30",
        "symbol": "UNP",
        "reportedCurrency": "USD",
        "cik": "0000100885",
        "fillingDate": "2019-10-17",
        "acceptedDate": "2019-10-17 16:28:14",
        "calendarYear": "2019",
        "period": "Q3",
        "revenue": 5516000000,
        "costOfRevenue": 3005000000,
        "grossProfit": 2511000000,
        "grossProfitRatio": 0.4552211748,
        "researchAndDevelopmentExpenses": 0,
        "generalAndAdministrativeExpenses": 0,
        "sellingAndMarketingExpenses": 0,
        "sellingGeneralAndAdministrativeExpenses": 0,
        "otherExpenses": 277000000,
        "operatingExpenses": 277000000,
        "costAndExpenses": 3282000000,
        "interestIncome": 10000000,
        "interestExpense": 266000000,
        "depreciationAndAmortization": 557000000,
        "ebitda": 2803000000,
        "ebitdaratio": 0.5081580856,
        "operatingIncome": 2234000000,
        "operatingIncomeRatio": 0.4050036258,
        "totalOtherIncomeExpensesNet": -213000000,
        "incomeBeforeTax": 2021000000,
        "incomeBeforeTaxRatio": 0.3663886875,
        "incomeTaxExpense": 466000000,
        "netIncome": 1555000000,
        "netIncomeRatio": 0.2819071791,
        "eps": 2.22,
        "epsdiluted": 2.22,
        "weightedAverageShsOut": 699300000,
        "weightedAverageShsOutDil": 701900000,
        "link": "https://www.sec.gov/Archives/edgar/data/100885/000010088519000256/0000100885-19-000256-index.htm",
        "finalLink": "https://www.sec.gov/Archives/edgar/data/100885/000010088519000256/unp-20190930x10q.htm"
    },
    {
        "date": "2019-06-30",
        "symbol": "UNP",
        "reportedCurrency": "USD",
        "cik": "0000100885",
        "fillingDate": "2019-07-18",
        "acceptedDate": "2019-07-18 16:35:47",
        "calendarYear": "2019",
        "period": "Q2",
        "revenue": 5596000000,
        "costOfRevenue": 3089000000,
        "grossProfit": 2507000000,
        "grossProfitRatio": 0.4479985704,
        "researchAndDevelopmentExpenses": 0,
        "generalAndAdministrativeExpenses": 0,
        "sellingAndMarketingExpenses": 0,
        "sellingGeneralAndAdministrativeExpenses": 0,
        "otherExpenses": 247000000,
        "operatingExpenses": 247000000,
        "costAndExpenses": 3336000000,
        "interestIncome": 9000000,
        "interestExpense": 259000000,
        "depreciationAndAmortization": 551000000,
        "ebitda": 2819000000,
        "ebitdaratio": 0.5037526805,
        "operatingIncome": 2260000000,
        "operatingIncomeRatio": 0.4038598999,
        "totalOtherIncomeExpensesNet": -202000000,
        "incomeBeforeTax": 2058000000,
        "incomeBeforeTaxRatio": 0.3677626876,
        "incomeTaxExpense": 488000000,
        "netIncome": 1570000000,
        "netIncomeRatio": 0.2805575411,
        "eps": 2.23,
        "epsdiluted": 2.22,
        "weightedAverageShsOut": 705500000,
        "weightedAverageShsOutDil": 708000000,
        "link": "https://www.sec.gov/Archives/edgar/data/100885/000010088519000196/0000100885-19-000196-index.htm",
        "finalLink": "https://www.sec.gov/Archives/edgar/data/100885/000010088519000196/unp-20190630x10q.htm"
    },
    {
        "date": "2019-03-31",
        "symbol": "UNP",
        "reportedCurrency": "USD",
        "cik": "0000100885",
        "fillingDate": "2019-04-18",
        "acceptedDate": "2019-04-18 15:29:37",
        "calendarYear": "2019",
        "period": "Q1",
        "revenue": 5384000000,
        "costOfRevenue": 3119000000,
        "grossProfit": 2265000000,
        "grossProfitRatio": 0.4206909361,
        "researchAndDevelopmentExpenses": 0,
        "generalAndAdministrativeExpenses": 0,
        "sellingAndMarketingExpenses": 0,
        "sellingGeneralAndAdministrativeExpenses": 0,
        "otherExpenses": 305000000,
        "operatingExpenses": 305000000,
        "costAndExpenses": 3424000000,
        "interestIncome": 9000000,
        "interestExpense": 247000000,
        "depreciationAndAmortization": 549000000,
        "ebitda": 2517000000,
        "ebitdaratio": 0.4674962853,
        "operatingIncome": 1960000000,
        "operatingIncomeRatio": 0.3640416048,
        "totalOtherIncomeExpensesNet": -170000000,
        "incomeBeforeTax": 1790000000,
        "incomeBeforeTaxRatio": 0.3324665676,
        "incomeTaxExpense": 399000000,
        "netIncome": 1391000000,
        "netIncomeRatio": 0.2583580981,
        "eps": 1.94,
        "epsdiluted": 1.93,
        "weightedAverageShsOut": 716800000,
        "weightedAverageShsOutDil": 719500000,
        "link": "https://www.sec.gov/Archives/edgar/data/100885/000010088519000129/0000100885-19-000129-index.htm",
        "finalLink": "https://www.sec.gov/Archives/edgar/data/100885/000010088519000129/unp-20190331x10q.htm"
    },
    {
        "date": "2018-12-31",
        "symbol": "UNP",
        "reportedCurrency": "USD",
        "cik": "0000100885",
        "fillingDate": "2019-02-08",
        "acceptedDate": "2019-02-08 14:28:23",
        "calendarYear": "2018",
        "period": "Q4",
        "revenue": 5757000000,
        "costOfRevenue": 3326000000,
        "grossProfit": 2431000000,
        "grossProfitRatio": 0.4222685426,
        "researchAndDevelopmentExpenses": 0,
        "generalAndAdministrativeExpenses": 0,
        "sellingAndMarketingExpenses": 0,
        "sellingGeneralAndAdministrativeExpenses": 0,
        "otherExpenses": 221000000,
        "operatingExpenses": 221000000,
        "costAndExpenses": 3547000000,
        "interestIncome": 11000000,
        "interestExpense": 240000000,
        "depreciationAndAmortization": 555000000,
        "ebitda": 2792000000,
        "ebitdaratio": 0.4849748133,
        "operatingIncome": 2210000000,
        "operatingIncomeRatio": 0.3838804933,
        "totalOtherIncomeExpensesNet": -194000000,
        "incomeBeforeTax": 2016000000,
        "incomeBeforeTaxRatio": 0.3501823867,
        "incomeTaxExpense": 462000000,
        "netIncome": 1554000000,
        "netIncomeRatio": 0.2699322564,
        "eps": 2.13,
        "epsdiluted": 2.12,
        "weightedAverageShsOut": 729400000,
        "weightedAverageShsOutDil": 732900000,
        "link": "https://www.sec.gov/Archives/edgar/data/100885/000010088519000060/0000100885-19-000060-index.htm",
        "finalLink": "https://www.sec.gov/Archives/edgar/data/100885/000010088519000060/unp-20181231x10k.htm"
    },
    {
        "date": "2018-09-30",
        "symbol": "UNP",
        "reportedCurrency": "USD",
        "cik": "0000100885",
        "fillingDate": "2018-10-25",
        "acceptedDate": "2018-10-25 16:05:24",
        "calendarYear": "2018",
        "period": "Q3",
        "revenue": 5928000000,
        "costOfRevenue": 3372000000,
        "grossProfit": 2556000000,
        "grossProfitRatio": 0.4311740891,
        "researchAndDevelopmentExpenses": 0,
        "generalAndAdministrativeExpenses": 0,
        "sellingAndMarketingExpenses": 0,
        "sellingGeneralAndAdministrativeExpenses": 0,
        "otherExpenses": 287000000,
        "operatingExpenses": 287000000,
        "costAndExpenses": 3659000000,
        "interestIncome": 10000000,
        "interestExpense": 241000000,
        "depreciationAndAmortization": 547000000,
        "ebitda": 2819000000,
        "ebitdaratio": 0.4755398111,
        "operatingIncome": 2269000000,
        "operatingIncomeRatio": 0.3827597841,
        "totalOtherIncomeExpensesNet": -193000000,
        "incomeBeforeTax": 2076000000,
        "incomeBeforeTaxRatio": 0.3502024291,
        "incomeTaxExpense": 483000000,
        "netIncome": 1593000000,
        "netIncomeRatio": 0.2687246964,
        "eps": 2.16,
        "epsdiluted": 2.15,
        "weightedAverageShsOut": 737400000,
        "weightedAverageShsOutDil": 740900000,
        "link": "https://www.sec.gov/Archives/edgar/data/100885/000010088518000268/0000100885-18-000268-index.htm",
        "finalLink": "https://www.sec.gov/Archives/edgar/data/100885/000010088518000268/unp-20180930x10q.htm"
    },
    {
        "date": "2018-06-30",
        "symbol": "UNP",
        "reportedCurrency": "USD",
        "cik": "0000100885",
        "fillingDate": "2018-07-19",
        "acceptedDate": "2018-07-19 15:47:52",
        "calendarYear": "2018",
        "period": "Q2",
        "revenue": 5672000000,
        "costOfRevenue": 3325000000,
        "grossProfit": 2347000000,
        "grossProfitRatio": 0.413787024,
        "researchAndDevelopmentExpenses": 0,
        "generalAndAdministrativeExpenses": 0,
        "sellingAndMarketingExpenses": 0,
        "sellingGeneralAndAdministrativeExpenses": 0,
        "otherExpenses": 248000000,
        "operatingExpenses": 248000000,
        "costAndExpenses": 3573000000,
        "interestIncome": 5000000,
        "interestExpense": 203000000,
        "depreciationAndAmortization": 546000000,
        "ebitda": 2649000000,
        "ebitdaratio": 0.4670310296,
        "operatingIncome": 2099000000,
        "operatingIncomeRatio": 0.3700634697,
        "totalOtherIncomeExpensesNet": -161000000,
        "incomeBeforeTax": 1938000000,
        "incomeBeforeTaxRatio": 0.3416784203,
        "incomeTaxExpense": 429000000,
        "netIncome": 1509000000,
        "netIncomeRatio": 0.2660437236,
        "eps": 1.98,
        "epsdiluted": 1.98,
        "weightedAverageShsOut": 760500000,
        "weightedAverageShsOutDil": 763700000,
        "link": "https://www.sec.gov/Archives/edgar/data/100885/000010088518000184/0000100885-18-000184-index.htm",
        "finalLink": "https://www.sec.gov/Archives/edgar/data/100885/000010088518000184/unp-20180630x10q.htm"
    },
    {
        "date": "2018-03-31",
        "symbol": "UNP",
        "reportedCurrency": "USD",
        "cik": "0000100885",
        "fillingDate": "2018-04-26",
        "acceptedDate": "2018-04-26 16:40:19",
        "calendarYear": "2018",
        "period": "Q1",
        "revenue": 5475000000,
        "costOfRevenue": 3270000000,
        "grossProfit": 2205000000,
        "grossProfitRatio": 0.402739726,
        "researchAndDevelopmentExpenses": 0,
        "generalAndAdministrativeExpenses": 0,
        "sellingAndMarketingExpenses": 0,
        "sellingGeneralAndAdministrativeExpenses": 0,
        "otherExpenses": 266000000,
        "operatingExpenses": 266000000,
        "costAndExpenses": 3536000000,
        "interestIncome": 4000000,
        "interestExpense": 186000000,
        "depreciationAndAmortization": 543000000,
        "ebitda": 2440000000,
        "ebitdaratio": 0.4456621005,
        "operatingIncome": 1939000000,
        "operatingIncomeRatio": 0.3541552511,
        "totalOtherIncomeExpensesNet": -228000000,
        "incomeBeforeTax": 1711000000,
        "incomeBeforeTaxRatio": 0.3125114155,
        "incomeTaxExpense": 401000000,
        "netIncome": 1310000000,
        "netIncomeRatio": 0.2392694064,
        "eps": 1.69,
        "epsdiluted": 1.68,
        "weightedAverageShsOut": 776400000,
        "weightedAverageShsOutDil": 779600000,
        "link": "https://www.sec.gov/Archives/edgar/data/100885/000010088518000125/0000100885-18-000125-index.htm",
        "finalLink": "https://www.sec.gov/Archives/edgar/data/100885/000010088518000125/unp-20180331x10q.htm"
    },
    {
        "date": "2017-12-31",
        "symbol": "UNP",
        "reportedCurrency": "USD",
        "cik": "0000100885",
        "fillingDate": "2018-02-09",
        "acceptedDate": "2018-02-09 14:32:01",
        "calendarYear": "2017",
        "period": "Q4",
        "revenue": 5450000000,
        "costOfRevenue": 2960000000,
        "grossProfit": 2490000000,
        "grossProfitRatio": 0.4568807339,
        "researchAndDevelopmentExpenses": 0,
        "generalAndAdministrativeExpenses": 0,
        "sellingAndMarketingExpenses": 0,
        "sellingGeneralAndAdministrativeExpenses": 0,
        "otherExpenses": 239000000,
        "operatingExpenses": 239000000,
        "costAndExpenses": 3199000000,
        "interestIncome": 6000000,
        "interestExpense": 188000000,
        "depreciationAndAmortization": 532000000,
        "ebitda": 2820000000,
        "ebitdaratio": 0.5174311927,
        "operatingIncome": 2251000000,
        "operatingIncomeRatio": 0.4130275229,
        "totalOtherIncomeExpensesNet": -159000000,
        "incomeBeforeTax": 2092000000,
        "incomeBeforeTaxRatio": 0.383853211,
        "incomeTaxExpense": -5186000000,
        "netIncome": 7278000000,
        "netIncomeRatio": 1.335412844,
        "eps": 9.29,
        "epsdiluted": 9.25,
        "weightedAverageShsOut": 783600000,
        "weightedAverageShsOutDil": 787000000,
        "link": "https://www.sec.gov/Archives/edgar/data/100885/000010088518000048/0000100885-18-000048-index.htm",
        "finalLink": "https://www.sec.gov/Archives/edgar/data/100885/000010088518000048/unp-20171231x10k.htm"
    },
    {
        "date": "2017-09-30",
        "symbol": "UNP",
        "reportedCurrency": "USD",
        "cik": "0000100885",
        "fillingDate": "2017-10-26",
        "acceptedDate": "2017-10-26 16:05:11",
        "calendarYear": "2017",
        "period": "Q3",
        "revenue": 5408000000,
        "costOfRevenue": 3166000000,
        "grossProfit": 2242000000,
        "grossProfitRatio": 0.4145710059,
        "researchAndDevelopmentExpenses": 0,
        "generalAndAdministrativeExpenses": 0,
        "sellingAndMarketingExpenses": 0,
        "sellingGeneralAndAdministrativeExpenses": 0,
        "otherExpenses": 230000000,
        "operatingExpenses": 230000000,
        "costAndExpenses": 3396000000,
        "interestIncome": 4000000,
        "interestExpense": 180000000,
        "depreciationAndAmortization": 528000000,
        "ebitda": 2601000000,
        "ebitdaratio": 0.480954142,
        "operatingIncome": 2012000000,
        "operatingIncomeRatio": 0.3720414201,
        "totalOtherIncomeExpensesNet": -90000000,
        "incomeBeforeTax": 1983000000,
        "incomeBeforeTaxRatio": 0.3666789941,
        "incomeTaxExpense": 789000000,
        "netIncome": 1194000000,
        "netIncomeRatio": 0.2207840237,
        "eps": 1.5,
        "epsdiluted": 1.5,
        "weightedAverageShsOut": 794500000,
        "weightedAverageShsOutDil": 797600000,
        "link": "https://www.sec.gov/Archives/edgar/data/100885/000010088517000245/0000100885-17-000245-index.htm",
        "finalLink": "https://www.sec.gov/Archives/edgar/data/100885/000010088517000245/unp-20170930x10q.htm"
    },
    {
        "date": "2017-06-30",
        "symbol": "UNP",
        "reportedCurrency": "USD",
        "cik": "0000100885",
        "fillingDate": "2017-07-20",
        "acceptedDate": "2017-07-20 15:40:53",
        "calendarYear": "2017",
        "period": "Q2",
        "revenue": 5250000000,
        "costOfRevenue": 3026000000,
        "grossProfit": 2224000000,
        "grossProfitRatio": 0.4236190476,
        "researchAndDevelopmentExpenses": 0,
        "generalAndAdministrativeExpenses": 0,
        "sellingAndMarketingExpenses": 0,
        "sellingGeneralAndAdministrativeExpenses": 0,
        "otherExpenses": 219000000,
        "operatingExpenses": 219000000,
        "costAndExpenses": 3245000000,
        "interestIncome": 4000000,
        "interestExpense": 179000000,
        "depreciationAndAmortization": 525000000,
        "ebitda": 2530000000,
        "ebitdaratio": 0.4819047619,
        "operatingIncome": 2005000000,
        "operatingIncomeRatio": 0.3819047619,
        "totalOtherIncomeExpensesNet": -129000000,
        "incomeBeforeTax": 1869000000,
        "incomeBeforeTaxRatio": 0.356,
        "incomeTaxExpense": 701000000,
        "netIncome": 1168000000,
        "netIncomeRatio": 0.2224761905,
        "eps": 1.45,
        "epsdiluted": 1.45,
        "weightedAverageShsOut": 804100000,
        "weightedAverageShsOutDil": 807200000,
        "link": "https://www.sec.gov/Archives/edgar/data/100885/000010088517000173/0000100885-17-000173-index.htm",
        "finalLink": "https://www.sec.gov/Archives/edgar/data/100885/000010088517000173/unp-20170630x10q.htm"
    },
    {
        "date": "2017-03-31",
        "symbol": "UNP",
        "reportedCurrency": "USD",
        "cik": "0000100885",
        "fillingDate": "2017-04-27",
        "acceptedDate": "2017-04-27 15:21:21",
        "calendarYear": "2017",
        "period": "Q1",
        "revenue": 5132000000,
        "costOfRevenue": 3079000000,
        "grossProfit": 2053000000,
        "grossProfitRatio": 0.4000389712,
        "researchAndDevelopmentExpenses": 0,
        "generalAndAdministrativeExpenses": 0,
        "sellingAndMarketingExpenses": 0,
        "sellingGeneralAndAdministrativeExpenses": 0,
        "otherExpenses": 260000000,
        "operatingExpenses": 260000000,
        "costAndExpenses": 3339000000,
        "interestIncome": 2000000,
        "interestExpense": 172000000,
        "depreciationAndAmortization": 520000000,
        "ebitda": 2308000000,
        "ebitdaratio": 0.4497272019,
        "operatingIncome": 1793000000,
        "operatingIncomeRatio": 0.3493764614,
        "totalOtherIncomeExpensesNet": -100000000,
        "incomeBeforeTax": 1688000000,
        "incomeBeforeTaxRatio": 0.3289166017,
        "incomeTaxExpense": 616000000,
        "netIncome": 1072000000,
        "netIncomeRatio": 0.2088854248,
        "eps": 1.32,
        "epsdiluted": 1.32,
        "weightedAverageShsOut": 811500000,
        "weightedAverageShsOutDil": 814800000,
        "link": "https://www.sec.gov/Archives/edgar/data/100885/000010088517000114/0000100885-17-000114-index.htm",
        "finalLink": "https://www.sec.gov/Archives/edgar/data/100885/000010088517000114/unp-20170331x10q.htm"
    },
    {
        "date": "2016-12-31",
        "symbol": "UNP",
        "reportedCurrency": "USD",
        "cik": "0000100885",
        "fillingDate": "2017-02-03",
        "acceptedDate": "2017-02-03 16:13:15",
        "calendarYear": "2016",
        "period": "Q4",
        "revenue": 5168000000,
        "costOfRevenue": 2970000000,
        "grossProfit": 2198000000,
        "grossProfitRatio": 0.4253095975,
        "researchAndDevelopmentExpenses": 0,
        "generalAndAdministrativeExpenses": 0,
        "sellingAndMarketingExpenses": 0,
        "sellingGeneralAndAdministrativeExpenses": 0,
        "otherExpenses": 40000000,
        "operatingExpenses": 233000000,
        "costAndExpenses": 3203000000,
        "interestIncome": 3000000,
        "interestExpense": 174000000,
        "depreciationAndAmortization": 520000000,
        "ebitda": 2485000000,
        "ebitdaratio": 0.4808436533,
        "operatingIncome": 1965000000,
        "operatingIncomeRatio": 0.3802244582,
        "totalOtherIncomeExpensesNet": -134000000,
        "incomeBeforeTax": 1831000000,
        "incomeBeforeTaxRatio": 0.3542956656,
        "incomeTaxExpense": 687000000,
        "netIncome": 1144000000,
        "netIncomeRatio": 0.2213622291,
        "eps": 1.4,
        "epsdiluted": 1.39,
        "weightedAverageShsOut": 819200000,
        "weightedAverageShsOutDil": 822700000,
        "link": "https://www.sec.gov/Archives/edgar/data/100885/000010088517000056/0000100885-17-000056-index.htm",
        "finalLink": "https://www.sec.gov/Archives/edgar/data/100885/000010088517000056/unp-20161231x10k.htm"
    },
    {
        "date": "2016-09-30",
        "symbol": "UNP",
        "reportedCurrency": "USD",
        "cik": "0000100885",
        "fillingDate": "2016-10-20",
        "acceptedDate": "2016-10-20 15:49:02",
        "calendarYear": "2016",
        "period": "Q3",
        "revenue": 5174000000,
        "costOfRevenue": 2943000000,
        "grossProfit": 2231000000,
        "grossProfitRatio": 0.4311944337,
        "researchAndDevelopmentExpenses": 0,
        "generalAndAdministrativeExpenses": 0,
        "sellingAndMarketingExpenses": 0,
        "sellingGeneralAndAdministrativeExpenses": 0,
        "otherExpenses": 23000000,
        "operatingExpenses": 271000000,
        "costAndExpenses": 3214000000,
        "interestIncome": 3000000,
        "interestExpense": 184000000,
        "depreciationAndAmortization": 512000000,
        "ebitda": 2472000000,
        "ebitdaratio": 0.4777734828,
        "operatingIncome": 1960000000,
        "operatingIncomeRatio": 0.3788171627,
        "totalOtherIncomeExpensesNet": -155000000,
        "incomeBeforeTax": 1805000000,
        "incomeBeforeTaxRatio": 0.348859683,
        "incomeTaxExpense": 674000000,
        "netIncome": 1131000000,
        "netIncomeRatio": 0.2185929648,
        "eps": 1.36,
        "epsdiluted": 1.36,
        "weightedAverageShsOut": 829000000,
        "weightedAverageShsOutDil": 832200000,
        "link": "https://www.sec.gov/Archives/edgar/data/100885/000010088516000454/0000100885-16-000454-index.htm",
        "finalLink": "https://www.sec.gov/Archives/edgar/data/100885/000010088516000454/unp-20160930x10q.htm"
    },
    {
        "date": "2016-06-30",
        "symbol": "UNP",
        "reportedCurrency": "USD",
        "cik": "0000100885",
        "fillingDate": "2016-07-21",
        "acceptedDate": "2016-07-21 17:14:32",
        "calendarYear": "2016",
        "period": "Q2",
        "revenue": 4770000000,
        "costOfRevenue": 2866000000,
        "grossProfit": 1904000000,
        "grossProfitRatio": 0.3991614256,
        "researchAndDevelopmentExpenses": 0,
        "generalAndAdministrativeExpenses": 0,
        "sellingAndMarketingExpenses": 0,
        "sellingGeneralAndAdministrativeExpenses": 0,
        "otherExpenses": 11000000,
        "operatingExpenses": 244000000,
        "costAndExpenses": 3110000000,
        "interestIncome": 3000000,
        "interestExpense": 173000000,
        "depreciationAndAmortization": 504000000,
        "ebitda": 2164000000,
        "ebitdaratio": 0.4536687631,
        "operatingIncome": 1660000000,
        "operatingIncomeRatio": 0.3480083857,
        "totalOtherIncomeExpensesNet": -96000000,
        "incomeBeforeTax": 1564000000,
        "incomeBeforeTaxRatio": 0.3278825996,
        "incomeTaxExpense": 585000000,
        "netIncome": 979000000,
        "netIncomeRatio": 0.2052410901,
        "eps": 1.17,
        "epsdiluted": 1.17,
        "weightedAverageShsOut": 837400000,
        "weightedAverageShsOutDil": 840100000,
        "link": "https://www.sec.gov/Archives/edgar/data/100885/000010088516000400/0000100885-16-000400-index.htm",
        "finalLink": "https://www.sec.gov/Archives/edgar/data/100885/000010088516000400/unp-20160630x10q.htm"
    },
    {
        "date": "2016-03-31",
        "symbol": "UNP",
        "reportedCurrency": "USD",
        "cik": "0000100885",
        "fillingDate": "2016-04-21",
        "acceptedDate": "2016-04-21 15:48:49",
        "calendarYear": "2016",
        "period": "Q1",
        "revenue": 4829000000,
        "costOfRevenue": 2893000000,
        "grossProfit": 1936000000,
        "grossProfitRatio": 0.4009111617,
        "researchAndDevelopmentExpenses": 0,
        "generalAndAdministrativeExpenses": 0,
        "sellingAndMarketingExpenses": 0,
        "sellingGeneralAndAdministrativeExpenses": 0,
        "otherExpenses": 19000000,
        "operatingExpenses": 249000000,
        "costAndExpenses": 3142000000,
        "interestIncome": 2000000,
        "interestExpense": 167000000,
        "depreciationAndAmortization": 502000000,
        "ebitda": 2189000000,
        "ebitdaratio": 0.4533029613,
        "operatingIncome": 1687000000,
        "operatingIncomeRatio": 0.349347691,
        "totalOtherIncomeExpensesNet": -121000000,
        "incomeBeforeTax": 1566000000,
        "incomeBeforeTaxRatio": 0.3242907434,
        "incomeTaxExpense": 587000000,
        "netIncome": 979000000,
        "netIncomeRatio": 0.2027334852,
        "eps": 1.16,
        "epsdiluted": 1.16,
        "weightedAverageShsOut": 844000000,
        "weightedAverageShsOutDil": 846700000,
        "link": "https://www.sec.gov/Archives/edgar/data/100885/000010088516000339/0000100885-16-000339-index.htm",
        "finalLink": "https://www.sec.gov/Archives/edgar/data/100885/000010088516000339/unp-20160331x10q.htm"
    },
    {
        "date": "2015-12-31",
        "symbol": "UNP",
        "reportedCurrency": "USD",
        "cik": "0000100885",
        "fillingDate": "2016-02-05",
        "acceptedDate": "2016-02-05 13:24:19",
        "calendarYear": "2015",
        "period": "Q4",
        "revenue": 5208000000,
        "costOfRevenue": 3055000000,
        "grossProfit": 2153000000,
        "grossProfitRatio": 0.4134024578,
        "researchAndDevelopmentExpenses": 0,
        "generalAndAdministrativeExpenses": 0,
        "sellingAndMarketingExpenses": 0,
        "sellingGeneralAndAdministrativeExpenses": 0,
        "otherExpenses": 28000000,
        "operatingExpenses": 235000000,
        "costAndExpenses": 3290000000,
        "interestIncome": 1000000,
        "interestExpense": 164000000,
        "depreciationAndAmortization": 517000000,
        "ebitda": 2435000000,
        "ebitdaratio": 0.4675499232,
        "operatingIncome": 1918000000,
        "operatingIncomeRatio": 0.3682795699,
        "totalOtherIncomeExpensesNet": -136000000,
        "incomeBeforeTax": 1782000000,
        "incomeBeforeTaxRatio": 0.3421658986,
        "incomeTaxExpense": 665000000,
        "netIncome": 1117000000,
        "netIncomeRatio": 0.2144777266,
        "eps": 1.31,
        "epsdiluted": 1.31,
        "weightedAverageShsOut": 850600000,
        "weightedAverageShsOutDil": 853700000,
        "link": "https://www.sec.gov/Archives/edgar/data/100885/000010088516000260/0000100885-16-000260-index.htm",
        "finalLink": "https://www.sec.gov/Archives/edgar/data/100885/000010088516000260/unp-20151231x10k.htm"
    },
    {
        "date": "2015-09-30",
        "symbol": "UNP",
        "reportedCurrency": "USD",
        "cik": "0000100885",
        "fillingDate": "2015-10-22",
        "acceptedDate": "2015-10-22 15:29:04",
        "calendarYear": "2015",
        "period": "Q3",
        "revenue": 5562000000,
        "costOfRevenue": 3149000000,
        "grossProfit": 2413000000,
        "grossProfitRatio": 0.4338367494,
        "researchAndDevelopmentExpenses": 0,
        "generalAndAdministrativeExpenses": 0,
        "sellingAndMarketingExpenses": 0,
        "sellingGeneralAndAdministrativeExpenses": 0,
        "otherExpenses": 18000000,
        "operatingExpenses": 205000000,
        "costAndExpenses": 3354000000,
        "interestIncome": 2000000,
        "interestExpense": 157000000,
        "depreciationAndAmortization": 507000000,
        "ebitda": 2715000000,
        "ebitdaratio": 0.4881337648,
        "operatingIncome": 2208000000,
        "operatingIncomeRatio": 0.3969795038,
        "totalOtherIncomeExpensesNet": -127000000,
        "incomeBeforeTax": 2081000000,
        "incomeBeforeTaxRatio": 0.3741459907,
        "incomeTaxExpense": 781000000,
        "netIncome": 1300000000,
        "netIncomeRatio": 0.2337288745,
        "eps": 1.51,
        "epsdiluted": 1.5,
        "weightedAverageShsOut": 862900000,
        "weightedAverageShsOutDil": 865800000,
        "link": "https://www.sec.gov/Archives/edgar/data/100885/000010088515000190/0000100885-15-000190-index.htm",
        "finalLink": "https://www.sec.gov/Archives/edgar/data/100885/000010088515000190/unp-20150930x10q.htm"
    },
    {
        "date": "2015-06-30",
        "symbol": "UNP",
        "reportedCurrency": "USD",
        "cik": "0000100885",
        "fillingDate": "2015-07-24",
        "acceptedDate": "2015-07-24 14:26:22",
        "calendarYear": "2015",
        "period": "Q2",
        "revenue": 5429000000,
        "costOfRevenue": 3255000000,
        "grossProfit": 2174000000,
        "grossProfitRatio": 0.4004420704,
        "researchAndDevelopmentExpenses": 0,
        "generalAndAdministrativeExpenses": 0,
        "sellingAndMarketingExpenses": 0,
        "sellingGeneralAndAdministrativeExpenses": 0,
        "otherExpenses": 142000000,
        "operatingExpenses": 225000000,
        "costAndExpenses": 3480000000,
        "interestIncome": 1000000,
        "interestExpense": 153000000,
        "depreciationAndAmortization": 497000000,
        "ebitda": 2446000000,
        "ebitdaratio": 0.4505433782,
        "operatingIncome": 1949000000,
        "operatingIncomeRatio": 0.3589979738,
        "totalOtherIncomeExpensesNet": -11000000,
        "incomeBeforeTax": 1938000000,
        "incomeBeforeTaxRatio": 0.356971818,
        "incomeTaxExpense": 734000000,
        "netIncome": 1204000000,
        "netIncomeRatio": 0.2217719654,
        "eps": 1.38,
        "epsdiluted": 1.38,
        "weightedAverageShsOut": 872200000,
        "weightedAverageShsOutDil": 875200000,
        "link": "https://www.sec.gov/Archives/edgar/data/100885/000010088515000143/0000100885-15-000143-index.htm",
        "finalLink": "https://www.sec.gov/Archives/edgar/data/100885/000010088515000143/unp-20150630x10q.htm"
    },
    {
        "date": "2015-03-31",
        "symbol": "UNP",
        "reportedCurrency": "USD",
        "cik": "0000100885",
        "fillingDate": "2015-04-23",
        "acceptedDate": "2015-04-23 17:18:04",
        "calendarYear": "2015",
        "period": "Q1",
        "revenue": 5614000000,
        "costOfRevenue": 3378000000,
        "grossProfit": 2236000000,
        "grossProfitRatio": 0.3982899893,
        "researchAndDevelopmentExpenses": 0,
        "generalAndAdministrativeExpenses": 0,
        "sellingAndMarketingExpenses": 0,
        "sellingGeneralAndAdministrativeExpenses": 0,
        "otherExpenses": 26000000,
        "operatingExpenses": 259000000,
        "costAndExpenses": 3637000000,
        "interestIncome": 1000000,
        "interestExpense": 148000000,
        "depreciationAndAmortization": 491000000,
        "ebitda": 2468000000,
        "ebitdaratio": 0.4396152476,
        "operatingIncome": 1977000000,
        "operatingIncomeRatio": 0.352155326,
        "totalOtherIncomeExpensesNet": -122000000,
        "incomeBeforeTax": 1855000000,
        "incomeBeforeTaxRatio": 0.3304239401,
        "incomeTaxExpense": 704000000,
        "netIncome": 1151000000,
        "netIncomeRatio": 0.2050231564,
        "eps": 1.31,
        "epsdiluted": 1.3,
        "weightedAverageShsOut": 879300000,
        "weightedAverageShsOutDil": 882800000,
        "link": "https://www.sec.gov/Archives/edgar/data/100885/000010088515000090/0000100885-15-000090-index.htm",
        "finalLink": "https://www.sec.gov/Archives/edgar/data/100885/000010088515000090/unp-20150331x10q.htm"
    },
    {
        "date": "2014-12-31",
        "symbol": "UNP",
        "reportedCurrency": "USD",
        "cik": "0000100885",
        "fillingDate": "2015-02-06",
        "acceptedDate": "2015-02-06 17:01:09",
        "calendarYear": "2014",
        "period": "Q4",
        "revenue": 6153000000,
        "costOfRevenue": 3552000000,
        "grossProfit": 2601000000,
        "grossProfitRatio": 0.4227206241,
        "researchAndDevelopmentExpenses": 0,
        "generalAndAdministrativeExpenses": 0,
        "sellingAndMarketingExpenses": 0,
        "sellingGeneralAndAdministrativeExpenses": 0,
        "otherExpenses": 71000000,
        "operatingExpenses": 228000000,
        "costAndExpenses": 3780000000,
        "interestIncome": 1000000,
        "interestExpense": 146000000,
        "depreciationAndAmortization": 489000000,
        "ebitda": 2862000000,
        "ebitdaratio": 0.4651389566,
        "operatingIncome": 2373000000,
        "operatingIncomeRatio": 0.385665529,
        "totalOtherIncomeExpensesNet": -75000000,
        "incomeBeforeTax": 2298000000,
        "incomeBeforeTaxRatio": 0.373476353,
        "incomeTaxExpense": 867000000,
        "netIncome": 1431000000,
        "netIncomeRatio": 0.2325694783,
        "eps": 1.62,
        "epsdiluted": 1.61,
        "weightedAverageShsOut": 885700000,
        "weightedAverageShsOutDil": 889800000,
        "link": "https://www.sec.gov/Archives/edgar/data/100885/000119312515037518/0001193125-15-037518-index.htm",
        "finalLink": "https://www.sec.gov/Archives/edgar/data/100885/000119312515037518/d865355d10k.htm"
    },
    {
        "date": "2014-09-30",
        "symbol": "UNP",
        "reportedCurrency": "USD",
        "cik": "0000100885",
        "fillingDate": "2014-10-23",
        "acceptedDate": "2014-10-23 14:53:00",
        "calendarYear": "2014",
        "period": "Q3",
        "revenue": 6182000000,
        "costOfRevenue": 3610000000,
        "grossProfit": 2572000000,
        "grossProfitRatio": 0.4160465869,
        "researchAndDevelopmentExpenses": 0,
        "generalAndAdministrativeExpenses": 0,
        "sellingAndMarketingExpenses": 0,
        "sellingGeneralAndAdministrativeExpenses": 0,
        "otherExpenses": 14000000,
        "operatingExpenses": 242000000,
        "costAndExpenses": 3852000000,
        "interestIncome": 1000000,
        "interestExpense": 144000000,
        "depreciationAndAmortization": 481000000,
        "ebitda": 2811000000,
        "ebitdaratio": 0.4547072145,
        "operatingIncome": 2330000000,
        "operatingIncomeRatio": 0.3769006794,
        "totalOtherIncomeExpensesNet": -124000000,
        "incomeBeforeTax": 2206000000,
        "incomeBeforeTaxRatio": 0.3568424458,
        "incomeTaxExpense": 836000000,
        "netIncome": 1370000000,
        "netIncomeRatio": 0.2216111291,
        "eps": 1.53,
        "epsdiluted": 1.53,
        "weightedAverageShsOut": 893200000,
        "weightedAverageShsOutDil": 896900000,
        "link": "https://www.sec.gov/Archives/edgar/data/100885/000119312514380042/0001193125-14-380042-index.htm",
        "finalLink": "https://www.sec.gov/Archives/edgar/data/100885/000119312514380042/d807763d10q.htm"
    },
    {
        "date": "2014-06-30",
        "symbol": "UNP",
        "reportedCurrency": "USD",
        "cik": "0000100885",
        "fillingDate": "2014-07-25",
        "acceptedDate": "2014-07-25 11:59:14",
        "calendarYear": "2014",
        "period": "Q2",
        "revenue": 6015000000,
        "costOfRevenue": 3591000000,
        "grossProfit": 2424000000,
        "grossProfitRatio": 0.4029925187,
        "researchAndDevelopmentExpenses": 0,
        "generalAndAdministrativeExpenses": 0,
        "sellingAndMarketingExpenses": 0,
        "sellingGeneralAndAdministrativeExpenses": 0,
        "otherExpenses": 22000000,
        "operatingExpenses": 228000000,
        "costAndExpenses": 3819000000,
        "interestIncome": 1000000,
        "interestExpense": 138000000,
        "depreciationAndAmortization": 470000000,
        "ebitda": 2666000000,
        "ebitdaratio": 0.4432252702,
        "operatingIncome": 2196000000,
        "operatingIncomeRatio": 0.3650872818,
        "totalOtherIncomeExpensesNet": -116000000,
        "incomeBeforeTax": 2080000000,
        "incomeBeforeTaxRatio": 0.3458021613,
        "incomeTaxExpense": 789000000,
        "netIncome": 1291000000,
        "netIncomeRatio": 0.2146300914,
        "eps": 1.43,
        "epsdiluted": 1.43,
        "weightedAverageShsOut": 901500000,
        "weightedAverageShsOutDil": 905000000,
        "link": "https://www.sec.gov/Archives/edgar/data/100885/000119312514280047/0001193125-14-280047-index.htm",
        "finalLink": "https://www.sec.gov/Archives/edgar/data/100885/000119312514280047/d761509d10q.htm"
    },
    {
        "date": "2014-03-31",
        "symbol": "UNP",
        "reportedCurrency": "USD",
        "cik": "0000100885",
        "fillingDate": "2014-04-17",
        "acceptedDate": "2014-04-17 15:42:58",
        "calendarYear": "2014",
        "period": "Q1",
        "revenue": 5638000000,
        "costOfRevenue": 3558000000,
        "grossProfit": 2080000000,
        "grossProfitRatio": 0.3689251508,
        "researchAndDevelopmentExpenses": 0,
        "generalAndAdministrativeExpenses": 0,
        "sellingAndMarketingExpenses": 0,
        "sellingGeneralAndAdministrativeExpenses": 0,
        "otherExpenses": 33000000,
        "operatingExpenses": 226000000,
        "costAndExpenses": 3784000000,
        "interestIncome": 1000000,
        "interestExpense": 133000000,
        "depreciationAndAmortization": 464000000,
        "ebitda": 2318000000,
        "ebitdaratio": 0.4111387017,
        "operatingIncome": 1854000000,
        "operatingIncomeRatio": 0.3288400142,
        "totalOtherIncomeExpensesNet": -95000000,
        "incomeBeforeTax": 1759000000,
        "incomeBeforeTaxRatio": 0.3119900674,
        "incomeTaxExpense": 671000000,
        "netIncome": 1088000000,
        "netIncomeRatio": 0.1929762327,
        "eps": 1.2,
        "epsdiluted": 1.19,
        "weightedAverageShsOut": 908100000,
        "weightedAverageShsOutDil": 912500000,
        "link": "https://www.sec.gov/Archives/edgar/data/100885/000119312514147564/0001193125-14-147564-index.htm",
        "finalLink": "https://www.sec.gov/Archives/edgar/data/100885/000119312514147564/d711505d10q.htm"
    },
    {
        "date": "2013-12-31",
        "symbol": "UNP",
        "reportedCurrency": "USD",
        "cik": "0000100885",
        "fillingDate": "2014-02-07",
        "acceptedDate": "2014-02-07 16:21:46",
        "calendarYear": "2013",
        "period": "Q4",
        "revenue": 5630000000,
        "costOfRevenue": 3469000000,
        "grossProfit": 2161000000,
        "grossProfitRatio": 0.3838365897,
        "researchAndDevelopmentExpenses": 0,
        "generalAndAdministrativeExpenses": 0,
        "sellingAndMarketingExpenses": 0,
        "sellingGeneralAndAdministrativeExpenses": 0,
        "otherExpenses": 37000000,
        "operatingExpenses": 188000000,
        "costAndExpenses": 3657000000,
        "interestIncome": 4000000,
        "interestExpense": 127000000,
        "depreciationAndAmortization": 458000000,
        "ebitda": 2431000000,
        "ebitdaratio": 0.4317939609,
        "operatingIncome": 1973000000,
        "operatingIncomeRatio": 0.3504440497,
        "totalOtherIncomeExpensesNet": -90000000,
        "incomeBeforeTax": 1883000000,
        "incomeBeforeTaxRatio": 0.3344582593,
        "incomeTaxExpense": 709000000,
        "netIncome": 1174000000,
        "netIncomeRatio": 0.2085257549,
        "eps": 1.28,
        "epsdiluted": 1.27,
        "weightedAverageShsOut": 916200000,
        "weightedAverageShsOutDil": 921400000,
        "link": "https://www.sec.gov/Archives/edgar/data/100885/000119312514040752/0001193125-14-040752-index.htm",
        "finalLink": "https://www.sec.gov/Archives/edgar/data/100885/000119312514040752/d668613d10k.htm"
    },
    {
        "date": "2013-09-30",
        "symbol": "UNP",
        "reportedCurrency": "USD",
        "cik": "0000100885",
        "fillingDate": "2013-10-17",
        "acceptedDate": "2013-10-17 16:18:56",
        "calendarYear": "2013",
        "period": "Q3",
        "revenue": 5573000000,
        "costOfRevenue": 3406000000,
        "grossProfit": 2167000000,
        "grossProfitRatio": 0.3888390454,
        "researchAndDevelopmentExpenses": 0,
        "generalAndAdministrativeExpenses": 0,
        "sellingAndMarketingExpenses": 0,
        "sellingGeneralAndAdministrativeExpenses": 0,
        "otherExpenses": 10000000,
        "operatingExpenses": 205000000,
        "costAndExpenses": 3611000000,
        "interestIncome": 1000000,
        "interestExpense": 138000000,
        "depreciationAndAmortization": 447000000,
        "ebitda": 2409000000,
        "ebitdaratio": 0.4322626951,
        "operatingIncome": 1962000000,
        "operatingIncomeRatio": 0.3520545487,
        "totalOtherIncomeExpensesNet": -110000000,
        "incomeBeforeTax": 1852000000,
        "incomeBeforeTaxRatio": 0.3323165261,
        "incomeTaxExpense": 701000000,
        "netIncome": 1151000000,
        "netIncomeRatio": 0.2065314911,
        "eps": 1.25,
        "epsdiluted": 1.24,
        "weightedAverageShsOut": 923500000,
        "weightedAverageShsOutDil": 928400000,
        "link": "https://www.sec.gov/Archives/edgar/data/100885/000119312513402477/0001193125-13-402477-index.htm",
        "finalLink": "https://www.sec.gov/Archives/edgar/data/100885/000119312513402477/d612281d10q.htm"
    },
    {
        "date": "2013-06-30",
        "symbol": "UNP",
        "reportedCurrency": "USD",
        "cik": "0000100885",
        "fillingDate": "2013-07-19",
        "acceptedDate": "2013-07-19 10:16:56",
        "calendarYear": "2013",
        "period": "Q2",
        "revenue": 5470000000,
        "costOfRevenue": 3373000000,
        "grossProfit": 2097000000,
        "grossProfitRatio": 0.3833638026,
        "researchAndDevelopmentExpenses": 0,
        "generalAndAdministrativeExpenses": 0,
        "sellingAndMarketingExpenses": 0,
        "sellingGeneralAndAdministrativeExpenses": 0,
        "otherExpenses": 23000000,
        "operatingExpenses": 219000000,
        "costAndExpenses": 3592000000,
        "interestIncome": 1000000,
        "interestExpense": 133000000,
        "depreciationAndAmortization": 438000000,
        "ebitda": 2339000000,
        "ebitdaratio": 0.4276051188,
        "operatingIncome": 1878000000,
        "operatingIncomeRatio": 0.3433272395,
        "totalOtherIncomeExpensesNet": -110000000,
        "incomeBeforeTax": 1768000000,
        "incomeBeforeTaxRatio": 0.3232175503,
        "incomeTaxExpense": 662000000,
        "netIncome": 1106000000,
        "netIncomeRatio": 0.2021937843,
        "eps": 1.19,
        "epsdiluted": 1.18,
        "weightedAverageShsOut": 930600000,
        "weightedAverageShsOutDil": 935200000,
        "link": "https://www.sec.gov/Archives/edgar/data/100885/000119312513295099/0001193125-13-295099-index.htm",
        "finalLink": "https://www.sec.gov/Archives/edgar/data/100885/000119312513295099/d568045d10q.htm"
    },
    {
        "date": "2013-03-31",
        "symbol": "UNP",
        "reportedCurrency": "USD",
        "cik": "0000100885",
        "fillingDate": "2013-04-18",
        "acceptedDate": "2013-04-18 16:47:24",
        "calendarYear": "2013",
        "period": "Q1",
        "revenue": 5290000000,
        "costOfRevenue": 3420000000,
        "grossProfit": 1870000000,
        "grossProfitRatio": 0.3534971645,
        "researchAndDevelopmentExpenses": 0,
        "generalAndAdministrativeExpenses": 0,
        "sellingAndMarketingExpenses": 0,
        "sellingGeneralAndAdministrativeExpenses": 0,
        "otherExpenses": 36000000,
        "operatingExpenses": 237000000,
        "costAndExpenses": 3657000000,
        "interestIncome": 1000000,
        "interestExpense": 128000000,
        "depreciationAndAmortization": 434000000,
        "ebitda": 2107000000,
        "ebitdaratio": 0.3982986767,
        "operatingIncome": 1633000000,
        "operatingIncomeRatio": 0.3086956522,
        "totalOtherIncomeExpensesNet": -88000000,
        "incomeBeforeTax": 1545000000,
        "incomeBeforeTaxRatio": 0.2920604915,
        "incomeTaxExpense": 588000000,
        "netIncome": 957000000,
        "netIncomeRatio": 0.1809073724,
        "eps": 1.02,
        "epsdiluted": 1.02,
        "weightedAverageShsOut": 935600000,
        "weightedAverageShsOutDil": 941000000,
        "link": "https://www.sec.gov/Archives/edgar/data/100885/000119312513160892/0001193125-13-160892-index.htm",
        "finalLink": "https://www.sec.gov/Archives/edgar/data/100885/000119312513160892/d521471d10q.htm"
    },
    {
        "date": "2012-12-31",
        "symbol": "UNP",
        "reportedCurrency": "USD",
        "cik": "0000100885",
        "fillingDate": "2013-02-08",
        "acceptedDate": "2013-02-08 13:30:06",
        "calendarYear": "2012",
        "period": "Q4",
        "revenue": 5250000000,
        "costOfRevenue": 3343000000,
        "grossProfit": 1907000000,
        "grossProfitRatio": 0.3632380952,
        "researchAndDevelopmentExpenses": 0,
        "generalAndAdministrativeExpenses": 0,
        "sellingAndMarketingExpenses": 0,
        "sellingGeneralAndAdministrativeExpenses": 0,
        "otherExpenses": 43000000,
        "operatingExpenses": 182000000,
        "costAndExpenses": 3525000000,
        "interestIncome": 1000000,
        "interestExpense": 128000000,
        "depreciationAndAmortization": 453000000,
        "ebitda": 2221000000,
        "ebitdaratio": 0.423047619,
        "operatingIncome": 1725000000,
        "operatingIncomeRatio": 0.3285714286,
        "totalOtherIncomeExpensesNet": -85000000,
        "incomeBeforeTax": 1640000000,
        "incomeBeforeTaxRatio": 0.3123809524,
        "incomeTaxExpense": 604000000,
        "netIncome": 1036000000,
        "netIncomeRatio": 0.1973333333,
        "eps": 1.1,
        "epsdiluted": 1.1,
        "weightedAverageShsOut": 937600000,
        "weightedAverageShsOutDil": 944000000,
        "link": "https://www.sec.gov/Archives/edgar/data/100885/000119312513045658/0001193125-13-045658-index.htm",
        "finalLink": "https://www.sec.gov/Archives/edgar/data/100885/000119312513045658/d477110d10k.htm"
    },
    {
        "date": "2012-09-30",
        "symbol": "UNP",
        "reportedCurrency": "USD",
        "cik": "0000100885",
        "fillingDate": "2012-10-18",
        "acceptedDate": "2012-10-18 15:26:21",
        "calendarYear": "2012",
        "period": "Q3",
        "revenue": 5343000000,
        "costOfRevenue": 1722000000,
        "grossProfit": 3621000000,
        "grossProfitRatio": 0.6777091522,
        "researchAndDevelopmentExpenses": 0,
        "generalAndAdministrativeExpenses": 1188000000,
        "sellingAndMarketingExpenses": 0,
        "sellingGeneralAndAdministrativeExpenses": 1188000000,
        "otherExpenses": 647000000,
        "operatingExpenses": 1835000000,
        "costAndExpenses": 3557000000,
        "interestIncome": 1000000,
        "interestExpense": 137000000,
        "depreciationAndAmortization": 447000000,
        "ebitda": 2261000000,
        "ebitdaratio": 0.4231705035,
        "operatingIncome": 1786000000,
        "operatingIncomeRatio": 0.3342691372,
        "totalOtherIncomeExpensesNet": -109000000,
        "incomeBeforeTax": 1677000000,
        "incomeBeforeTaxRatio": 0.3138686131,
        "incomeTaxExpense": 635000000,
        "netIncome": 1042000000,
        "netIncomeRatio": 0.1950215235,
        "eps": 1.1,
        "epsdiluted": 1.1,
        "weightedAverageShsOut": 944000000,
        "weightedAverageShsOutDil": 950400000,
        "link": "https://www.sec.gov/Archives/edgar/data/100885/000119312512427139/0001193125-12-427139-index.htm",
        "finalLink": "https://www.sec.gov/Archives/edgar/data/100885/000119312512427139/d425214d10q.htm"
    },
    {
        "date": "2012-06-30",
        "symbol": "UNP",
        "reportedCurrency": "USD",
        "cik": "0000100885",
        "fillingDate": "2012-07-20",
        "acceptedDate": "2012-07-20 14:53:40",
        "calendarYear": "2012",
        "period": "Q2",
        "revenue": 5221000000,
        "costOfRevenue": 1723000000,
        "grossProfit": 3498000000,
        "grossProfitRatio": 0.6699865926,
        "researchAndDevelopmentExpenses": 0,
        "generalAndAdministrativeExpenses": 1151000000,
        "sellingAndMarketingExpenses": 0,
        "sellingGeneralAndAdministrativeExpenses": 1151000000,
        "otherExpenses": 623000000,
        "operatingExpenses": 1774000000,
        "costAndExpenses": 3497000000,
        "interestIncome": 0,
        "interestExpense": 135000000,
        "depreciationAndAmortization": 433000000,
        "ebitda": 2178000000,
        "ebitdaratio": 0.4171614633,
        "operatingIncome": 1724000000,
        "operatingIncomeRatio": 0.3302049416,
        "totalOtherIncomeExpensesNet": -114000000,
        "incomeBeforeTax": 1610000000,
        "incomeBeforeTaxRatio": 0.3083700441,
        "incomeTaxExpense": 608000000,
        "netIncome": 1002000000,
        "netIncomeRatio": 0.1919172572,
        "eps": 1.06,
        "epsdiluted": 1.05,
        "weightedAverageShsOut": 947600000,
        "weightedAverageShsOutDil": 954400000,
        "link": "https://www.sec.gov/Archives/edgar/data/100885/000119312512308749/0001193125-12-308749-index.htm",
        "finalLink": "https://www.sec.gov/Archives/edgar/data/100885/000119312512308749/d380661d10q.htm"
    },
    {
        "date": "2012-03-31",
        "symbol": "UNP",
        "reportedCurrency": "USD",
        "cik": "0000100885",
        "fillingDate": "2012-04-19",
        "acceptedDate": "2012-04-19 16:05:48",
        "calendarYear": "2012",
        "period": "Q1",
        "revenue": 5112000000,
        "costOfRevenue": 1748000000,
        "grossProfit": 3364000000,
        "grossProfitRatio": 0.6580594679,
        "researchAndDevelopmentExpenses": 0,
        "generalAndAdministrativeExpenses": 1211000000,
        "sellingAndMarketingExpenses": 0,
        "sellingGeneralAndAdministrativeExpenses": 1211000000,
        "otherExpenses": 20000000,
        "operatingExpenses": 1854000000,
        "costAndExpenses": 3602000000,
        "interestIncome": 1000000,
        "interestExpense": 135000000,
        "depreciationAndAmortization": 427000000,
        "ebitda": 1953000000,
        "ebitdaratio": 0.3820422535,
        "operatingIncome": 1510000000,
        "operatingIncomeRatio": 0.2953834116,
        "totalOtherIncomeExpensesNet": -119000000,
        "incomeBeforeTax": 1391000000,
        "incomeBeforeTaxRatio": 0.2721048513,
        "incomeTaxExpense": 528000000,
        "netIncome": 863000000,
        "netIncomeRatio": 0.1688184664,
        "eps": 0.9,
        "epsdiluted": 0.9,
        "weightedAverageShsOut": 955600000,
        "weightedAverageShsOutDil": 962800000,
        "link": "https://www.sec.gov/Archives/edgar/data/100885/000119312512170664/0001193125-12-170664-index.htm",
        "finalLink": "https://www.sec.gov/Archives/edgar/data/100885/000119312512170664/d335476d10q.htm"
    },
    {
        "date": "2011-12-31",
        "symbol": "UNP",
        "reportedCurrency": "USD",
        "cik": "0000100885",
        "fillingDate": "2012-02-03",
        "acceptedDate": "2012-02-03 14:41:53",
        "calendarYear": "2011",
        "period": "Q4",
        "revenue": 5108000000,
        "costOfRevenue": 1732000000,
        "grossProfit": 3376000000,
        "grossProfitRatio": 0.6609240407,
        "researchAndDevelopmentExpenses": 0,
        "generalAndAdministrativeExpenses": 1155000000,
        "sellingAndMarketingExpenses": 0,
        "sellingGeneralAndAdministrativeExpenses": 1155000000,
        "otherExpenses": 1195000000,
        "operatingExpenses": 2350000000,
        "costAndExpenses": 4082000000,
        "interestIncome": -2000000,
        "interestExpense": 141000000,
        "depreciationAndAmortization": 413000000,
        "ebitda": 2084000000,
        "ebitdaratio": 0.4079874706,
        "operatingIncome": 1617000000,
        "operatingIncomeRatio": 0.3165622553,
        "totalOtherIncomeExpensesNet": -87000000,
        "incomeBeforeTax": 1530000000,
        "incomeBeforeTaxRatio": 0.2995301488,
        "incomeTaxExpense": 566000000,
        "netIncome": 964000000,
        "netIncomeRatio": 0.1887235709,
        "eps": 1.01,
        "epsdiluted": 1,
        "weightedAverageShsOut": 955600000,
        "weightedAverageShsOutDil": 962800000,
        "link": "https://www.sec.gov/Archives/edgar/data/100885/000119312512038569/0001193125-12-038569-index.htm",
        "finalLink": "https://www.sec.gov/Archives/edgar/data/100885/000119312512038569/d288752d10k.htm"
    },
    {
        "date": "2011-09-30",
        "symbol": "UNP",
        "reportedCurrency": "USD",
        "cik": "0000100885",
        "fillingDate": "2011-10-21",
        "acceptedDate": "2011-10-21 12:20:53",
        "calendarYear": "2011",
        "period": "Q3",
        "revenue": 5101000000,
        "costOfRevenue": 1715000000,
        "grossProfit": 3386000000,
        "grossProfitRatio": 0.6637914134,
        "researchAndDevelopmentExpenses": 0,
        "generalAndAdministrativeExpenses": 1193000000,
        "sellingAndMarketingExpenses": 0,
        "sellingGeneralAndAdministrativeExpenses": 1193000000,
        "otherExpenses": 20000000,
        "operatingExpenses": 1808000000,
        "costAndExpenses": 3523000000,
        "interestIncome": 0,
        "interestExpense": 142000000,
        "depreciationAndAmortization": 408000000,
        "ebitda": 2003000000,
        "ebitdaratio": 0.3926681043,
        "operatingIncome": 1578000000,
        "operatingIncomeRatio": 0.3093511076,
        "totalOtherIncomeExpensesNet": -125000000,
        "incomeBeforeTax": 1453000000,
        "incomeBeforeTaxRatio": 0.2848461086,
        "incomeTaxExpense": 549000000,
        "netIncome": 904000000,
        "netIncomeRatio": 0.1772201529,
        "eps": 0.93,
        "epsdiluted": 0.93,
        "weightedAverageShsOut": 968400000,
        "weightedAverageShsOutDil": 976200000,
        "link": "https://www.sec.gov/Archives/edgar/data/100885/000119312511277040/0001193125-11-277040-index.htm",
        "finalLink": "https://www.sec.gov/Archives/edgar/data/100885/000119312511277040/d244278d10q.htm"
    },
    {
        "date": "2011-06-30",
        "symbol": "UNP",
        "reportedCurrency": "USD",
        "cik": "0000100885",
        "fillingDate": "2011-07-22",
        "acceptedDate": "2011-07-22 15:02:03",
        "calendarYear": "2011",
        "period": "Q2",
        "revenue": 4858000000,
        "costOfRevenue": 1703000000,
        "grossProfit": 3155000000,
        "grossProfitRatio": 0.6494442157,
        "researchAndDevelopmentExpenses": 0,
        "generalAndAdministrativeExpenses": 1166000000,
        "sellingAndMarketingExpenses": 0,
        "sellingGeneralAndAdministrativeExpenses": 1166000000,
        "otherExpenses": -19000000,
        "operatingExpenses": 1763000000,
        "costAndExpenses": 3466000000,
        "interestIncome": 1000000,
        "interestExpense": 148000000,
        "depreciationAndAmortization": 401000000,
        "ebitda": 1819000000,
        "ebitdaratio": 0.3744339234,
        "operatingIncome": 1392000000,
        "operatingIncomeRatio": 0.2865376698,
        "totalOtherIncomeExpensesNet": -122000000,
        "incomeBeforeTax": 1270000000,
        "incomeBeforeTaxRatio": 0.2614244545,
        "incomeTaxExpense": 485000000,
        "netIncome": 785000000,
        "netIncomeRatio": 0.1615891313,
        "eps": 0.8,
        "epsdiluted": 0.8,
        "weightedAverageShsOut": 976800000,
        "weightedAverageShsOutDil": 984800000,
        "link": "https://www.sec.gov/Archives/edgar/data/100885/000119312511194677/0001193125-11-194677-index.htm",
        "finalLink": "https://www.sec.gov/Archives/edgar/data/100885/000119312511194677/d10q.htm"
    },
    {
        "date": "2011-03-31",
        "symbol": "UNP",
        "reportedCurrency": "USD",
        "cik": "0000100885",
        "fillingDate": "2011-04-21",
        "acceptedDate": "2011-04-21 12:57:23",
        "calendarYear": "2011",
        "period": "Q1",
        "revenue": 4490000000,
        "costOfRevenue": 1603000000,
        "grossProfit": 2887000000,
        "grossProfitRatio": 0.6429844098,
        "researchAndDevelopmentExpenses": 0,
        "generalAndAdministrativeExpenses": 1167000000,
        "sellingAndMarketingExpenses": 0,
        "sellingGeneralAndAdministrativeExpenses": 1167000000,
        "otherExpenses": 20000000,
        "operatingExpenses": 1750000000,
        "costAndExpenses": 3353000000,
        "interestIncome": 1000000,
        "interestExpense": 141000000,
        "depreciationAndAmortization": 395000000,
        "ebitda": 1532000000,
        "ebitdaratio": 0.3412026726,
        "operatingIncome": 1137000000,
        "operatingIncomeRatio": 0.2532293987,
        "totalOtherIncomeExpensesNet": -126000000,
        "incomeBeforeTax": 1011000000,
        "incomeBeforeTaxRatio": 0.2251670379,
        "incomeTaxExpense": 372000000,
        "netIncome": 639000000,
        "netIncomeRatio": 0.1423162584,
        "eps": 0.65,
        "epsdiluted": 0.65,
        "weightedAverageShsOut": 979200000,
        "weightedAverageShsOutDil": 988200000,
        "link": "https://www.sec.gov/Archives/edgar/data/100885/000119312511104887/0001193125-11-104887-index.htm",
        "finalLink": "https://www.sec.gov/Archives/edgar/data/100885/000119312511104887/d10q.htm"
    },
    {
        "date": "2010-12-31",
        "symbol": "UNP",
        "reportedCurrency": "USD",
        "cik": "0000100885",
        "fillingDate": "2011-02-04",
        "acceptedDate": "2011-02-04 17:03:17",
        "calendarYear": "2010",
        "period": "Q4",
        "revenue": 4410000000,
        "costOfRevenue": 1432000000,
        "grossProfit": 2978000000,
        "grossProfitRatio": 0.6752834467,
        "researchAndDevelopmentExpenses": 0,
        "generalAndAdministrativeExpenses": 1112000000,
        "sellingAndMarketingExpenses": 0,
        "sellingGeneralAndAdministrativeExpenses": 1112000000,
        "otherExpenses": 23000000,
        "operatingExpenses": 1492000000,
        "costAndExpenses": 2924000000,
        "interestIncome": 1000000,
        "interestExpense": 142000000,
        "depreciationAndAmortization": 380000000,
        "ebitda": 1702000000,
        "ebitdaratio": 0.3859410431,
        "operatingIncome": 1313000000,
        "operatingIncomeRatio": 0.2977324263,
        "totalOtherIncomeExpensesNet": -133000000,
        "incomeBeforeTax": 1180000000,
        "incomeBeforeTaxRatio": 0.2675736961,
        "incomeTaxExpense": 405000000,
        "netIncome": 775000000,
        "netIncomeRatio": 0.1757369615,
        "eps": 0.79,
        "epsdiluted": 0.78,
        "weightedAverageShsOut": 979200000,
        "weightedAverageShsOutDil": 988200000,
        "link": "https://www.sec.gov/Archives/edgar/data/100885/000119312511024531/0001193125-11-024531-index.htm",
        "finalLink": "https://www.sec.gov/Archives/edgar/data/100885/000119312511024531/d10k.htm"
    },
    {
        "date": "2010-09-30",
        "symbol": "UNP",
        "reportedCurrency": "USD",
        "cik": "0000100885",
        "fillingDate": "2010-10-22",
        "acceptedDate": "2010-10-22 16:39:20",
        "calendarYear": "2010",
        "period": "Q3",
        "revenue": 4408000000,
        "costOfRevenue": 781000000,
        "grossProfit": 3627000000,
        "grossProfitRatio": 0.8228221416,
        "researchAndDevelopmentExpenses": 0,
        "generalAndAdministrativeExpenses": 1092000000,
        "sellingAndMarketingExpenses": 0,
        "sellingGeneralAndAdministrativeExpenses": 1092000000,
        "otherExpenses": 20000000,
        "operatingExpenses": 1642000000,
        "costAndExpenses": 2423000000,
        "interestIncome": 1000000,
        "interestExpense": 153000000,
        "depreciationAndAmortization": 372000000,
        "ebitda": 1798000000,
        "ebitdaratio": 0.4078947368,
        "operatingIncome": 1401000000,
        "operatingIncomeRatio": 0.317831216,
        "totalOtherIncomeExpensesNet": -128000000,
        "incomeBeforeTax": 1273000000,
        "incomeBeforeTaxRatio": 0.2887931034,
        "incomeTaxExpense": 495000000,
        "netIncome": 778000000,
        "netIncomeRatio": 0.1764972777,
        "eps": 0.79,
        "epsdiluted": 0.78,
        "weightedAverageShsOut": 986000000,
        "weightedAverageShsOutDil": 995400000,
        "link": "https://www.sec.gov/Archives/edgar/data/100885/000119312510234647/0001193125-10-234647-index.htm",
        "finalLink": "https://www.sec.gov/Archives/edgar/data/100885/000119312510234647/d10q.htm"
    },
    {
        "date": "2010-06-30",
        "symbol": "UNP",
        "reportedCurrency": "USD",
        "cik": "0000100885",
        "fillingDate": "2010-07-23",
        "acceptedDate": "2010-07-23 15:31:50",
        "calendarYear": "2010",
        "period": "Q2",
        "revenue": 4182000000,
        "costOfRevenue": 798000000,
        "grossProfit": 3384000000,
        "grossProfitRatio": 0.8091822095,
        "researchAndDevelopmentExpenses": 0,
        "generalAndAdministrativeExpenses": 1051000000,
        "sellingAndMarketingExpenses": 0,
        "sellingGeneralAndAdministrativeExpenses": 1051000000,
        "otherExpenses": 21000000,
        "operatingExpenses": 1541000000,
        "costAndExpenses": 2339000000,
        "interestIncome": 1000000,
        "interestExpense": 152000000,
        "depreciationAndAmortization": 368000000,
        "ebitda": 1666000000,
        "ebitdaratio": 0.3983739837,
        "operatingIncome": 1279000000,
        "operatingIncomeRatio": 0.3058345289,
        "totalOtherIncomeExpensesNet": -135000000,
        "incomeBeforeTax": 1146000000,
        "incomeBeforeTaxRatio": 0.2740315638,
        "incomeTaxExpense": 435000000,
        "netIncome": 711000000,
        "netIncomeRatio": 0.1700143472,
        "eps": 0.71,
        "epsdiluted": 0.7,
        "weightedAverageShsOut": 1003600000,
        "weightedAverageShsOutDil": 1013000000,
        "link": "https://www.sec.gov/Archives/edgar/data/100885/000119312510164978/0001193125-10-164978-index.htm",
        "finalLink": "https://www.sec.gov/Archives/edgar/data/100885/000119312510164978/d10q.htm"
    },
    {
        "date": "2010-03-31",
        "symbol": "UNP",
        "reportedCurrency": "USD",
        "cik": "0000100885",
        "fillingDate": "2010-04-23",
        "acceptedDate": "2010-04-23 16:20:46",
        "calendarYear": "2010",
        "period": "Q1",
        "revenue": 3965000000,
        "costOfRevenue": 725000000,
        "grossProfit": 3240000000,
        "grossProfitRatio": 0.8171500631,
        "researchAndDevelopmentExpenses": 0,
        "generalAndAdministrativeExpenses": 1059000000,
        "sellingAndMarketingExpenses": 0,
        "sellingGeneralAndAdministrativeExpenses": 1059000000,
        "otherExpenses": 20000000,
        "operatingExpenses": 1672000000,
        "costAndExpenses": 2397000000,
        "interestIncome": 1000000,
        "interestExpense": 155000000,
        "depreciationAndAmortization": 367000000,
        "ebitda": 1356000000,
        "ebitdaratio": 0.3419924338,
        "operatingIncome": 988000000,
        "operatingIncomeRatio": 0.2491803279,
        "totalOtherIncomeExpensesNet": -158000000,
        "incomeBeforeTax": 834000000,
        "incomeBeforeTaxRatio": 0.2103404792,
        "incomeTaxExpense": 318000000,
        "netIncome": 516000000,
        "netIncomeRatio": 0.1301387137,
        "eps": 0.51,
        "epsdiluted": 0.51,
        "weightedAverageShsOut": 1009000000,
        "weightedAverageShsOutDil": 1017400000,
        "link": "https://www.sec.gov/Archives/edgar/data/100885/000119312510091753/0001193125-10-091753-index.htm",
        "finalLink": "https://www.sec.gov/Archives/edgar/data/100885/000119312510091753/d10q.htm"
    },
    {
        "date": "2009-12-31",
        "symbol": "UNP",
        "reportedCurrency": "USD",
        "cik": "0000100885",
        "fillingDate": "2010-02-05",
        "acceptedDate": "2010-02-05 15:30:53",
        "calendarYear": "2009",
        "period": "Q4",
        "revenue": 3754000000,
        "costOfRevenue": 1228000000,
        "grossProfit": 2526000000,
        "grossProfitRatio": 0.6728822589,
        "researchAndDevelopmentExpenses": 0,
        "generalAndAdministrativeExpenses": 1018000000,
        "sellingAndMarketingExpenses": 0,
        "sellingGeneralAndAdministrativeExpenses": 1018000000,
        "otherExpenses": 17000000,
        "operatingExpenses": 1395000000,
        "costAndExpenses": 2623000000,
        "interestIncome": 0,
        "interestExpense": 153000000,
        "depreciationAndAmortization": 377000000,
        "ebitda": 1402000000,
        "ebitdaratio": 0.3734683005,
        "operatingIncome": 1002000000,
        "operatingIncomeRatio": 0.2669152904,
        "totalOtherIncomeExpensesNet": -130000000,
        "incomeBeforeTax": 872000000,
        "incomeBeforeTaxRatio": 0.2322855621,
        "incomeTaxExpense": 321000000,
        "netIncome": 551000000,
        "netIncomeRatio": 0.1467767714,
        "eps": 0.55,
        "epsdiluted": 0.54,
        "weightedAverageShsOut": 1009000000,
        "weightedAverageShsOutDil": 1017400000,
        "link": "https://www.sec.gov/Archives/edgar/data/100885/000119312510023294/0001193125-10-023294-index.htm",
        "finalLink": "https://www.sec.gov/Archives/edgar/data/100885/000119312510023294/d10k.htm"
    },
    {
        "date": "2009-09-30",
        "symbol": "UNP",
        "reportedCurrency": "USD",
        "cik": "0000100885",
        "fillingDate": "2009-10-22",
        "acceptedDate": "2009-10-22 17:17:14",
        "calendarYear": "2009",
        "period": "Q3",
        "revenue": 3671000000,
        "costOfRevenue": 1159000000,
        "grossProfit": 2512000000,
        "grossProfitRatio": 0.6842822119,
        "researchAndDevelopmentExpenses": 0,
        "generalAndAdministrativeExpenses": 999000000,
        "sellingAndMarketingExpenses": 0,
        "sellingGeneralAndAdministrativeExpenses": 999000000,
        "otherExpenses": 17000000,
        "operatingExpenses": 1366000000,
        "costAndExpenses": 2525000000,
        "interestIncome": 1000000,
        "interestExpense": 156000000,
        "depreciationAndAmortization": 367000000,
        "ebitda": 1338000000,
        "ebitdaratio": 0.3644783438,
        "operatingIncome": 967000000,
        "operatingIncomeRatio": 0.263415963,
        "totalOtherIncomeExpensesNet": -142000000,
        "incomeBeforeTax": 825000000,
        "incomeBeforeTaxRatio": 0.2247344048,
        "incomeTaxExpense": 308000000,
        "netIncome": 514000000,
        "netIncomeRatio": 0.1400163443,
        "eps": 0.51,
        "epsdiluted": 0.51,
        "weightedAverageShsOut": 1006200000,
        "weightedAverageShsOutDil": 1014000000,
        "link": "https://www.sec.gov/Archives/edgar/data/100885/000119312509212075/0001193125-09-212075-index.htm",
        "finalLink": "https://www.sec.gov/Archives/edgar/data/100885/000119312509212075/d10q.htm"
    },
    {
        "date": "2009-06-30",
        "symbol": "UNP",
        "reportedCurrency": "USD",
        "cik": "0000100885",
        "fillingDate": "2009-07-24",
        "acceptedDate": "2009-07-24 16:07:12",
        "calendarYear": "2009",
        "period": "Q2",
        "revenue": 3303000000,
        "costOfRevenue": 454000000,
        "grossProfit": 2849000000,
        "grossProfitRatio": 0.8625491977,
        "researchAndDevelopmentExpenses": 0,
        "generalAndAdministrativeExpenses": 976000000,
        "sellingAndMarketingExpenses": 0,
        "sellingGeneralAndAdministrativeExpenses": 976000000,
        "otherExpenses": 19000000,
        "operatingExpenses": 1484000000,
        "costAndExpenses": 1938000000,
        "interestIncome": 2000000,
        "interestExpense": 150000000,
        "depreciationAndAmortization": 355000000,
        "ebitda": 1233000000,
        "ebitdaratio": 0.3732970027,
        "operatingIncome": 751000000,
        "operatingIncomeRatio": 0.2273690584,
        "totalOtherIncomeExpensesNet": -15000000,
        "incomeBeforeTax": 736000000,
        "incomeBeforeTaxRatio": 0.2228277324,
        "incomeTaxExpense": 268000000,
        "netIncome": 465000000,
        "netIncomeRatio": 0.1407811081,
        "eps": 0.47,
        "epsdiluted": 0.46,
        "weightedAverageShsOut": 1005800000,
        "weightedAverageShsOutDil": 1010600000,
        "link": "https://www.sec.gov/Archives/edgar/data/100885/000119312509154939/0001193125-09-154939-index.htm",
        "finalLink": "https://www.sec.gov/Archives/edgar/data/100885/000119312509154939/d10q.htm"
    },
    {
        "date": "2009-03-31",
        "symbol": "UNP",
        "reportedCurrency": "USD",
        "cik": "0000100885",
        "fillingDate": "2009-04-24",
        "acceptedDate": "2009-04-24 15:49:03",
        "calendarYear": "2009",
        "period": "Q1",
        "revenue": 3415000000,
        "costOfRevenue": 468000000,
        "grossProfit": 2947000000,
        "grossProfitRatio": 0.8629575403,
        "researchAndDevelopmentExpenses": 0,
        "generalAndAdministrativeExpenses": 1296000000,
        "sellingAndMarketingExpenses": 0,
        "sellingGeneralAndAdministrativeExpenses": 1296000000,
        "otherExpenses": 345000000,
        "operatingExpenses": 1641000000,
        "costAndExpenses": 2109000000,
        "interestIncome": 2000000,
        "interestExpense": 141000000,
        "depreciationAndAmortization": 345000000,
        "ebitda": 1035000000,
        "ebitdaratio": 0.3030746706,
        "operatingIncome": 672000000,
        "operatingIncomeRatio": 0.1967789165,
        "totalOtherIncomeExpensesNet": -118000000,
        "incomeBeforeTax": 554000000,
        "incomeBeforeTaxRatio": 0.1622254758,
        "incomeTaxExpense": 192000000,
        "netIncome": 362000000,
        "netIncomeRatio": 0.1060029283,
        "eps": 0.36,
        "epsdiluted": 0.36,
        "weightedAverageShsOut": 1005400000,
        "weightedAverageShsOutDil": 1009200000,
        "link": "https://www.sec.gov/Archives/edgar/data/100885/000119312509086959/0001193125-09-086959-index.htm",
        "finalLink": "https://www.sec.gov/Archives/edgar/data/100885/000119312509086959/d10q.htm"
    },
    {
        "date": "2008-12-31",
        "symbol": "UNP",
        "reportedCurrency": "USD",
        "cik": "0000100885",
        "fillingDate": "2009-02-06",
        "acceptedDate": "2009-02-06 17:01:08",
        "calendarYear": "2008",
        "period": "Q4",
        "revenue": 4286000000,
        "costOfRevenue": 1510000000,
        "grossProfit": 2776000000,
        "grossProfitRatio": 0.647690154,
        "researchAndDevelopmentExpenses": 0,
        "generalAndAdministrativeExpenses": 1101000000,
        "sellingAndMarketingExpenses": 0,
        "sellingGeneralAndAdministrativeExpenses": 1101000000,
        "otherExpenses": 20000000,
        "operatingExpenses": 1454000000,
        "costAndExpenses": 2964000000,
        "interestIncome": 5000000,
        "interestExpense": 127000000,
        "depreciationAndAmortization": 353000000,
        "ebitda": 1519000000,
        "ebitdaratio": 0.354409706,
        "operatingIncome": 1141000000,
        "operatingIncomeRatio": 0.2662155856,
        "totalOtherIncomeExpensesNet": -102000000,
        "incomeBeforeTax": 1039000000,
        "incomeBeforeTaxRatio": 0.2424171722,
        "incomeTaxExpense": 378000000,
        "netIncome": 661000000,
        "netIncomeRatio": 0.1542230518,
        "eps": 0.66,
        "epsdiluted": 0.65,
        "weightedAverageShsOut": 1005400000,
        "weightedAverageShsOutDil": 1009200000,
        "link": "https://www.sec.gov/Archives/edgar/data/100885/000119312509021370/0001193125-09-021370-index.htm",
        "finalLink": "https://www.sec.gov/Archives/edgar/data/100885/000119312509021370/d10k.htm"
    },
    {
        "date": "2008-09-30",
        "symbol": "UNP",
        "reportedCurrency": "USD",
        "cik": "0000100885",
        "fillingDate": "2008-10-23",
        "acceptedDate": "2008-10-23 17:21:53",
        "calendarYear": "2008",
        "period": "Q3",
        "revenue": 4846000000,
        "costOfRevenue": 1942000000,
        "grossProfit": 2904000000,
        "grossProfitRatio": 0.5992571193,
        "researchAndDevelopmentExpenses": 0,
        "generalAndAdministrativeExpenses": 1123000000,
        "sellingAndMarketingExpenses": 0,
        "sellingGeneralAndAdministrativeExpenses": 1123000000,
        "otherExpenses": 23000000,
        "operatingExpenses": 1471000000,
        "costAndExpenses": 3413000000,
        "interestIncome": 4000000,
        "interestExpense": 130000000,
        "depreciationAndAmortization": 348000000,
        "ebitda": 1586000000,
        "ebitdaratio": 0.3272802311,
        "operatingIncome": 1215000000,
        "operatingIncomeRatio": 0.2507222452,
        "totalOtherIncomeExpensesNet": -107000000,
        "incomeBeforeTax": 1108000000,
        "incomeBeforeTaxRatio": 0.2286421791,
        "incomeTaxExpense": 405000000,
        "netIncome": 703000000,
        "netIncomeRatio": 0.1450680974,
        "eps": 0.69,
        "epsdiluted": 0.69,
        "weightedAverageShsOut": 1013200000,
        "weightedAverageShsOutDil": 1022600000,
        "link": "https://www.sec.gov/Archives/edgar/data/100885/000119312508215351/0001193125-08-215351-index.htm",
        "finalLink": "https://www.sec.gov/Archives/edgar/data/100885/000119312508215351/d10q.htm"
    },
    {
        "date": "2008-06-30",
        "symbol": "UNP",
        "reportedCurrency": "USD",
        "cik": "0000100885",
        "fillingDate": "2008-07-24",
        "acceptedDate": "2008-07-24 17:11:10",
        "calendarYear": "2008",
        "period": "Q2",
        "revenue": 4568000000,
        "costOfRevenue": 1991000000,
        "grossProfit": 2577000000,
        "grossProfitRatio": 0.5641418564,
        "researchAndDevelopmentExpenses": 0,
        "generalAndAdministrativeExpenses": 1101000000,
        "sellingAndMarketingExpenses": 0,
        "sellingGeneralAndAdministrativeExpenses": 1101000000,
        "otherExpenses": 20000000,
        "operatingExpenses": 1447000000,
        "costAndExpenses": 3438000000,
        "interestIncome": 4000000,
        "interestExpense": 128000000,
        "depreciationAndAmortization": 346000000,
        "ebitda": 1296000000,
        "ebitdaratio": 0.2837127846,
        "operatingIncome": 931000000,
        "operatingIncomeRatio": 0.2038091068,
        "totalOtherIncomeExpensesNet": -109000000,
        "incomeBeforeTax": 822000000,
        "incomeBeforeTaxRatio": 0.1799474606,
        "incomeTaxExpense": 291000000,
        "netIncome": 531000000,
        "netIncomeRatio": 0.1162434326,
        "eps": 0.52,
        "epsdiluted": 0.51,
        "weightedAverageShsOut": 1028600000,
        "weightedAverageShsOutDil": 1038000000,
        "link": "https://www.sec.gov/Archives/edgar/data/100885/000119312508157334/0001193125-08-157334-index.htm",
        "finalLink": "https://www.sec.gov/Archives/edgar/data/100885/000119312508157334/d10q.htm"
    },
    {
        "date": "2008-03-31",
        "symbol": "UNP",
        "reportedCurrency": "USD",
        "cik": "0000100885",
        "fillingDate": "2008-04-24",
        "acceptedDate": "2008-04-24 16:17:13",
        "calendarYear": "2008",
        "period": "Q1",
        "revenue": 4270000000,
        "costOfRevenue": 2352000000,
        "grossProfit": 1918000000,
        "grossProfitRatio": 0.4491803279,
        "researchAndDevelopmentExpenses": 0,
        "generalAndAdministrativeExpenses": 1474000000,
        "sellingAndMarketingExpenses": 0,
        "sellingGeneralAndAdministrativeExpenses": 1474000000,
        "otherExpenses": 2350000000,
        "operatingExpenses": 3824000000,
        "costAndExpenses": 6176000000,
        "interestIncome": 8000000,
        "interestExpense": 101000000,
        "depreciationAndAmortization": 340000000,
        "ebitda": 1153000000,
        "ebitdaratio": 0.2700234192,
        "operatingIncome": 788000000,
        "operatingIncomeRatio": 0.1845433255,
        "totalOtherIncomeExpensesNet": -101000000,
        "incomeBeforeTax": 687000000,
        "incomeBeforeTaxRatio": 0.1608899297,
        "incomeTaxExpense": 244000000,
        "netIncome": 443000000,
        "netIncomeRatio": 0.1037470726,
        "eps": 0.43,
        "epsdiluted": 0.42,
        "weightedAverageShsOut": 1036800000,
        "weightedAverageShsOutDil": 1045600000,
        "link": "https://www.sec.gov/Archives/edgar/data/100885/000119312508089367/0001193125-08-089367-index.htm",
        "finalLink": "https://www.sec.gov/Archives/edgar/data/100885/000119312508089367/d10q.htm"
    },
    {
        "date": "2007-12-31",
        "symbol": "UNP",
        "reportedCurrency": "USD",
        "cik": "0000100885",
        "fillingDate": "2008-02-28",
        "acceptedDate": "2008-02-28 15:54:38",
        "calendarYear": "2007",
        "period": "Q4",
        "revenue": 4197000000,
        "costOfRevenue": 460000000,
        "grossProfit": 3737000000,
        "grossProfitRatio": 0.8903979033,
        "researchAndDevelopmentExpenses": 0,
        "generalAndAdministrativeExpenses": -391000000,
        "sellingAndMarketingExpenses": 0,
        "sellingGeneralAndAdministrativeExpenses": -391000000,
        "otherExpenses": -4575000000,
        "operatingExpenses": -4966000000,
        "costAndExpenses": -4506000000,
        "interestIncome": 0,
        "interestExpense": 85000000,
        "depreciationAndAmortization": 337000000,
        "ebitda": 8835000000,
        "ebitdaratio": 2.1050750536,
        "operatingIncome": 864000000,
        "operatingIncomeRatio": 0.2058613295,
        "totalOtherIncomeExpensesNet": -85000000,
        "incomeBeforeTax": 779000000,
        "incomeBeforeTaxRatio": 0.1856087682,
        "incomeTaxExpense": 288000000,
        "netIncome": 491000000,
        "netIncomeRatio": 0.116988325,
        "eps": 0.47,
        "epsdiluted": 0.47,
        "weightedAverageShsOut": 1036800000,
        "weightedAverageShsOutDil": 1045600000,
        "link": "https://www.sec.gov/Archives/edgar/data/100885/000119312508041700/0001193125-08-041700-index.htm",
        "finalLink": "https://www.sec.gov/Archives/edgar/data/100885/000119312508041700/d10k.htm"
    },
    {
        "date": "2007-09-30",
        "symbol": "UNP",
        "reportedCurrency": "USD",
        "cik": "0000100885",
        "fillingDate": "2007-10-24",
        "acceptedDate": "2007-10-24 11:21:14",
        "calendarYear": "2007",
        "period": "Q3",
        "revenue": 4191000000,
        "costOfRevenue": 2098000000,
        "grossProfit": 2093000000,
        "grossProfitRatio": 0.4994034837,
        "researchAndDevelopmentExpenses": 0,
        "generalAndAdministrativeExpenses": 1582000000,
        "sellingAndMarketingExpenses": 0,
        "sellingGeneralAndAdministrativeExpenses": 1582000000,
        "otherExpenses": 2017000000,
        "operatingExpenses": 3599000000,
        "costAndExpenses": 5697000000,
        "interestIncome": 8000000,
        "interestExpense": 99000000,
        "depreciationAndAmortization": 332000000,
        "ebitda": 1362000000,
        "ebitdaratio": 0.3249821045,
        "operatingIncome": 1005000000,
        "operatingIncomeRatio": 0.2397995705,
        "totalOtherIncomeExpensesNet": -99000000,
        "incomeBeforeTax": 906000000,
        "incomeBeforeTaxRatio": 0.2161775233,
        "incomeTaxExpense": 374000000,
        "netIncome": 532000000,
        "netIncomeRatio": 0.1269386781,
        "eps": 0.51,
        "epsdiluted": 0.5,
        "weightedAverageShsOut": 1053000000,
        "weightedAverageShsOutDil": 1062800000,
        "link": "https://www.sec.gov/Archives/edgar/data/100885/000119312507224451/0001193125-07-224451-index.htm",
        "finalLink": "https://www.sec.gov/Archives/edgar/data/100885/000119312507224451/d10q.htm"
    },
    {
        "date": "2007-06-30",
        "symbol": "UNP",
        "reportedCurrency": "USD",
        "cik": "0000100885",
        "fillingDate": "2007-07-26",
        "acceptedDate": "2007-07-26 15:15:25",
        "calendarYear": "2007",
        "period": "Q2",
        "revenue": 4046000000,
        "costOfRevenue": 2139000000,
        "grossProfit": 1907000000,
        "grossProfitRatio": 0.4713297084,
        "researchAndDevelopmentExpenses": 0,
        "generalAndAdministrativeExpenses": 1729000000,
        "sellingAndMarketingExpenses": 0,
        "sellingGeneralAndAdministrativeExpenses": 1729000000,
        "otherExpenses": 1998000000,
        "operatingExpenses": 3727000000,
        "costAndExpenses": 5866000000,
        "interestIncome": 12000000,
        "interestExpense": 84000000,
        "depreciationAndAmortization": 327000000,
        "ebitda": 1150000000,
        "ebitdaratio": 0.2842313396,
        "operatingIncome": 787000000,
        "operatingIncomeRatio": 0.1945130994,
        "totalOtherIncomeExpensesNet": -84000000,
        "incomeBeforeTax": 703000000,
        "incomeBeforeTaxRatio": 0.1737518537,
        "incomeTaxExpense": 257000000,
        "netIncome": 446000000,
        "netIncomeRatio": 0.1102323282,
        "eps": 0.42,
        "epsdiluted": 0.41,
        "weightedAverageShsOut": 1072800000,
        "weightedAverageShsOutDil": 1083000000,
        "link": "https://www.sec.gov/Archives/edgar/data/100885/000119312507162908/0001193125-07-162908-index.htm",
        "finalLink": "https://www.sec.gov/Archives/edgar/data/100885/000119312507162908/d10q.htm"
    },
    {
        "date": "2007-03-31",
        "symbol": "UNP",
        "reportedCurrency": "USD",
        "cik": "0000100885",
        "fillingDate": "2007-04-26",
        "acceptedDate": "2007-04-26 16:28:40",
        "calendarYear": "2007",
        "period": "Q1",
        "revenue": 3849000000,
        "costOfRevenue": 1978000000,
        "grossProfit": 1871000000,
        "grossProfitRatio": 0.4861002858,
        "researchAndDevelopmentExpenses": 0,
        "generalAndAdministrativeExpenses": 1671000000,
        "sellingAndMarketingExpenses": 0,
        "sellingGeneralAndAdministrativeExpenses": 1671000000,
        "otherExpenses": 1881000000,
        "operatingExpenses": 3552000000,
        "costAndExpenses": 5530000000,
        "interestIncome": 0,
        "interestExpense": 98000000,
        "depreciationAndAmortization": 325000000,
        "ebitda": 1044000000,
        "ebitdaratio": 0.2712392829,
        "operatingIncome": 719000000,
        "operatingIncomeRatio": 0.1868017667,
        "totalOtherIncomeExpensesNet": -98000000,
        "incomeBeforeTax": 621000000,
        "incomeBeforeTaxRatio": 0.161340608,
        "incomeTaxExpense": 235000000,
        "netIncome": 386000000,
        "netIncomeRatio": 0.1002857885,
        "eps": 0.36,
        "epsdiluted": 0.35,
        "weightedAverageShsOut": 1082400000,
        "weightedAverageShsOutDil": 1091200000,
        "link": "https://www.sec.gov/Archives/edgar/data/100885/000119312507091856/0001193125-07-091856-index.htm",
        "finalLink": "https://www.sec.gov/Archives/edgar/data/100885/000119312507091856/d10q.htm"
    },
    {
        "date": "2006-12-31",
        "symbol": "UNP",
        "reportedCurrency": "USD",
        "cik": "0000100885",
        "fillingDate": "2007-02-23",
        "acceptedDate": "2007-02-23 16:32:32",
        "calendarYear": "2006",
        "period": "Q4",
        "revenue": 3962000000,
        "costOfRevenue": 149000000,
        "grossProfit": 3813000000,
        "grossProfitRatio": 0.9623927309,
        "researchAndDevelopmentExpenses": 0,
        "generalAndAdministrativeExpenses": -546000000,
        "sellingAndMarketingExpenses": 0,
        "sellingGeneralAndAdministrativeExpenses": -546000000,
        "otherExpenses": -4572000000,
        "operatingExpenses": -5118000000,
        "costAndExpenses": -4969000000,
        "interestIncome": 0,
        "interestExpense": 61000000,
        "depreciationAndAmortization": 315000000,
        "ebitda": 8954000000,
        "ebitdaratio": 2.2599697123,
        "operatingIncome": 810000000,
        "operatingIncomeRatio": 0.2044422009,
        "totalOtherIncomeExpensesNet": -61000000,
        "incomeBeforeTax": 749000000,
        "incomeBeforeTaxRatio": 0.1890459364,
        "incomeTaxExpense": 264000000,
        "netIncome": 485000000,
        "netIncomeRatio": 0.1224129228,
        "eps": 0.45,
        "epsdiluted": 0.44,
        "weightedAverageShsOut": 1082400000,
        "weightedAverageShsOutDil": 1091200000,
        "link": "https://www.sec.gov/Archives/edgar/data/100885/000119312507038387/0001193125-07-038387-index.htm",
        "finalLink": "https://www.sec.gov/Archives/edgar/data/100885/000119312507038387/d10k.htm"
    },
    {
        "date": "2006-09-30",
        "symbol": "UNP",
        "reportedCurrency": "USD",
        "cik": "0000100885",
        "fillingDate": "2006-11-01",
        "acceptedDate": "2006-11-01 17:22:24",
        "calendarYear": "2006",
        "period": "Q3",
        "revenue": 3983000000,
        "costOfRevenue": 2130000000,
        "grossProfit": 1853000000,
        "grossProfitRatio": 0.4652272157,
        "researchAndDevelopmentExpenses": 0,
        "generalAndAdministrativeExpenses": 1698000000,
        "sellingAndMarketingExpenses": 0,
        "sellingGeneralAndAdministrativeExpenses": 1698000000,
        "otherExpenses": 1987000000,
        "operatingExpenses": 3685000000,
        "costAndExpenses": 5815000000,
        "interestIncome": 0,
        "interestExpense": 97000000,
        "depreciationAndAmortization": 311000000,
        "ebitda": 1063000000,
        "ebitdaratio": 0.2668842581,
        "operatingIncome": 752000000,
        "operatingIncomeRatio": 0.1888024102,
        "totalOtherIncomeExpensesNet": -97000000,
        "incomeBeforeTax": 655000000,
        "incomeBeforeTaxRatio": 0.1644489079,
        "incomeTaxExpense": 235000000,
        "netIncome": 420000000,
        "netIncomeRatio": 0.1054481547,
        "eps": 0.39,
        "epsdiluted": 0.39,
        "weightedAverageShsOut": 1079200000,
        "weightedAverageShsOutDil": 1087600000,
        "link": "https://www.sec.gov/Archives/edgar/data/100885/000119312506220778/0001193125-06-220778-index.htm",
        "finalLink": "https://www.sec.gov/Archives/edgar/data/100885/000119312506220778/d10q.htm"
    },
    {
        "date": "2006-06-30",
        "symbol": "UNP",
        "reportedCurrency": "USD",
        "cik": "0000100885",
        "fillingDate": "2006-08-04",
        "acceptedDate": "2006-08-04 10:28:25",
        "calendarYear": "2006",
        "period": "Q2",
        "revenue": 3923000000,
        "costOfRevenue": 2129000000,
        "grossProfit": 1794000000,
        "grossProfitRatio": 0.4573030844,
        "researchAndDevelopmentExpenses": 0,
        "generalAndAdministrativeExpenses": 1731000000,
        "sellingAndMarketingExpenses": 0,
        "sellingGeneralAndAdministrativeExpenses": 1731000000,
        "otherExpenses": 1956000000,
        "operatingExpenses": 3687000000,
        "costAndExpenses": 5816000000,
        "interestIncome": 0,
        "interestExpense": 91000000,
        "depreciationAndAmortization": 308000000,
        "ebitda": 1025000000,
        "ebitdaratio": 0.2612796329,
        "operatingIncome": 717000000,
        "operatingIncomeRatio": 0.1827682896,
        "totalOtherIncomeExpensesNet": -91000000,
        "incomeBeforeTax": 626000000,
        "incomeBeforeTaxRatio": 0.1595717563,
        "incomeTaxExpense": 236000000,
        "netIncome": 390000000,
        "netIncomeRatio": 0.099413714,
        "eps": 0.36,
        "epsdiluted": 0.36,
        "weightedAverageShsOut": 1077200000,
        "weightedAverageShsOutDil": 1088400000,
        "link": "https://www.sec.gov/Archives/edgar/data/100885/000119312506161893/0001193125-06-161893-index.htm",
        "finalLink": "https://www.sec.gov/Archives/edgar/data/100885/000119312506161893/d10q.htm"
    },
    {
        "date": "2006-03-31",
        "symbol": "UNP",
        "reportedCurrency": "USD",
        "cik": "0000100885",
        "fillingDate": "2006-05-05",
        "acceptedDate": "2006-05-05 11:34:53",
        "calendarYear": "2006",
        "period": "Q1",
        "revenue": 3710000000,
        "costOfRevenue": 2040000000,
        "grossProfit": 1670000000,
        "grossProfitRatio": 0.4501347709,
        "researchAndDevelopmentExpenses": 0,
        "generalAndAdministrativeExpenses": 1716000000,
        "sellingAndMarketingExpenses": 0,
        "sellingGeneralAndAdministrativeExpenses": 1716000000,
        "otherExpenses": 1866000000,
        "operatingExpenses": 3582000000,
        "costAndExpenses": 5622000000,
        "interestIncome": 0,
        "interestExpense": 110000000,
        "depreciationAndAmortization": 303000000,
        "ebitda": 908000000,
        "ebitdaratio": 0.2447439353,
        "operatingIncome": 605000000,
        "operatingIncomeRatio": 0.1630727763,
        "totalOtherIncomeExpensesNet": -110000000,
        "incomeBeforeTax": 495000000,
        "incomeBeforeTaxRatio": 0.1334231806,
        "incomeTaxExpense": 184000000,
        "netIncome": 311000000,
        "netIncomeRatio": 0.0838274933,
        "eps": 0.29,
        "epsdiluted": 0.29,
        "weightedAverageShsOut": 1073200000,
        "weightedAverageShsOutDil": 1084000000,
        "link": "https://www.sec.gov/Archives/edgar/data/100885/000119312506101563/0001193125-06-101563-index.htm",
        "finalLink": "https://www.sec.gov/Archives/edgar/data/100885/000119312506101563/d10q.htm"
    },
    {
        "date": "2005-12-31",
        "symbol": "UNP",
        "reportedCurrency": "USD",
        "cik": "0000100885",
        "fillingDate": "2006-02-24",
        "acceptedDate": "2006-02-24 11:25:01",
        "calendarYear": "2005",
        "period": "Q4",
        "revenue": 3621000000,
        "costOfRevenue": 220000000,
        "grossProfit": 3401000000,
        "grossProfitRatio": 0.939243303,
        "researchAndDevelopmentExpenses": 0,
        "generalAndAdministrativeExpenses": -557000000,
        "sellingAndMarketingExpenses": 0,
        "sellingGeneralAndAdministrativeExpenses": -557000000,
        "otherExpenses": -3945000000,
        "operatingExpenses": -4502000000,
        "costAndExpenses": -4282000000,
        "interestIncome": 0,
        "interestExpense": 66000000,
        "depreciationAndAmortization": 300000000,
        "ebitda": 7937000000,
        "ebitdaratio": 2.1919359293,
        "operatingIncome": 533000000,
        "operatingIncomeRatio": 0.1471969069,
        "totalOtherIncomeExpensesNet": -66000000,
        "incomeBeforeTax": 467000000,
        "incomeBeforeTaxRatio": 0.1289698978,
        "incomeTaxExpense": 171000000,
        "netIncome": 296000000,
        "netIncomeRatio": 0.0817453742,
        "eps": 0.28,
        "epsdiluted": 0.27,
        "weightedAverageShsOut": 1073200000,
        "weightedAverageShsOutDil": 1084000000,
        "link": "https://www.sec.gov/Archives/edgar/data/100885/000119312506038383/0001193125-06-038383-index.htm",
        "finalLink": "https://www.sec.gov/Archives/edgar/data/100885/000119312506038383/d10k.htm"
    },
    {
        "date": "2005-09-30",
        "symbol": "UNP",
        "reportedCurrency": "USD",
        "cik": "0000100885",
        "fillingDate": "2005-11-04",
        "acceptedDate": "2005-11-04 09:16:09",
        "calendarYear": "2005",
        "period": "Q3",
        "revenue": 3461000000,
        "costOfRevenue": 1949000000,
        "grossProfit": 1512000000,
        "grossProfitRatio": 0.4368679572,
        "researchAndDevelopmentExpenses": 0,
        "generalAndAdministrativeExpenses": 1667000000,
        "sellingAndMarketingExpenses": 0,
        "sellingGeneralAndAdministrativeExpenses": 1667000000,
        "otherExpenses": 1778000000,
        "operatingExpenses": 3445000000,
        "costAndExpenses": 5394000000,
        "interestIncome": 0,
        "interestExpense": 82000000,
        "depreciationAndAmortization": 294000000,
        "ebitda": -1639000000,
        "ebitdaratio": -0.4735625542,
        "operatingIncome": 481000000,
        "operatingIncomeRatio": 0.1389771742,
        "totalOtherIncomeExpensesNet": -82000000,
        "incomeBeforeTax": 399000000,
        "incomeBeforeTaxRatio": 0.1152845998,
        "incomeTaxExpense": 30000000,
        "netIncome": 369000000,
        "netIncomeRatio": 0.1066165848,
        "eps": 0.35,
        "epsdiluted": 0.35,
        "weightedAverageShsOut": 1056000000,
        "weightedAverageShsOutDil": 1068400000,
        "link": "https://www.sec.gov/Archives/edgar/data/100885/000119312505216415/0001193125-05-216415-index.htm",
        "finalLink": "https://www.sec.gov/Archives/edgar/data/100885/000119312505216415/d10q.htm"
    },
    {
        "date": "2005-06-30",
        "symbol": "UNP",
        "reportedCurrency": "USD",
        "cik": "0000100885",
        "fillingDate": "2005-08-05",
        "acceptedDate": "2005-08-05 15:54:17",
        "calendarYear": "2005",
        "period": "Q2",
        "revenue": 3344000000,
        "costOfRevenue": 1849000000,
        "grossProfit": 1495000000,
        "grossProfitRatio": 0.447069378,
        "researchAndDevelopmentExpenses": 0,
        "generalAndAdministrativeExpenses": 1623000000,
        "sellingAndMarketingExpenses": 0,
        "sellingGeneralAndAdministrativeExpenses": 1623000000,
        "otherExpenses": 1697000000,
        "operatingExpenses": 3320000000,
        "costAndExpenses": 5169000000,
        "interestIncome": 0,
        "interestExpense": 0,
        "depreciationAndAmortization": 292000000,
        "ebitda": 760000000,
        "ebitdaratio": 0.2272727273,
        "operatingIncome": 468000000,
        "operatingIncomeRatio": 0.1399521531,
        "totalOtherIncomeExpensesNet": -99000000,
        "incomeBeforeTax": 369000000,
        "incomeBeforeTaxRatio": 0.11034689,
        "incomeTaxExpense": 136000000,
        "netIncome": 233000000,
        "netIncomeRatio": 0.0696770335,
        "eps": 0.22,
        "epsdiluted": 0.22,
        "weightedAverageShsOut": 1051200000,
        "weightedAverageShsOutDil": 1062400000,
        "link": "https://www.sec.gov/Archives/edgar/data/100885/000119312505159072/0001193125-05-159072-index.htm",
        "finalLink": "https://www.sec.gov/Archives/edgar/data/100885/000119312505159072/d10q.htm"
    },
    {
        "date": "2005-03-31",
        "symbol": "UNP",
        "reportedCurrency": "USD",
        "cik": "0000100885",
        "fillingDate": "2005-05-06",
        "acceptedDate": "2005-05-06 11:21:38",
        "calendarYear": "2005",
        "period": "Q1",
        "revenue": 3152000000,
        "costOfRevenue": 1804000000,
        "grossProfit": 1348000000,
        "grossProfitRatio": 0.4276649746,
        "researchAndDevelopmentExpenses": 0,
        "generalAndAdministrativeExpenses": 1642000000,
        "sellingAndMarketingExpenses": 0,
        "sellingGeneralAndAdministrativeExpenses": 1642000000,
        "otherExpenses": 1645000000,
        "operatingExpenses": 3287000000,
        "costAndExpenses": 5091000000,
        "interestIncome": 0,
        "interestExpense": 0,
        "depreciationAndAmortization": 289000000,
        "ebitda": -1650000000,
        "ebitdaratio": -0.5234771574,
        "operatingIncome": 313000000,
        "operatingIncomeRatio": 0.0993020305,
        "totalOtherIncomeExpensesNet": -112000000,
        "incomeBeforeTax": 201000000,
        "incomeBeforeTaxRatio": 0.0637690355,
        "incomeTaxExpense": 73000000,
        "netIncome": 128000000,
        "netIncomeRatio": 0.0406091371,
        "eps": 0.12,
        "epsdiluted": 0.12,
        "weightedAverageShsOut": 1045600000,
        "weightedAverageShsOutDil": 1057200000,
        "link": "https://www.sec.gov/Archives/edgar/data/100885/000119312505098719/0001193125-05-098719-index.htm",
        "finalLink": "https://www.sec.gov/Archives/edgar/data/100885/000119312505098719/d10q.htm"
    },
    {
        "date": "2004-12-31",
        "symbol": "UNP",
        "reportedCurrency": "USD",
        "cik": "0000100885",
        "fillingDate": "2005-02-25",
        "acceptedDate": "2005-02-25 17:05:12",
        "calendarYear": "2004",
        "period": "Q4",
        "revenue": 3217000000,
        "costOfRevenue": -57000000,
        "grossProfit": 3274000000,
        "grossProfitRatio": 1.0177183712,
        "researchAndDevelopmentExpenses": 0,
        "generalAndAdministrativeExpenses": -664000000,
        "sellingAndMarketingExpenses": 0,
        "sellingGeneralAndAdministrativeExpenses": -664000000,
        "otherExpenses": -3344000000,
        "operatingExpenses": -4008000000,
        "costAndExpenses": -4065000000,
        "interestIncome": 0,
        "interestExpense": 7186000000,
        "depreciationAndAmortization": 282000000,
        "ebitda": 6958000000,
        "ebitdaratio": 2.1628846752,
        "operatingIncome": 204000000,
        "operatingIncomeRatio": 0.0634131178,
        "totalOtherIncomeExpensesNet": -7330000000,
        "incomeBeforeTax": 96000000,
        "incomeBeforeTaxRatio": 0.0298414672,
        "incomeTaxExpense": 17000000,
        "netIncome": 79000000,
        "netIncomeRatio": 0.0245570407,
        "eps": 0.0756,
        "epsdiluted": 0.0747,
        "weightedAverageShsOut": 1045600000,
        "weightedAverageShsOutDil": 1057200000,
        "link": "https://www.sec.gov/Archives/edgar/data/100885/000119312505037425/0001193125-05-037425-index.htm",
        "finalLink": "https://www.sec.gov/Archives/edgar/data/100885/000119312505037425/d10k.htm"
    },
    {
        "date": "2004-09-30",
        "symbol": "UNP",
        "reportedCurrency": "USD",
        "cik": "0000100885",
        "fillingDate": "2004-11-08",
        "acceptedDate": "2004-11-08 13:14:53",
        "calendarYear": "2004",
        "period": "Q3",
        "revenue": 3076000000,
        "costOfRevenue": 1677000000,
        "grossProfit": 1399000000,
        "grossProfitRatio": 0.4548114434,
        "researchAndDevelopmentExpenses": 0,
        "generalAndAdministrativeExpenses": 1553000000,
        "sellingAndMarketingExpenses": 0,
        "sellingGeneralAndAdministrativeExpenses": 1553000000,
        "otherExpenses": 1530000000,
        "operatingExpenses": 3083000000,
        "costAndExpenses": 4760000000,
        "interestIncome": 0,
        "interestExpense": 0,
        "depreciationAndAmortization": 278000000,
        "ebitda": 202000000,
        "ebitdaratio": 0.0656697009,
        "operatingIncome": 418000000,
        "operatingIncomeRatio": 0.1358907672,
        "totalOtherIncomeExpensesNet": -102000000,
        "incomeBeforeTax": 316000000,
        "incomeBeforeTaxRatio": 0.1027308192,
        "incomeTaxExpense": 114000000,
        "netIncome": 202000000,
        "netIncomeRatio": 0.0656697009,
        "eps": 0.19,
        "epsdiluted": 0.19,
        "weightedAverageShsOut": 1036000000,
        "weightedAverageShsOutDil": 1046400000,
        "link": "https://www.sec.gov/Archives/edgar/data/100885/000119312504189091/0001193125-04-189091-index.htm",
        "finalLink": "https://www.sec.gov/Archives/edgar/data/100885/000119312504189091/d10q.htm"
    },
    {
        "date": "2004-06-30",
        "symbol": "UNP",
        "reportedCurrency": "USD",
        "cik": "0000100885",
        "fillingDate": "2004-08-06",
        "acceptedDate": "2004-08-06 13:04:20",
        "calendarYear": "2004",
        "period": "Q2",
        "revenue": 3029000000,
        "costOfRevenue": 1707000000,
        "grossProfit": 1322000000,
        "grossProfitRatio": 0.4364476725,
        "researchAndDevelopmentExpenses": 0,
        "generalAndAdministrativeExpenses": 1644000000,
        "sellingAndMarketingExpenses": 0,
        "sellingGeneralAndAdministrativeExpenses": 1644000000,
        "otherExpenses": 1505000000,
        "operatingExpenses": 3149000000,
        "costAndExpenses": 4856000000,
        "interestIncome": 0,
        "interestExpense": 0,
        "depreciationAndAmortization": 277000000,
        "ebitda": 636000000,
        "ebitdaratio": 0.2099702872,
        "operatingIncome": 359000000,
        "operatingIncomeRatio": 0.118520964,
        "totalOtherIncomeExpensesNet": -122000000,
        "incomeBeforeTax": 237000000,
        "incomeBeforeTaxRatio": 0.0782436448,
        "incomeTaxExpense": 79000000,
        "netIncome": 158000000,
        "netIncomeRatio": 0.0521624298,
        "eps": 0.15,
        "epsdiluted": 0.15,
        "weightedAverageShsOut": 1035600000,
        "weightedAverageShsOutDil": 1046400000,
        "link": "https://www.sec.gov/Archives/edgar/data/100885/000119312504134035/0001193125-04-134035-index.htm",
        "finalLink": "https://www.sec.gov/Archives/edgar/data/100885/000119312504134035/d10q.htm"
    },
    {
        "date": "2004-03-31",
        "symbol": "UNP",
        "reportedCurrency": "USD",
        "cik": "0000100885",
        "fillingDate": "2004-05-07",
        "acceptedDate": "2004-05-07 10:23:46",
        "calendarYear": "2004",
        "period": "Q1",
        "revenue": 2893000000,
        "costOfRevenue": 1621000000,
        "grossProfit": 1272000000,
        "grossProfitRatio": 0.439681991,
        "researchAndDevelopmentExpenses": 0,
        "generalAndAdministrativeExpenses": 1634000000,
        "sellingAndMarketingExpenses": 0,
        "sellingGeneralAndAdministrativeExpenses": 1634000000,
        "otherExpenses": 1420000000,
        "operatingExpenses": 3054000000,
        "costAndExpenses": 4675000000,
        "interestIncome": 0,
        "interestExpense": 0,
        "depreciationAndAmortization": 274000000,
        "ebitda": 165000000,
        "ebitdaratio": 0.0570342205,
        "operatingIncome": 314000000,
        "operatingIncomeRatio": 0.10853785,
        "totalOtherIncomeExpensesNet": -107000000,
        "incomeBeforeTax": 207000000,
        "incomeBeforeTaxRatio": 0.0715520221,
        "incomeTaxExpense": 42000000,
        "netIncome": 165000000,
        "netIncomeRatio": 0.0570342205,
        "eps": 0.16,
        "epsdiluted": 0.16,
        "weightedAverageShsOut": 1034800000,
        "weightedAverageShsOutDil": 1050000000,
        "link": "https://www.sec.gov/Archives/edgar/data/100885/000119312504081510/0001193125-04-081510-index.htm",
        "finalLink": "https://www.sec.gov/Archives/edgar/data/100885/000119312504081510/d10q.htm"
    },
    {
        "date": "2003-12-31",
        "symbol": "UNP",
        "reportedCurrency": "USD",
        "cik": "0000100885",
        "fillingDate": "2004-02-18",
        "acceptedDate": "2004-02-18 12:07:02",
        "calendarYear": "2003",
        "period": "Q4",
        "revenue": 2965000000,
        "costOfRevenue": -227000000,
        "grossProfit": 3192000000,
        "grossProfitRatio": 1.0765598651,
        "researchAndDevelopmentExpenses": 0,
        "generalAndAdministrativeExpenses": -547000000,
        "sellingAndMarketingExpenses": 0,
        "sellingGeneralAndAdministrativeExpenses": -547000000,
        "otherExpenses": -2767000000,
        "operatingExpenses": -3314000000,
        "costAndExpenses": -3541000000,
        "interestIncome": 0,
        "interestExpense": 88000000,
        "depreciationAndAmortization": 272000000,
        "ebitda": 6440000000,
        "ebitdaratio": 2.1720067454,
        "operatingIncome": 589000000,
        "operatingIncomeRatio": 0.1986509275,
        "totalOtherIncomeExpensesNet": -4105000000,
        "incomeBeforeTax": 501000000,
        "incomeBeforeTaxRatio": 0.1689713322,
        "incomeTaxExpense": 168000000,
        "netIncome": 551000000,
        "netIncomeRatio": 0.1858347386,
        "eps": 0.53,
        "epsdiluted": 0.52,
        "weightedAverageShsOut": 1034800000,
        "weightedAverageShsOutDil": 1050000000,
        "link": "https://www.sec.gov/Archives/edgar/data/100885/000119312504025678/0001193125-04-025678-index.htm",
        "finalLink": "https://www.sec.gov/Archives/edgar/data/100885/000119312504025678/d10k.htm"
    },
    {
        "date": "2003-09-30",
        "symbol": "UNP",
        "reportedCurrency": "USD",
        "cik": "0000100885",
        "fillingDate": "2003-11-13",
        "acceptedDate": "2003-11-13 10:35:07",
        "calendarYear": "2003",
        "period": "Q3",
        "revenue": 2956000000,
        "costOfRevenue": 1428000000,
        "grossProfit": 1528000000,
        "grossProfitRatio": 0.5169147497,
        "researchAndDevelopmentExpenses": 0,
        "generalAndAdministrativeExpenses": 1503000000,
        "sellingAndMarketingExpenses": 0,
        "sellingGeneralAndAdministrativeExpenses": 1503000000,
        "otherExpenses": 1278000000,
        "operatingExpenses": 2781000000,
        "costAndExpenses": 4209000000,
        "interestIncome": 0,
        "interestExpense": 108000000,
        "depreciationAndAmortization": 239000000,
        "ebitda": 859000000,
        "ebitdaratio": 0.2905953992,
        "operatingIncome": 592000000,
        "operatingIncomeRatio": 0.200270636,
        "totalOtherIncomeExpensesNet": -125000000,
        "incomeBeforeTax": 467000000,
        "incomeBeforeTaxRatio": 0.1579837618,
        "incomeTaxExpense": 167000000,
        "netIncome": 317000000,
        "netIncomeRatio": 0.1072395129,
        "eps": 0.31,
        "epsdiluted": 0.3,
        "weightedAverageShsOut": 1017200000,
        "weightedAverageShsOutDil": 1060000000,
        "link": "https://www.sec.gov/Archives/edgar/data/100885/000095013403015153/0000950134-03-015153-index.htm",
        "finalLink": "https://www.sec.gov/Archives/edgar/data/100885/000095013403015153/d10472e10vq.htm"
    },
    {
        "date": "2003-06-30",
        "symbol": "UNP",
        "reportedCurrency": "USD",
        "cik": "0000100885",
        "fillingDate": "2003-08-14",
        "acceptedDate": "2003-08-14 10:53:50",
        "calendarYear": "2003",
        "period": "Q2",
        "revenue": 3266000000,
        "costOfRevenue": 1556000000,
        "grossProfit": 1710000000,
        "grossProfitRatio": 0.52357624,
        "researchAndDevelopmentExpenses": 0,
        "generalAndAdministrativeExpenses": 1750000000,
        "sellingAndMarketingExpenses": 0,
        "sellingGeneralAndAdministrativeExpenses": 1750000000,
        "otherExpenses": 1367000000,
        "operatingExpenses": 3117000000,
        "costAndExpenses": 4673000000,
        "interestIncome": 0,
        "interestExpense": 0,
        "depreciationAndAmortization": 267000000,
        "ebitda": -971000000,
        "ebitdaratio": -0.2973055726,
        "operatingIncome": 605000000,
        "operatingIncomeRatio": 0.1852418861,
        "totalOtherIncomeExpensesNet": -145000000,
        "incomeBeforeTax": 460000000,
        "incomeBeforeTaxRatio": 0.1408450704,
        "incomeTaxExpense": 172000000,
        "netIncome": 288000000,
        "netIncomeRatio": 0.0881812615,
        "eps": 0.28,
        "epsdiluted": 0.26,
        "weightedAverageShsOut": 1015600000,
        "weightedAverageShsOutDil": 1086800000,
        "link": "https://www.sec.gov/Archives/edgar/data/100885/000095013403011750/0000950134-03-011750-index.htm",
        "finalLink": "https://www.sec.gov/Archives/edgar/data/100885/000095013403011750/d08251e10vq.htm"
    },
    {
        "date": "2003-03-31",
        "symbol": "UNP",
        "reportedCurrency": "USD",
        "cik": "0000100885",
        "fillingDate": "2003-05-15",
        "acceptedDate": "2003-05-15 10:33:09",
        "calendarYear": "2003",
        "period": "Q1",
        "revenue": 3077000000,
        "costOfRevenue": 1581000000,
        "grossProfit": 1496000000,
        "grossProfitRatio": 0.4861878453,
        "researchAndDevelopmentExpenses": 0,
        "generalAndAdministrativeExpenses": 1742000000,
        "sellingAndMarketingExpenses": 0,
        "sellingGeneralAndAdministrativeExpenses": 1742000000,
        "otherExpenses": 1412000000,
        "operatingExpenses": 3154000000,
        "costAndExpenses": 4735000000,
        "interestIncome": 0,
        "interestExpense": 0,
        "depreciationAndAmortization": 289000000,
        "ebitda": -1205000000,
        "ebitdaratio": -0.3916152096,
        "operatingIncome": 381000000,
        "operatingIncomeRatio": 0.1238219045,
        "totalOtherIncomeExpensesNet": -138000000,
        "incomeBeforeTax": 243000000,
        "incomeBeforeTaxRatio": 0.0789730257,
        "incomeTaxExpense": 88000000,
        "netIncome": 429000000,
        "netIncomeRatio": 0.1394215145,
        "eps": 0.42,
        "epsdiluted": 0.42,
        "weightedAverageShsOut": 1013600000,
        "weightedAverageShsOutDil": 1024800000,
        "link": "https://www.sec.gov/Archives/edgar/data/100885/000095013403008052/0000950134-03-008052-index.htm",
        "finalLink": "https://www.sec.gov/Archives/edgar/data/100885/000095013403008052/d05834e10vq.htm"
    },
    {
        "date": "2002-12-31",
        "symbol": "UNP",
        "reportedCurrency": "USD",
        "cik": "0000100885",
        "fillingDate": "2003-02-21",
        "acceptedDate": "2003-02-21 09:59:10",
        "calendarYear": "2002",
        "period": "Q4",
        "revenue": 3171000000,
        "costOfRevenue": -308000000,
        "grossProfit": 3479000000,
        "grossProfitRatio": 1.0971302428,
        "researchAndDevelopmentExpenses": 0,
        "generalAndAdministrativeExpenses": -489000000,
        "sellingAndMarketingExpenses": 0,
        "sellingGeneralAndAdministrativeExpenses": -489000000,
        "otherExpenses": -2714000000,
        "operatingExpenses": -3203000000,
        "costAndExpenses": -3511000000,
        "interestIncome": 0,
        "interestExpense": 46000000,
        "depreciationAndAmortization": 305000000,
        "ebitda": 6898000000,
        "ebitdaratio": 2.1753390098,
        "operatingIncome": 579000000,
        "operatingIncomeRatio": 0.1825922422,
        "totalOtherIncomeExpensesNet": -46000000,
        "incomeBeforeTax": 533000000,
        "incomeBeforeTaxRatio": 0.1680857774,
        "incomeTaxExpense": 155000000,
        "netIncome": 378000000,
        "netIncomeRatio": 0.119205298,
        "eps": 0.37,
        "epsdiluted": 0.37,
        "weightedAverageShsOut": 1013600000,
        "weightedAverageShsOutDil": 1024800000,
        "link": "https://www.sec.gov/Archives/edgar/data/100885/000095013403002918/0000950134-03-002918-index.htm",
        "finalLink": "https://www.sec.gov/Archives/edgar/data/100885/000095013403002918/d03483e10vk.txt"
    },
    {
        "date": "2002-09-30",
        "symbol": "UNP",
        "reportedCurrency": "USD",
        "cik": "0000100885",
        "fillingDate": "2002-11-14",
        "acceptedDate": "2002-11-13 18:01:35",
        "calendarYear": "2002",
        "period": "Q3",
        "revenue": 3199000000,
        "costOfRevenue": 1477000000,
        "grossProfit": 1722000000,
        "grossProfitRatio": 0.5382932166,
        "researchAndDevelopmentExpenses": 0,
        "generalAndAdministrativeExpenses": 1678000000,
        "sellingAndMarketingExpenses": 0,
        "sellingGeneralAndAdministrativeExpenses": 1678000000,
        "otherExpenses": 1328000000,
        "operatingExpenses": 3006000000,
        "costAndExpenses": 4483000000,
        "interestIncome": 0,
        "interestExpense": 0,
        "depreciationAndAmortization": 302000000,
        "ebitda": -1143000000,
        "ebitdaratio": -0.357299156,
        "operatingIncome": 644000000,
        "operatingIncomeRatio": 0.2013129103,
        "totalOtherIncomeExpensesNet": -22000000,
        "incomeBeforeTax": 648000000,
        "incomeBeforeTaxRatio": 0.202563301,
        "incomeTaxExpense": 211000000,
        "netIncome": 437000000,
        "netIncomeRatio": 0.1366051891,
        "eps": 0.43,
        "epsdiluted": 0.39,
        "weightedAverageShsOut": 1010000000,
        "weightedAverageShsOutDil": 1109200000,
        "link": "https://www.sec.gov/Archives/edgar/data/100885/000095013402014155/0000950134-02-014155-index.htm",
        "finalLink": "https://www.sec.gov/Archives/edgar/data/100885/000095013402014155/d01052e10vq.txt"
    },
    {
        "date": "2002-06-30",
        "symbol": "UNP",
        "reportedCurrency": "USD",
        "cik": "0000100885",
        "fillingDate": "2002-08-08",
        "acceptedDate": "2002-08-08 12:12:27",
        "calendarYear": "2002",
        "period": "Q2",
        "revenue": 3154000000,
        "costOfRevenue": 1472000000,
        "grossProfit": 1682000000,
        "grossProfitRatio": 0.533291059,
        "researchAndDevelopmentExpenses": 0,
        "generalAndAdministrativeExpenses": 1674000000,
        "sellingAndMarketingExpenses": 0,
        "sellingGeneralAndAdministrativeExpenses": 1674000000,
        "otherExpenses": 1325000000,
        "operatingExpenses": 2999000000,
        "costAndExpenses": 4471000000,
        "interestIncome": 0,
        "interestExpense": 0,
        "depreciationAndAmortization": 300000000,
        "ebitda": -419000000,
        "ebitdaratio": -0.1328471782,
        "operatingIncome": 602000000,
        "operatingIncomeRatio": 0.1908687381,
        "totalOtherIncomeExpensesNet": -124000000,
        "incomeBeforeTax": 478000000,
        "incomeBeforeTaxRatio": 0.1515535828,
        "incomeTaxExpense": 174000000,
        "netIncome": 304000000,
        "netIncomeRatio": 0.0963855422,
        "eps": 0.3,
        "epsdiluted": 0.28,
        "weightedAverageShsOut": 1007200000,
        "weightedAverageShsOutDil": 1105200000,
        "link": "https://www.sec.gov/Archives/edgar/data/100885/000095013402009180/0000950134-02-009180-index.htm",
        "finalLink": "https://www.sec.gov/Archives/edgar/data/100885/000095013402009180/d98791e10vq.txt"
    },
    {
        "date": "2002-03-31",
        "symbol": "UNP",
        "reportedCurrency": "USD",
        "cik": "0000100885",
        "fillingDate": "2002-05-14",
        "acceptedDate": "2002-05-14 10:53:27",
        "calendarYear": "2002",
        "period": "Q1",
        "revenue": 2967000000,
        "costOfRevenue": 1405000000,
        "grossProfit": 1562000000,
        "grossProfitRatio": 0.5264577014,
        "researchAndDevelopmentExpenses": 0,
        "generalAndAdministrativeExpenses": 1638000000,
        "sellingAndMarketingExpenses": 0,
        "sellingGeneralAndAdministrativeExpenses": 1638000000,
        "otherExpenses": 1267000000,
        "operatingExpenses": 2905000000,
        "costAndExpenses": 4310000000,
        "interestIncome": 0,
        "interestExpense": 0,
        "depreciationAndAmortization": 299000000,
        "ebitda": -471000000,
        "ebitdaratio": -0.1587462083,
        "operatingIncome": 499000000,
        "operatingIncomeRatio": 0.1681833502,
        "totalOtherIncomeExpensesNet": -142000000,
        "incomeBeforeTax": 357000000,
        "incomeBeforeTaxRatio": 0.1203235592,
        "incomeTaxExpense": 135000000,
        "netIncome": 222000000,
        "netIncomeRatio": 0.0748230536,
        "eps": 0.22,
        "epsdiluted": 0.2,
        "weightedAverageShsOut": 1004000000,
        "weightedAverageShsOutDil": 1104800000,
        "link": "https://www.sec.gov/Archives/edgar/data/100885/000095013402005396/0000950134-02-005396-index.htm",
        "finalLink": "https://www.sec.gov/Archives/edgar/data/100885/000095013402005396/d96841e10-q.txt"
    },
    {
        "date": "2001-12-31",
        "symbol": "UNP",
        "reportedCurrency": "USD",
        "cik": "0000100885",
        "fillingDate": "2002-03-04",
        "acceptedDate": "2002-03-04 00:00:00",
        "calendarYear": "2001",
        "period": "Q4",
        "revenue": 3006000000,
        "costOfRevenue": -1208000000,
        "grossProfit": 4214000000,
        "grossProfitRatio": 1.4018629408,
        "researchAndDevelopmentExpenses": 0,
        "generalAndAdministrativeExpenses": -487000000,
        "sellingAndMarketingExpenses": 0,
        "sellingGeneralAndAdministrativeExpenses": -487000000,
        "otherExpenses": -2797000000,
        "operatingExpenses": -3284000000,
        "costAndExpenses": -4492000000,
        "interestIncome": 0,
        "interestExpense": 141000000,
        "depreciationAndAmortization": 297000000,
        "ebitda": 6666000000,
        "ebitdaratio": 2.2175648703,
        "operatingIncome": 565000000,
        "operatingIncomeRatio": 0.1879574185,
        "totalOtherIncomeExpensesNet": -141000000,
        "incomeBeforeTax": 424000000,
        "incomeBeforeTaxRatio": 0.1410512309,
        "incomeTaxExpense": 149000000,
        "netIncome": 275000000,
        "netIncomeRatio": 0.0914836993,
        "eps": 0.27,
        "epsdiluted": 0.25,
        "weightedAverageShsOut": 1004000000,
        "weightedAverageShsOutDil": 1104800000,
        "link": "https://www.sec.gov/Archives/edgar/data/100885/000095013402001771/0000950134-02-001771-index.htm",
        "finalLink": "https://www.sec.gov/Archives/edgar/data/100885/000095013402001771/d94498e10-k.txt"
    },
    {
        "date": "2001-09-30",
        "symbol": "UNP",
        "reportedCurrency": "USD",
        "cik": "0000100885",
        "fillingDate": "2001-11-14",
        "acceptedDate": "2001-11-14 00:00:00",
        "calendarYear": "2001",
        "period": "Q3",
        "revenue": 3026000000,
        "costOfRevenue": 1433000000,
        "grossProfit": 1593000000,
        "grossProfitRatio": 0.5264375413,
        "researchAndDevelopmentExpenses": 0,
        "generalAndAdministrativeExpenses": 1585000000,
        "sellingAndMarketingExpenses": 0,
        "sellingGeneralAndAdministrativeExpenses": 1585000000,
        "otherExpenses": 1296000000,
        "operatingExpenses": 2881000000,
        "costAndExpenses": 4314000000,
        "interestIncome": 0,
        "interestExpense": 0,
        "depreciationAndAmortization": 292000000,
        "ebitda": -996000000,
        "ebitdaratio": -0.3291473893,
        "operatingIncome": 574000000,
        "operatingIncomeRatio": 0.1896893589,
        "totalOtherIncomeExpensesNet": -144000000,
        "incomeBeforeTax": 430000000,
        "incomeBeforeTaxRatio": 0.1421017845,
        "incomeTaxExpense": 163000000,
        "netIncome": 267000000,
        "netIncomeRatio": 0.0882352941,
        "eps": 0.27,
        "epsdiluted": 0.25,
        "weightedAverageShsOut": 991600000,
        "weightedAverageShsOutDil": 1086400000,
        "link": "https://www.sec.gov/Archives/edgar/data/100885/000095013401508512/0000950134-01-508512-index.htm",
        "finalLink": "https://www.sec.gov/Archives/edgar/data/100885/000095013401508512/d92230e10-q.txt"
    },
    {
        "date": "2001-06-30",
        "symbol": "UNP",
        "reportedCurrency": "USD",
        "cik": "0000100885",
        "fillingDate": "2001-08-14",
        "acceptedDate": "2001-08-14 00:00:00",
        "calendarYear": "2001",
        "period": "Q2",
        "revenue": 2998000000,
        "costOfRevenue": 1479000000,
        "grossProfit": 1519000000,
        "grossProfitRatio": 0.5066711141,
        "researchAndDevelopmentExpenses": 0,
        "generalAndAdministrativeExpenses": 1568000000,
        "sellingAndMarketingExpenses": 0,
        "sellingGeneralAndAdministrativeExpenses": 1568000000,
        "otherExpenses": 1354000000,
        "operatingExpenses": 2922000000,
        "costAndExpenses": 4401000000,
        "interestIncome": 0,
        "interestExpense": 0,
        "depreciationAndAmortization": 293000000,
        "ebitda": -1110000000,
        "ebitdaratio": -0.3702468312,
        "operatingIncome": 494000000,
        "operatingIncomeRatio": 0.1647765177,
        "totalOtherIncomeExpensesNet": -103000000,
        "incomeBeforeTax": 391000000,
        "incomeBeforeTaxRatio": 0.1304202802,
        "incomeTaxExpense": 148000000,
        "netIncome": 243000000,
        "netIncomeRatio": 0.081054036,
        "eps": 0.25,
        "epsdiluted": 0.22,
        "weightedAverageShsOut": 990800000,
        "weightedAverageShsOutDil": 1087600000,
        "link": "https://www.sec.gov/Archives/edgar/data/100885/000095013401505423/0000950134-01-505423-index.htm",
        "finalLink": "https://www.sec.gov/Archives/edgar/data/100885/000095013401505423/d89833e10-q.txt"
    },
    {
        "date": "2001-03-31",
        "symbol": "UNP",
        "reportedCurrency": "USD",
        "cik": "0000100885",
        "fillingDate": "2001-05-15",
        "acceptedDate": "2001-05-15 00:00:00",
        "calendarYear": "2001",
        "period": "Q1",
        "revenue": 2943000000,
        "costOfRevenue": 1456000000,
        "grossProfit": 1487000000,
        "grossProfitRatio": 0.5052667346,
        "researchAndDevelopmentExpenses": 0,
        "generalAndAdministrativeExpenses": 1610000000,
        "sellingAndMarketingExpenses": 0,
        "sellingGeneralAndAdministrativeExpenses": 1610000000,
        "otherExpenses": 1321000000,
        "operatingExpenses": 2931000000,
        "costAndExpenses": 4387000000,
        "interestIncome": 0,
        "interestExpense": 0,
        "depreciationAndAmortization": 292000000,
        "ebitda": -1152000000,
        "ebitdaratio": -0.3914373089,
        "operatingIncome": 439000000,
        "operatingIncomeRatio": 0.1491675161,
        "totalOtherIncomeExpensesNet": -151000000,
        "incomeBeforeTax": 288000000,
        "incomeBeforeTaxRatio": 0.0978593272,
        "incomeTaxExpense": 107000000,
        "netIncome": 181000000,
        "netIncomeRatio": 0.0615018688,
        "eps": 0.18,
        "epsdiluted": 0.17,
        "weightedAverageShsOut": 987600000,
        "weightedAverageShsOutDil": 1084000000,
        "link": "https://www.sec.gov/Archives/edgar/data/100885/000095013401501981/0000950134-01-501981-index.htm",
        "finalLink": "https://www.sec.gov/Archives/edgar/data/100885/000095013401501981/d87180e10-q.txt"
    },
    {
        "date": "2000-12-31",
        "symbol": "UNP",
        "reportedCurrency": "USD",
        "cik": "0000100885",
        "fillingDate": "2001-03-21",
        "acceptedDate": "2001-03-21 00:00:00",
        "calendarYear": "2000",
        "period": "Q4",
        "revenue": 2916000000,
        "costOfRevenue": -1161000000,
        "grossProfit": 4077000000,
        "grossProfitRatio": 1.3981481481,
        "researchAndDevelopmentExpenses": 0,
        "generalAndAdministrativeExpenses": -392000000,
        "sellingAndMarketingExpenses": 0,
        "sellingGeneralAndAdministrativeExpenses": -392000000,
        "otherExpenses": -2825000000,
        "operatingExpenses": -3217000000,
        "costAndExpenses": -4378000000,
        "interestIncome": 0,
        "interestExpense": 111000000,
        "depreciationAndAmortization": 290000000,
        "ebitda": 6414000000,
        "ebitdaratio": 2.1995884774,
        "operatingIncome": 339000000,
        "operatingIncomeRatio": 0.116255144,
        "totalOtherIncomeExpensesNet": -111000000,
        "incomeBeforeTax": 228000000,
        "incomeBeforeTaxRatio": 0.0781893004,
        "incomeTaxExpense": 71000000,
        "netIncome": 157000000,
        "netIncomeRatio": 0.0538408779,
        "eps": 0.16,
        "epsdiluted": 0.14,
        "weightedAverageShsOut": 987600000,
        "weightedAverageShsOutDil": 1084000000,
        "link": "https://www.sec.gov/Archives/edgar/data/100885/000095013401002416/0000950134-01-002416-index.htm",
        "finalLink": "https://www.sec.gov/Archives/edgar/data/100885/000095013401002416/d85246e10-k.txt"
    },
    {
        "date": "2000-09-30",
        "symbol": "UNP",
        "reportedCurrency": "USD",
        "cik": "0000100885",
        "fillingDate": "2000-11-14",
        "acceptedDate": "2000-11-14 00:00:00",
        "calendarYear": "2000",
        "period": "Q3",
        "revenue": 3070000000,
        "costOfRevenue": 1509000000,
        "grossProfit": 1561000000,
        "grossProfitRatio": 0.5084690554,
        "researchAndDevelopmentExpenses": 0,
        "generalAndAdministrativeExpenses": 1594000000,
        "sellingAndMarketingExpenses": 0,
        "sellingGeneralAndAdministrativeExpenses": 1594000000,
        "otherExpenses": 1350000000,
        "operatingExpenses": 2944000000,
        "costAndExpenses": 4453000000,
        "interestIncome": 0,
        "interestExpense": 0,
        "depreciationAndAmortization": 285000000,
        "ebitda": 32000000,
        "ebitdaratio": 0.0104234528,
        "operatingIncome": 570000000,
        "operatingIncomeRatio": 0.1856677524,
        "totalOtherIncomeExpensesNet": -164000000,
        "incomeBeforeTax": 406000000,
        "incomeBeforeTaxRatio": 0.132247557,
        "incomeTaxExpense": 150000000,
        "netIncome": 256000000,
        "netIncomeRatio": 0.0833876221,
        "eps": 0.26,
        "epsdiluted": 0.24,
        "weightedAverageShsOut": 986000000,
        "weightedAverageShsOutDil": 1077600000,
        "link": "https://www.sec.gov/Archives/edgar/data/100885/000095013400009813/0000950134-00-009813-index.htm",
        "finalLink": "https://www.sec.gov/Archives/edgar/data/100885/000095013400009813/d81822e10-q.txt"
    },
    {
        "date": "2000-06-30",
        "symbol": "UNP",
        "reportedCurrency": "USD",
        "cik": "0000100885",
        "fillingDate": "2000-08-14",
        "acceptedDate": "2000-08-14 00:00:00",
        "calendarYear": "2000",
        "period": "Q2",
        "revenue": 2979000000,
        "costOfRevenue": 1435000000,
        "grossProfit": 1544000000,
        "grossProfitRatio": 0.5182947298,
        "researchAndDevelopmentExpenses": 0,
        "generalAndAdministrativeExpenses": 1529000000,
        "sellingAndMarketingExpenses": 0,
        "sellingGeneralAndAdministrativeExpenses": 1529000000,
        "otherExpenses": 1313000000,
        "operatingExpenses": 2842000000,
        "costAndExpenses": 4277000000,
        "interestIncome": 0,
        "interestExpense": 0,
        "depreciationAndAmortization": 283000000,
        "ebitda": -359000000,
        "ebitdaratio": -0.1205102383,
        "operatingIncome": 542000000,
        "operatingIncomeRatio": 0.1819402484,
        "totalOtherIncomeExpensesNet": -156000000,
        "incomeBeforeTax": 386000000,
        "incomeBeforeTaxRatio": 0.1295736824,
        "incomeTaxExpense": 142000000,
        "netIncome": 244000000,
        "netIncomeRatio": 0.0819066801,
        "eps": 0.25,
        "epsdiluted": 0.23,
        "weightedAverageShsOut": 985600000,
        "weightedAverageShsOutDil": 1077600000,
        "link": "https://www.sec.gov/Archives/edgar/data/100885/000095013400006934/0000950134-00-006934-index.htm",
        "finalLink": "https://www.sec.gov/Archives/edgar/data/100885/000095013400006934/e10-q.txt"
    },
    {
        "date": "2000-03-31",
        "symbol": "UNP",
        "reportedCurrency": "USD",
        "cik": "0000100885",
        "fillingDate": "2000-05-15",
        "acceptedDate": "2000-05-15 00:00:00",
        "calendarYear": "2000",
        "period": "Q1",
        "revenue": 2913000000,
        "costOfRevenue": 1441000000,
        "grossProfit": 1472000000,
        "grossProfitRatio": 0.5053209749,
        "researchAndDevelopmentExpenses": 0,
        "generalAndAdministrativeExpenses": 1580000000,
        "sellingAndMarketingExpenses": 0,
        "sellingGeneralAndAdministrativeExpenses": 1580000000,
        "otherExpenses": 1302000000,
        "operatingExpenses": 2882000000,
        "costAndExpenses": 4323000000,
        "interestIncome": 0,
        "interestExpense": 0,
        "depreciationAndAmortization": 282000000,
        "ebitda": -1128000000,
        "ebitdaratio": -0.3872296601,
        "operatingIncome": 452000000,
        "operatingIncomeRatio": 0.155166495,
        "totalOtherIncomeExpensesNet": -162000000,
        "incomeBeforeTax": 290000000,
        "incomeBeforeTaxRatio": 0.0995537247,
        "incomeTaxExpense": 105000000,
        "netIncome": 185000000,
        "netIncomeRatio": 0.0635084106,
        "eps": 0.19,
        "epsdiluted": 0.17,
        "weightedAverageShsOut": 985600000,
        "weightedAverageShsOutDil": 1077200000,
        "link": "https://www.sec.gov/Archives/edgar/data/100885/000095013100003434/0000950131-00-003434-index.html",
        "finalLink": "https://www.sec.gov/Archives/edgar/data/100885/000095013100003434/"
    },
    {
        "date": "1999-12-31",
        "symbol": "UNP",
        "reportedCurrency": "USD",
        "cik": "0000100885",
        "fillingDate": "2000-03-27",
        "acceptedDate": "2000-03-27 00:00:00",
        "calendarYear": "1999",
        "period": "Q4",
        "revenue": 2867000000,
        "costOfRevenue": -1286000000,
        "grossProfit": 4153000000,
        "grossProfitRatio": 1.4485524939,
        "researchAndDevelopmentExpenses": 0,
        "generalAndAdministrativeExpenses": -520000000,
        "sellingAndMarketingExpenses": 0,
        "sellingGeneralAndAdministrativeExpenses": -520000000,
        "otherExpenses": -446000000,
        "operatingExpenses": -966000000,
        "costAndExpenses": -2252000000,
        "interestIncome": 0,
        "interestExpense": 0,
        "depreciationAndAmortization": 1892000000,
        "ebitda": 5799000000,
        "ebitdaratio": 2.0226717824,
        "operatingIncome": 365000000,
        "operatingIncomeRatio": 0.1273107778,
        "totalOtherIncomeExpensesNet": -4754000000,
        "incomeBeforeTax": 365000000,
        "incomeBeforeTaxRatio": 0.1273107778,
        "incomeTaxExpense": 123000000,
        "netIncome": 242000000,
        "netIncomeRatio": 0.0844087897,
        "eps": 0.25,
        "epsdiluted": 0.22,
        "weightedAverageShsOut": 985600000,
        "weightedAverageShsOutDil": 1077200000,
        "link": "https://www.sec.gov/Archives/edgar/data/100885/000095013100002042/0000950131-00-002042-index.html",
        "finalLink": "https://www.sec.gov/Archives/edgar/data/100885/000095013100002042/"
    },
    {
        "date": "1999-09-30",
        "symbol": "UNP",
        "reportedCurrency": "USD",
        "cik": "0000100885",
        "fillingDate": "1999-11-12",
        "acceptedDate": "1999-11-12 00:00:00",
        "calendarYear": "1999",
        "period": "Q3",
        "revenue": 2893000000,
        "costOfRevenue": 1349000000,
        "grossProfit": 1544000000,
        "grossProfitRatio": 0.5337020394,
        "researchAndDevelopmentExpenses": 0,
        "generalAndAdministrativeExpenses": 1604000000,
        "sellingAndMarketingExpenses": 0,
        "sellingGeneralAndAdministrativeExpenses": 1604000000,
        "otherExpenses": 495000000,
        "operatingExpenses": 2099000000,
        "costAndExpenses": 3448000000,
        "interestIncome": 0,
        "interestExpense": 0,
        "depreciationAndAmortization": -271000000,
        "ebitda": -308000000,
        "ebitdaratio": -0.1064638783,
        "operatingIncome": 382000000,
        "operatingIncomeRatio": 0.1320428621,
        "totalOtherIncomeExpensesNet": -27000000,
        "incomeBeforeTax": 355000000,
        "incomeBeforeTaxRatio": 0.1227099896,
        "incomeTaxExpense": 137000000,
        "netIncome": 245000000,
        "netIncomeRatio": 0.0846871759,
        "eps": 0.25,
        "epsdiluted": 0.24,
        "weightedAverageShsOut": 989898990,
        "weightedAverageShsOutDil": 1020833333,
        "link": "https://www.sec.gov/Archives/edgar/data/100885/000010088599000013/0000100885-99-000013-index.html",
        "finalLink": "https://www.sec.gov/Archives/edgar/data/100885/000010088599000013/"
    },
    {
        "date": "1999-06-30",
        "symbol": "UNP",
        "reportedCurrency": "USD",
        "cik": "0000100885",
        "fillingDate": "1999-08-13",
        "acceptedDate": "1999-08-13 00:00:00",
        "calendarYear": "1999",
        "period": "Q2",
        "revenue": 2773000000,
        "costOfRevenue": 1332000000,
        "grossProfit": 1441000000,
        "grossProfitRatio": 0.5196538045,
        "researchAndDevelopmentExpenses": 0,
        "generalAndAdministrativeExpenses": 1572000000,
        "sellingAndMarketingExpenses": 0,
        "sellingGeneralAndAdministrativeExpenses": 1572000000,
        "otherExpenses": 507000000,
        "operatingExpenses": 2079000000,
        "costAndExpenses": 3411000000,
        "interestIncome": 0,
        "interestExpense": 0,
        "depreciationAndAmortization": -268000000,
        "ebitda": -516000000,
        "ebitdaratio": -0.1860800577,
        "operatingIncome": 281000000,
        "operatingIncomeRatio": 0.101334295,
        "totalOtherIncomeExpensesNet": 1065000000,
        "incomeBeforeTax": 281000000,
        "incomeBeforeTaxRatio": 0.101334295,
        "incomeTaxExpense": 87000000,
        "netIncome": 194000000,
        "netIncomeRatio": 0.0699603318,
        "eps": 0.2,
        "epsdiluted": 0.18,
        "weightedAverageShsOut": 986000000,
        "weightedAverageShsOutDil": 1082400000,
        "link": "https://www.sec.gov/Archives/edgar/data/100885/000010088599000008/0000100885-99-000008-index.html",
        "finalLink": "https://www.sec.gov/Archives/edgar/data/100885/000010088599000008/"
    },
    {
        "date": "1999-03-31",
        "symbol": "UNP",
        "reportedCurrency": "USD",
        "cik": "0000100885",
        "fillingDate": "1999-05-14",
        "acceptedDate": "1999-05-14 00:00:00",
        "calendarYear": "1999",
        "period": "Q1",
        "revenue": 2740000000,
        "costOfRevenue": 1363000000,
        "grossProfit": 1377000000,
        "grossProfitRatio": 0.5025547445,
        "researchAndDevelopmentExpenses": 0,
        "generalAndAdministrativeExpenses": 1629000000,
        "sellingAndMarketingExpenses": 0,
        "sellingGeneralAndAdministrativeExpenses": 1629000000,
        "otherExpenses": 527000000,
        "operatingExpenses": 2156000000,
        "costAndExpenses": 3519000000,
        "interestIncome": 0,
        "interestExpense": 0,
        "depreciationAndAmortization": -270000000,
        "ebitda": -653000000,
        "ebitdaratio": -0.2383211679,
        "operatingIncome": 201000000,
        "operatingIncomeRatio": 0.0733576642,
        "totalOtherIncomeExpensesNet": 1124000000,
        "incomeBeforeTax": 201000000,
        "incomeBeforeTaxRatio": 0.0733576642,
        "incomeTaxExpense": 72000000,
        "netIncome": 129000000,
        "netIncomeRatio": 0.047080292,
        "eps": 0.13,
        "epsdiluted": 0.13,
        "weightedAverageShsOut": 985200000,
        "weightedAverageShsOutDil": 985200000,
        "link": "https://www.sec.gov/Archives/edgar/data/100885/000010088599000004/0000100885-99-000004-index.html",
        "finalLink": "https://www.sec.gov/Archives/edgar/data/100885/"
    },
    {
        "date": "1998-12-31",
        "symbol": "UNP",
        "reportedCurrency": "USD",
        "cik": "0000100885",
        "fillingDate": "1999-03-25",
        "acceptedDate": "1999-03-25 00:00:00",
        "calendarYear": "1998",
        "period": "Q4",
        "revenue": 3459000000,
        "costOfRevenue": -1686000000,
        "grossProfit": 5145000000,
        "grossProfitRatio": 1.487424111,
        "researchAndDevelopmentExpenses": 0,
        "generalAndAdministrativeExpenses": 531000000,
        "sellingAndMarketingExpenses": 0,
        "sellingGeneralAndAdministrativeExpenses": 531000000,
        "otherExpenses": -618000000,
        "operatingExpenses": -87000000,
        "costAndExpenses": -1773000000,
        "interestIncome": 0,
        "interestExpense": 252000000,
        "depreciationAndAmortization": 1821000000,
        "ebitda": 4770000000,
        "ebitdaratio": 1.3790112749,
        "operatingIncome": -113000000,
        "operatingIncomeRatio": -0.0326684013,
        "totalOtherIncomeExpensesNet": -5597000000,
        "incomeBeforeTax": -365000000,
        "incomeBeforeTaxRatio": -0.1055218271,
        "incomeTaxExpense": 77000000,
        "netIncome": -190000000,
        "netIncomeRatio": -0.0549291703,
        "eps": -0.19,
        "epsdiluted": -0.19,
        "weightedAverageShsOut": 976000000,
        "weightedAverageShsOutDil": 992307692,
        "link": "https://www.sec.gov/Archives/edgar/data/100885/000095013199001738/0000950131-99-001738-index.html",
        "finalLink": "https://www.sec.gov/Archives/edgar/data/100885/"
    },
    {
        "date": "1998-09-30",
        "symbol": "UNP",
        "reportedCurrency": "USD",
        "cik": "0000100885",
        "fillingDate": "1998-11-12",
        "acceptedDate": "1998-11-12 00:00:00",
        "calendarYear": "1998",
        "period": "Q3",
        "revenue": 2404000000,
        "costOfRevenue": 1351000000,
        "grossProfit": 1053000000,
        "grossProfitRatio": 0.4380199667,
        "researchAndDevelopmentExpenses": 0,
        "generalAndAdministrativeExpenses": 1255000000,
        "sellingAndMarketingExpenses": 0,
        "sellingGeneralAndAdministrativeExpenses": 1255000000,
        "otherExpenses": 458000000,
        "operatingExpenses": 1713000000,
        "costAndExpenses": 3064000000,
        "interestIncome": 0,
        "interestExpense": 0,
        "depreciationAndAmortization": -253000000,
        "ebitda": -444000000,
        "ebitdaratio": -0.1846921797,
        "operatingIncome": 57000000,
        "operatingIncomeRatio": 0.0237104825,
        "totalOtherIncomeExpensesNet": -152000000,
        "incomeBeforeTax": 51000000,
        "incomeBeforeTaxRatio": 0.0212146423,
        "incomeTaxExpense": 19000000,
        "netIncome": 34000000,
        "netIncomeRatio": 0.0141430948,
        "eps": 0.0391,
        "epsdiluted": 0.0391,
        "weightedAverageShsOut": 971428571,
        "weightedAverageShsOutDil": 971428571,
        "link": "https://www.sec.gov/Archives/edgar/data/100885/000010088598000039/0000100885-98-000039-index.html",
        "finalLink": "https://www.sec.gov/Archives/edgar/data/100885/"
    },
    {
        "date": "1998-06-30",
        "symbol": "UNP",
        "reportedCurrency": "USD",
        "cik": "0000100885",
        "fillingDate": "1998-08-11",
        "acceptedDate": "1998-08-11 00:00:00",
        "calendarYear": "1998",
        "period": "Q2",
        "revenue": 2362000000,
        "costOfRevenue": 1674000000,
        "grossProfit": 688000000,
        "grossProfitRatio": 0.2912785775,
        "researchAndDevelopmentExpenses": 0,
        "generalAndAdministrativeExpenses": 1278000000,
        "sellingAndMarketingExpenses": 0,
        "sellingGeneralAndAdministrativeExpenses": 1278000000,
        "otherExpenses": 715000000,
        "operatingExpenses": 1993000000,
        "costAndExpenses": 3667000000,
        "interestIncome": 0,
        "interestExpense": 0,
        "depreciationAndAmortization": -235000000,
        "ebitda": 129000000,
        "ebitdaratio": 0.0546147333,
        "operatingIncome": -530000000,
        "operatingIncomeRatio": -0.2243861135,
        "totalOtherIncomeExpensesNet": -123000000,
        "incomeBeforeTax": -269000000,
        "incomeBeforeTaxRatio": -0.1138865368,
        "incomeTaxExpense": -111000000,
        "netIncome": -419000000,
        "netIncomeRatio": -0.1773920406,
        "eps": -0.43,
        "epsdiluted": -0.58,
        "weightedAverageShsOut": 981714286,
        "weightedAverageShsOutDil": 981714286,
        "link": "https://www.sec.gov/Archives/edgar/data/100885/000010088598000029/0000100885-98-000029-index.html",
        "finalLink": "https://www.sec.gov/Archives/edgar/data/100885/"
    },
    {
        "date": "1998-03-31",
        "symbol": "UNP",
        "reportedCurrency": "USD",
        "cik": "0000100885",
        "fillingDate": "1998-05-13",
        "acceptedDate": "1998-05-13 00:00:00",
        "calendarYear": "1998",
        "period": "Q1",
        "revenue": 2586000000,
        "costOfRevenue": 1549000000,
        "grossProfit": 1037000000,
        "grossProfitRatio": 0.4010054138,
        "researchAndDevelopmentExpenses": 0,
        "generalAndAdministrativeExpenses": 389000000,
        "sellingAndMarketingExpenses": 0,
        "sellingGeneralAndAdministrativeExpenses": 389000000,
        "otherExpenses": 538000000,
        "operatingExpenses": 927000000,
        "costAndExpenses": 2476000000,
        "interestIncome": 0,
        "interestExpense": 0,
        "depreciationAndAmortization": -263000000,
        "ebitda": 296000000,
        "ebitdaratio": 0.1144624903,
        "operatingIncome": -105000000,
        "operatingIncomeRatio": -0.0406032483,
        "totalOtherIncomeExpensesNet": -138000000,
        "incomeBeforeTax": -105000000,
        "incomeBeforeTaxRatio": -0.0406032483,
        "incomeTaxExpense": -43000000,
        "netIncome": -62000000,
        "netIncomeRatio": -0.0239752514,
        "eps": -0.0625,
        "epsdiluted": -0.0625,
        "weightedAverageShsOut": 992000000,
        "weightedAverageShsOutDil": 992000000,
        "link": "https://www.sec.gov/Archives/edgar/data/100885/000010088598000018/0000100885-98-000018-index.html",
        "finalLink": "https://www.sec.gov/Archives/edgar/data/100885/"
    },
    {
        "date": "1997-12-31",
        "symbol": "UNP",
        "reportedCurrency": "USD",
        "cik": "0000100885",
        "fillingDate": "1998-03-18",
        "acceptedDate": "1998-03-18 00:00:00",
        "calendarYear": "1997",
        "period": "Q4",
        "revenue": 2561000000,
        "costOfRevenue": -663000000,
        "grossProfit": 3224000000,
        "grossProfitRatio": 1.2588832487,
        "researchAndDevelopmentExpenses": 0,
        "generalAndAdministrativeExpenses": 3048000000,
        "sellingAndMarketingExpenses": 0,
        "sellingGeneralAndAdministrativeExpenses": 3048000000,
        "otherExpenses": -815000000,
        "operatingExpenses": 2233000000,
        "costAndExpenses": 1570000000,
        "interestIncome": 0,
        "interestExpense": 0,
        "depreciationAndAmortization": 1822000000,
        "ebitda": 2972000000,
        "ebitdaratio": 1.1604841859,
        "operatingIncome": -245000000,
        "operatingIncomeRatio": -0.0956657556,
        "totalOtherIncomeExpensesNet": -1236000000,
        "incomeBeforeTax": -245000000,
        "incomeBeforeTaxRatio": -0.0956657556,
        "incomeTaxExpense": -93000000,
        "netIncome": -152000000,
        "netIncomeRatio": -0.0593518157,
        "eps": -0.15,
        "epsdiluted": -0.15,
        "weightedAverageShsOut": 986662185,
        "weightedAverageShsOutDil": 992000000,
        "link": "https://www.sec.gov/Archives/edgar/data/100885/000095013498002114/0000950134-98-002114-index.html",
        "finalLink": "https://www.sec.gov/Archives/edgar/data/100885/"
    },
    {
        "date": "1997-09-30",
        "symbol": "UNP",
        "reportedCurrency": "USD",
        "cik": "0000100885",
        "fillingDate": "1997-11-14",
        "acceptedDate": "1997-11-14 00:00:00",
        "calendarYear": "1997",
        "period": "Q3",
        "revenue": 2825000000,
        "costOfRevenue": 1416000000,
        "grossProfit": 1409000000,
        "grossProfitRatio": 0.4987610619,
        "researchAndDevelopmentExpenses": 0,
        "generalAndAdministrativeExpenses": 398000000,
        "sellingAndMarketingExpenses": 0,
        "sellingGeneralAndAdministrativeExpenses": 398000000,
        "otherExpenses": 593000000,
        "operatingExpenses": 991000000,
        "costAndExpenses": 2407000000,
        "interestIncome": 0,
        "interestExpense": 0,
        "depreciationAndAmortization": -260000000,
        "ebitda": 576000000,
        "ebitdaratio": 0.2038938053,
        "operatingIncome": 369000000,
        "operatingIncomeRatio": 0.130619469,
        "totalOtherIncomeExpensesNet": -54000000,
        "incomeBeforeTax": 369000000,
        "incomeBeforeTaxRatio": 0.130619469,
        "incomeTaxExpense": 129000000,
        "netIncome": 240000000,
        "netIncomeRatio": 0.0849557522,
        "eps": 0.24,
        "epsdiluted": 0.24,
        "weightedAverageShsOut": 989690722,
        "weightedAverageShsOutDil": 1000000000,
        "link": "https://www.sec.gov/Archives/edgar/data/100885/000010088597000021/0000100885-97-000021-index.html",
        "finalLink": "https://www.sec.gov/Archives/edgar/data/100885/"
    },
    {
        "date": "1997-06-30",
        "symbol": "UNP",
        "reportedCurrency": "USD",
        "cik": "0000100885",
        "fillingDate": "1997-08-05",
        "acceptedDate": "1997-08-05 00:00:00",
        "calendarYear": "1997",
        "period": "Q2",
        "revenue": 2883000000,
        "costOfRevenue": 1401000000,
        "grossProfit": 1482000000,
        "grossProfitRatio": 0.5140478668,
        "researchAndDevelopmentExpenses": 0,
        "generalAndAdministrativeExpenses": 343000000,
        "sellingAndMarketingExpenses": 0,
        "sellingGeneralAndAdministrativeExpenses": 343000000,
        "otherExpenses": 453000000,
        "operatingExpenses": 796000000,
        "costAndExpenses": 2197000000,
        "interestIncome": 0,
        "interestExpense": 0,
        "depreciationAndAmortization": -261000000,
        "ebitda": 716000000,
        "ebitdaratio": 0.2483524107,
        "operatingIncome": 348000000,
        "operatingIncomeRatio": 0.1207075963,
        "totalOtherIncomeExpensesNet": -127000000,
        "incomeBeforeTax": 348000000,
        "incomeBeforeTaxRatio": 0.1207075963,
        "incomeTaxExpense": 132000000,
        "netIncome": 216000000,
        "netIncomeRatio": 0.0749219563,
        "eps": 0.22,
        "epsdiluted": 0.22,
        "weightedAverageShsOut": 981818182,
        "weightedAverageShsOutDil": 993103448,
        "link": "https://www.sec.gov/Archives/edgar/data/100885/000010088597000005/0000100885-97-000005-index.html",
        "finalLink": "https://www.sec.gov/Archives/edgar/data/100885/"
    },
    {
        "date": "1997-03-31",
        "symbol": "UNP",
        "reportedCurrency": "USD",
        "cik": "0000100885",
        "fillingDate": "1997-05-13",
        "acceptedDate": "1997-05-13 00:00:00",
        "calendarYear": "1997",
        "period": "Q1",
        "revenue": 2810000000,
        "costOfRevenue": 1503000000,
        "grossProfit": 1307000000,
        "grossProfitRatio": 0.4651245552,
        "researchAndDevelopmentExpenses": 0,
        "generalAndAdministrativeExpenses": 350000000,
        "sellingAndMarketingExpenses": 0,
        "sellingGeneralAndAdministrativeExpenses": 350000000,
        "otherExpenses": 464000000,
        "operatingExpenses": 814000000,
        "costAndExpenses": 2317000000,
        "interestIncome": 0,
        "interestExpense": 0,
        "depreciationAndAmortization": -258000000,
        "ebitda": 713000000,
        "ebitdaratio": 0.2537366548,
        "operatingIncome": 205000000,
        "operatingIncomeRatio": 0.0729537367,
        "totalOtherIncomeExpensesNet": -288000000,
        "incomeBeforeTax": 205000000,
        "incomeBeforeTaxRatio": 0.0729537367,
        "incomeTaxExpense": 77000000,
        "netIncome": 128000000,
        "netIncomeRatio": 0.0455516014,
        "eps": 0.13,
        "epsdiluted": 0.13,
        "weightedAverageShsOut": 984615385,
        "weightedAverageShsOutDil": 984615385,
        "link": "https://www.sec.gov/Archives/edgar/data/100885/000010088597000003/0000100885-97-000003-index.html",
        "finalLink": "https://www.sec.gov/Archives/edgar/data/100885/"
    },
    {
        "date": "1996-12-31",
        "symbol": "UNP",
        "reportedCurrency": "USD",
        "cik": "0000100885",
        "fillingDate": "1997-03-28",
        "acceptedDate": "1997-03-28 00:00:00",
        "calendarYear": "1996",
        "period": "Q4",
        "revenue": 2810000000,
        "costOfRevenue": -168000000,
        "grossProfit": 2978000000,
        "grossProfitRatio": 1.0597864769,
        "researchAndDevelopmentExpenses": 0,
        "generalAndAdministrativeExpenses": 2536000000,
        "sellingAndMarketingExpenses": 0,
        "sellingGeneralAndAdministrativeExpenses": 2536000000,
        "otherExpenses": -418000000,
        "operatingExpenses": 2118000000,
        "costAndExpenses": 1950000000,
        "interestIncome": 0,
        "interestExpense": 0,
        "depreciationAndAmortization": 1278000000,
        "ebitda": 2240000000,
        "ebitdaratio": 0.7971530249,
        "operatingIncome": 359000000,
        "operatingIncomeRatio": 0.1277580071,
        "totalOtherIncomeExpensesNet": -501000000,
        "incomeBeforeTax": 359000000,
        "incomeBeforeTaxRatio": 0.1277580071,
        "incomeTaxExpense": 130000000,
        "netIncome": 229000000,
        "netIncomeRatio": 0.0814946619,
        "eps": 0.23,
        "epsdiluted": 0.23,
        "weightedAverageShsOut": 974892308,
        "weightedAverageShsOutDil": 984615385,
        "link": "https://www.sec.gov/Archives/edgar/data/100885/000010088597000002/0000100885-97-000002-index.html",
        "finalLink": "https://www.sec.gov/Archives/edgar/data/100885/"
    },
    {
        "date": "1996-09-30",
        "symbol": "UNP",
        "reportedCurrency": "USD",
        "cik": "0000100885",
        "fillingDate": "1996-11-13",
        "acceptedDate": "1996-11-13 00:00:00",
        "calendarYear": "1996",
        "period": "Q3",
        "revenue": 1996000000,
        "costOfRevenue": 899000000,
        "grossProfit": 1097000000,
        "grossProfitRatio": 0.5495991984,
        "researchAndDevelopmentExpenses": 0,
        "generalAndAdministrativeExpenses": 232000000,
        "sellingAndMarketingExpenses": 0,
        "sellingGeneralAndAdministrativeExpenses": 232000000,
        "otherExpenses": 383000000,
        "operatingExpenses": 615000000,
        "costAndExpenses": 1514000000,
        "interestIncome": 0,
        "interestExpense": 64000000,
        "depreciationAndAmortization": -170000000,
        "ebitda": 600000000,
        "ebitdaratio": 0.3006012024,
        "operatingIncome": 396000000,
        "operatingIncomeRatio": 0.1983967936,
        "totalOtherIncomeExpensesNet": -150000000,
        "incomeBeforeTax": 332000000,
        "incomeBeforeTaxRatio": 0.1663326653,
        "incomeTaxExpense": 121000000,
        "netIncome": 275000000,
        "netIncomeRatio": 0.1377755511,
        "eps": 0.33,
        "epsdiluted": 0.32,
        "weightedAverageShsOut": 846153846,
        "weightedAverageShsOutDil": 852713178,
        "link": "https://www.sec.gov/Archives/edgar/data/100885/000010088596000020/0000100885-96-000020-index.html",
        "finalLink": "https://www.sec.gov/Archives/edgar/data/100885/"
    },
    {
        "date": "1996-06-30",
        "symbol": "UNP",
        "reportedCurrency": "USD",
        "cik": "0000100885",
        "fillingDate": "1996-08-09",
        "acceptedDate": "1996-08-09 00:00:00",
        "calendarYear": "1996",
        "period": "Q2",
        "revenue": 2012000000,
        "costOfRevenue": 919000000,
        "grossProfit": 1093000000,
        "grossProfitRatio": 0.5432405567,
        "researchAndDevelopmentExpenses": 0,
        "generalAndAdministrativeExpenses": 235000000,
        "sellingAndMarketingExpenses": 0,
        "sellingGeneralAndAdministrativeExpenses": 235000000,
        "otherExpenses": 375000000,
        "operatingExpenses": 610000000,
        "costAndExpenses": 1529000000,
        "interestIncome": 0,
        "interestExpense": 58000000,
        "depreciationAndAmortization": -174000000,
        "ebitda": 625000000,
        "ebitdaratio": 0.3106361829,
        "operatingIncome": 342000000,
        "operatingIncomeRatio": 0.1699801193,
        "totalOtherIncomeExpensesNet": -199000000,
        "incomeBeforeTax": 284000000,
        "incomeBeforeTaxRatio": 0.1411530815,
        "incomeTaxExpense": 98000000,
        "netIncome": 244000000,
        "netIncomeRatio": 0.1212723658,
        "eps": 0.3,
        "epsdiluted": 0.3,
        "weightedAverageShsOut": 820168067,
        "weightedAverageShsOutDil": 827118644,
        "link": "https://www.sec.gov/Archives/edgar/data/100885/000010088596000008/0000100885-96-000008-index.html",
        "finalLink": "https://www.sec.gov/Archives/edgar/data/100885/"
    },
    {
        "date": "1996-03-31",
        "symbol": "UNP",
        "reportedCurrency": "USD",
        "cik": "0000100885",
        "fillingDate": "1996-05-15",
        "acceptedDate": "1996-05-15 00:00:00",
        "calendarYear": "1996",
        "period": "Q1",
        "revenue": 1968000000,
        "costOfRevenue": 985000000,
        "grossProfit": 983000000,
        "grossProfitRatio": 0.4994918699,
        "researchAndDevelopmentExpenses": 0,
        "generalAndAdministrativeExpenses": 255000000,
        "sellingAndMarketingExpenses": 0,
        "sellingGeneralAndAdministrativeExpenses": 255000000,
        "otherExpenses": 422000000,
        "operatingExpenses": 677000000,
        "costAndExpenses": 1662000000,
        "interestIncome": 0,
        "interestExpense": 49000000,
        "depreciationAndAmortization": -172000000,
        "ebitda": 460000000,
        "ebitdaratio": 0.2337398374,
        "operatingIncome": 187000000,
        "operatingIncomeRatio": 0.0950203252,
        "totalOtherIncomeExpensesNet": -168000000,
        "incomeBeforeTax": 138000000,
        "incomeBeforeTaxRatio": 0.0701219512,
        "incomeTaxExpense": 31000000,
        "netIncome": 156000000,
        "netIncomeRatio": 0.0792682927,
        "eps": 0.19,
        "epsdiluted": 0.19,
        "weightedAverageShsOut": 821052632,
        "weightedAverageShsOutDil": 821052632,
        "link": "https://www.sec.gov/Archives/edgar/data/100885/000010088596000006/0000100885-96-000006-index.html",
        "finalLink": "https://www.sec.gov/Archives/edgar/data/100885/"
    },
    {
        "date": "1995-12-31",
        "symbol": "UNP",
        "reportedCurrency": "USD",
        "cik": "0000100885",
        "fillingDate": "1996-03-26",
        "acceptedDate": "1996-03-26 00:00:00",
        "calendarYear": "1995",
        "period": "Q4",
        "revenue": 1974000000,
        "costOfRevenue": -757000000,
        "grossProfit": 2731000000,
        "grossProfitRatio": 1.383485309,
        "researchAndDevelopmentExpenses": 0,
        "generalAndAdministrativeExpenses": 2205000000,
        "sellingAndMarketingExpenses": 0,
        "sellingGeneralAndAdministrativeExpenses": 2205000000,
        "otherExpenses": -531000000,
        "operatingExpenses": 1674000000,
        "costAndExpenses": 917000000,
        "interestIncome": 0,
        "interestExpense": 115000000,
        "depreciationAndAmortization": 1111000000,
        "ebitda": 2273000000,
        "ebitdaratio": 1.1514690983,
        "operatingIncome": 356000000,
        "operatingIncomeRatio": 0.1803444782,
        "totalOtherIncomeExpensesNet": -816000000,
        "incomeBeforeTax": 241000000,
        "incomeBeforeTaxRatio": 0.1220871327,
        "incomeTaxExpense": 62000000,
        "netIncome": 294000000,
        "netIncomeRatio": 0.1489361702,
        "eps": 0.36,
        "epsdiluted": 0.36,
        "weightedAverageShsOut": 808051675,
        "weightedAverageShsOutDil": 821052632,
        "link": "https://www.sec.gov/Archives/edgar/data/100885/000095010996001749/0000950109-96-001749-index.html",
        "finalLink": "https://www.sec.gov/Archives/edgar/data/100885/"
    },
    {
        "date": "1995-09-30",
        "symbol": "UNP",
        "reportedCurrency": "USD",
        "cik": "0000100885",
        "fillingDate": "1995-11-09",
        "acceptedDate": "1995-11-09 00:00:00",
        "calendarYear": "1995",
        "period": "Q3",
        "revenue": 1974000000,
        "costOfRevenue": 897000000,
        "grossProfit": 1077000000,
        "grossProfitRatio": 0.5455927052,
        "researchAndDevelopmentExpenses": 0,
        "generalAndAdministrativeExpenses": 226000000,
        "sellingAndMarketingExpenses": 0,
        "sellingGeneralAndAdministrativeExpenses": 226000000,
        "otherExpenses": 433000000,
        "operatingExpenses": 659000000,
        "costAndExpenses": 1556000000,
        "interestIncome": 0,
        "interestExpense": 77000000,
        "depreciationAndAmortization": -172000000,
        "ebitda": 555000000,
        "ebitdaratio": 0.2811550152,
        "operatingIncome": 338000000,
        "operatingIncomeRatio": 0.1712259372,
        "totalOtherIncomeExpensesNet": -157000000,
        "incomeBeforeTax": 261000000,
        "incomeBeforeTaxRatio": 0.132218845,
        "incomeTaxExpense": 101000000,
        "netIncome": 237000000,
        "netIncomeRatio": 0.1200607903,
        "eps": 0.29,
        "epsdiluted": 0.29,
        "weightedAverageShsOut": 824347826,
        "weightedAverageShsOutDil": 824347826,
        "link": "https://www.sec.gov/Archives/edgar/data/100885/000010088595000029/0000100885-95-000029-index.html",
        "finalLink": "https://www.sec.gov/Archives/edgar/data/100885/"
    },
    {
        "date": "1995-06-30",
        "symbol": "UNP",
        "reportedCurrency": "USD",
        "cik": "0000100885",
        "fillingDate": "1995-08-14",
        "acceptedDate": "1995-08-14 00:00:00",
        "calendarYear": "1995",
        "period": "Q2",
        "revenue": 1874000000,
        "costOfRevenue": 826000000,
        "grossProfit": 1048000000,
        "grossProfitRatio": 0.5592315902,
        "researchAndDevelopmentExpenses": 0,
        "generalAndAdministrativeExpenses": 202000000,
        "sellingAndMarketingExpenses": 0,
        "sellingGeneralAndAdministrativeExpenses": 202000000,
        "otherExpenses": 389000000,
        "operatingExpenses": 591000000,
        "costAndExpenses": 1417000000,
        "interestIncome": 0,
        "interestExpense": 74000000,
        "depreciationAndAmortization": -49000000,
        "ebitda": 594000000,
        "ebitdaratio": 0.3169690502,
        "operatingIncome": 298000000,
        "operatingIncomeRatio": 0.159018143,
        "totalOtherIncomeExpensesNet": -233000000,
        "incomeBeforeTax": 224000000,
        "incomeBeforeTaxRatio": 0.1195304162,
        "incomeTaxExpense": 74000000,
        "netIncome": 224000000,
        "netIncomeRatio": 0.1195304162,
        "eps": 0.27,
        "epsdiluted": 0.27,
        "weightedAverageShsOut": 822018349,
        "weightedAverageShsOutDil": 822018349,
        "link": "https://www.sec.gov/Archives/edgar/data/100885/000010088595000017/0000100885-95-000017-index.html",
        "finalLink": "https://www.sec.gov/Archives/edgar/data/100885/"
    },
    {
        "date": "1995-03-31",
        "symbol": "UNP",
        "reportedCurrency": "USD",
        "cik": "0000100885",
        "fillingDate": "1995-05-15",
        "acceptedDate": "1995-05-15 00:00:00",
        "calendarYear": "1995",
        "period": "Q1",
        "revenue": 1978000000,
        "costOfRevenue": 852000000,
        "grossProfit": 1126000000,
        "grossProfitRatio": 0.5692618807,
        "researchAndDevelopmentExpenses": 0,
        "generalAndAdministrativeExpenses": 201000000,
        "sellingAndMarketingExpenses": 0,
        "sellingGeneralAndAdministrativeExpenses": 201000000,
        "otherExpenses": 532000000,
        "operatingExpenses": 733000000,
        "costAndExpenses": 1585000000,
        "interestIncome": 0,
        "interestExpense": 0,
        "depreciationAndAmortization": -248000000,
        "ebitda": 599000000,
        "ebitdaratio": 0.3028311426,
        "operatingIncome": 288000000,
        "operatingIncomeRatio": 0.1456016178,
        "totalOtherIncomeExpensesNet": -105000000,
        "incomeBeforeTax": 288000000,
        "incomeBeforeTaxRatio": 0.1456016178,
        "incomeTaxExpense": 97000000,
        "netIncome": 191000000,
        "netIncomeRatio": 0.096562184,
        "eps": 0.23,
        "epsdiluted": 0.23,
        "weightedAverageShsOut": 821505376,
        "weightedAverageShsOutDil": 821505376,
        "link": "https://www.sec.gov/Archives/edgar/data/100885/000010088595000012/0000100885-95-000012-index.html",
        "finalLink": "https://www.sec.gov/Archives/edgar/data/100885/"
    },
    {
        "date": "1994-12-31",
        "symbol": "UNP",
        "reportedCurrency": "USD",
        "cik": "0000100885",
        "fillingDate": "1995-03-08",
        "acceptedDate": "1995-03-08 00:00:00",
        "calendarYear": "1994",
        "period": "Q4",
        "revenue": 1992000000,
        "costOfRevenue": 849000000,
        "grossProfit": 1143000000,
        "grossProfitRatio": 0.5737951807,
        "researchAndDevelopmentExpenses": 0,
        "generalAndAdministrativeExpenses": 195000000,
        "sellingAndMarketingExpenses": 0,
        "sellingGeneralAndAdministrativeExpenses": 195000000,
        "otherExpenses": 574000000,
        "operatingExpenses": 769000000,
        "costAndExpenses": 1618000000,
        "interestIncome": 0,
        "interestExpense": 0,
        "depreciationAndAmortization": -272000000,
        "ebitda": 590000000,
        "ebitdaratio": 0.296184739,
        "operatingIncome": 356000000,
        "operatingIncomeRatio": 0.1787148594,
        "totalOtherIncomeExpensesNet": -39000000,
        "incomeBeforeTax": 335000000,
        "incomeBeforeTaxRatio": 0.1681726908,
        "incomeTaxExpense": 100000000,
        "netIncome": 256000000,
        "netIncomeRatio": 0.1285140562,
        "eps": 0.31,
        "epsdiluted": 0.31,
        "weightedAverageShsOut": 816125420,
        "weightedAverageShsOutDil": 821505376,
        "link": "https://www.sec.gov/Archives/edgar/data/100885/000010088595000006/0000100885-95-000006-index.html",
        "finalLink": "https://www.sec.gov/Archives/edgar/data/100885/"
    },
    {
        "date": "1994-09-30",
        "symbol": "UNP",
        "reportedCurrency": "USD",
        "cik": "0000100885",
        "fillingDate": "1994-11-09",
        "acceptedDate": "1994-11-09 00:00:00",
        "calendarYear": "1994",
        "period": "Q3",
        "revenue": 1958000000,
        "costOfRevenue": 802000000,
        "grossProfit": 1156000000,
        "grossProfitRatio": 0.5903983657,
        "researchAndDevelopmentExpenses": 0,
        "generalAndAdministrativeExpenses": 193000000,
        "sellingAndMarketingExpenses": 0,
        "sellingGeneralAndAdministrativeExpenses": 193000000,
        "otherExpenses": 524000000,
        "operatingExpenses": 717000000,
        "costAndExpenses": 1519000000,
        "interestIncome": 0,
        "interestExpense": 0,
        "depreciationAndAmortization": -224000000,
        "ebitda": 672000000,
        "ebitdaratio": 0.3432073544,
        "operatingIncome": -105000000,
        "operatingIncomeRatio": -0.0536261491,
        "totalOtherIncomeExpensesNet": -121000000,
        "incomeBeforeTax": 318000000,
        "incomeBeforeTaxRatio": 0.1624106231,
        "incomeTaxExpense": 108000000,
        "netIncome": -213000000,
        "netIncomeRatio": -0.108784474,
        "eps": -0.26,
        "epsdiluted": -0.26,
        "weightedAverageShsOut": 819230769,
        "weightedAverageShsOutDil": 819230769,
        "link": "https://www.sec.gov/Archives/edgar/data/100885/000010088594000020/0000100885-94-000020-index.html",
        "finalLink": "https://www.sec.gov/Archives/edgar/data/100885/"
    },
    {
        "date": "1994-06-30",
        "symbol": "UNP",
        "reportedCurrency": "USD",
        "cik": "0000100885",
        "fillingDate": "1994-08-15",
        "acceptedDate": "1994-08-15 00:00:00",
        "calendarYear": "1994",
        "period": "Q2",
        "revenue": 2070000000,
        "costOfRevenue": 893000000,
        "grossProfit": 1177000000,
        "grossProfitRatio": 0.5685990338,
        "researchAndDevelopmentExpenses": 0,
        "generalAndAdministrativeExpenses": 196000000,
        "sellingAndMarketingExpenses": 0,
        "sellingGeneralAndAdministrativeExpenses": 196000000,
        "otherExpenses": 566000000,
        "operatingExpenses": 762000000,
        "costAndExpenses": 1655000000,
        "interestIncome": 0,
        "interestExpense": 0,
        "depreciationAndAmortization": -261000000,
        "ebitda": 667000000,
        "ebitdaratio": 0.3222222222,
        "operatingIncome": 326000000,
        "operatingIncomeRatio": 0.1574879227,
        "totalOtherIncomeExpensesNet": -89000000,
        "incomeBeforeTax": 326000000,
        "incomeBeforeTaxRatio": 0.1574879227,
        "incomeTaxExpense": 106000000,
        "netIncome": 220000000,
        "netIncomeRatio": 0.1062801932,
        "eps": 0.27,
        "epsdiluted": 0.27,
        "weightedAverageShsOut": 822429907,
        "weightedAverageShsOutDil": 822429907,
        "link": "https://www.sec.gov/Archives/edgar/data/100885/000010088594000017/0000100885-94-000017-index.html",
        "finalLink": "https://www.sec.gov/Archives/edgar/data/100885/"
    },
    {
        "date": "1994-03-31",
        "symbol": "UNP",
        "reportedCurrency": "USD",
        "cik": "0000100885",
        "fillingDate": "1994-05-12",
        "acceptedDate": "1994-05-12 00:00:00",
        "calendarYear": "1994",
        "period": "Q1",
        "revenue": 1928000000,
        "costOfRevenue": 843000000,
        "grossProfit": 1085000000,
        "grossProfitRatio": 0.5627593361,
        "researchAndDevelopmentExpenses": 0,
        "generalAndAdministrativeExpenses": 172000000,
        "sellingAndMarketingExpenses": 0,
        "sellingGeneralAndAdministrativeExpenses": 172000000,
        "otherExpenses": 541000000,
        "operatingExpenses": 713000000,
        "costAndExpenses": 1556000000,
        "interestIncome": 0,
        "interestExpense": 0,
        "depreciationAndAmortization": -248000000,
        "ebitda": 448000000,
        "ebitdaratio": 0.2323651452,
        "operatingIncome": 427000000,
        "operatingIncomeRatio": 0.221473029,
        "totalOtherIncomeExpensesNet": 55000000,
        "incomeBeforeTax": 427000000,
        "incomeBeforeTaxRatio": 0.221473029,
        "incomeTaxExpense": 144000000,
        "netIncome": 283000000,
        "netIncomeRatio": 0.1467842324,
        "eps": 0.35,
        "epsdiluted": 0.35,
        "weightedAverageShsOut": 820289855,
        "weightedAverageShsOutDil": 820289855,
        "link": "https://www.sec.gov/Archives/edgar/data/100885/000010088594000013/0000100885-94-000013-index.html",
        "finalLink": "https://www.sec.gov/Archives/edgar/data/100885/"
    },
    {
        "date": "1993-12-31",
        "symbol": "UNP",
        "reportedCurrency": "USD",
        "cik": "0000100885",
        "fillingDate": "1994-03-29",
        "acceptedDate": "1994-03-29 00:00:00",
        "calendarYear": "1993",
        "period": "Q4",
        "revenue": 1981000000,
        "costOfRevenue": 695000000,
        "grossProfit": 1286000000,
        "grossProfitRatio": 0.6491670873,
        "researchAndDevelopmentExpenses": 0,
        "generalAndAdministrativeExpenses": 0,
        "sellingAndMarketingExpenses": 0,
        "sellingGeneralAndAdministrativeExpenses": 658000000,
        "otherExpenses": 238000000,
        "operatingExpenses": 896000000,
        "costAndExpenses": 1591000000,
        "interestIncome": 0,
        "interestExpense": 0,
        "depreciationAndAmortization": -238000000,
        "ebitda": 604000000,
        "ebitdaratio": 0.3048965169,
        "operatingIncome": 337000000,
        "operatingIncomeRatio": 0.170116103,
        "totalOtherIncomeExpensesNet": -53000000,
        "incomeBeforeTax": 337000000,
        "incomeBeforeTaxRatio": 0.170116103,
        "incomeTaxExpense": 102000000,
        "netIncome": 235000000,
        "netIncomeRatio": 0.1186269561,
        "eps": 0.29,
        "epsdiluted": 0.29,
        "weightedAverageShsOut": 820289855,
        "weightedAverageShsOutDil": 820289855,
        "link": "https://www.sec.gov/Archives/edgar/data/100885/000010088594000006/0000100885-94-000006-index.html",
        "finalLink": "https://www.sec.gov/Archives/edgar/data/100885/"
    },
    {
        "date": "1993-09-30",
        "symbol": "UNP",
        "reportedCurrency": "USD",
        "cik": "0000100885",
        "fillingDate": "1993-09-30",
        "acceptedDate": "1993-09-30 00:00:00",
        "calendarYear": "1993",
        "period": "Q3",
        "revenue": 1901000000,
        "costOfRevenue": 658000000,
        "grossProfit": 1243000000,
        "grossProfitRatio": 0.6538663861,
        "researchAndDevelopmentExpenses": 0,
        "generalAndAdministrativeExpenses": 0,
        "sellingAndMarketingExpenses": 0,
        "sellingGeneralAndAdministrativeExpenses": 680000000,
        "otherExpenses": 245000000,
        "operatingExpenses": 925000000,
        "costAndExpenses": 1583000000,
        "interestIncome": 0,
        "interestExpense": 0,
        "depreciationAndAmortization": -245000000,
        "ebitda": 538000000,
        "ebitdaratio": 0.2830089427,
        "operatingIncome": 264000000,
        "operatingIncomeRatio": 0.1388742767,
        "totalOtherIncomeExpensesNet": -54000000,
        "incomeBeforeTax": 264000000,
        "incomeBeforeTaxRatio": 0.1388742767,
        "incomeTaxExpense": 156000000,
        "netIncome": 108000000,
        "netIncomeRatio": 0.0568122041,
        "eps": 0.13,
        "epsdiluted": 0.13,
        "weightedAverageShsOut": 815094340,
        "weightedAverageShsOutDil": 815094340,
        "link": null,
        "finalLink": null
    },
    {
        "date": "1993-06-30",
        "symbol": "UNP",
        "reportedCurrency": "USD",
        "cik": "0000100885",
        "fillingDate": "1993-06-30",
        "acceptedDate": "1993-06-30 00:00:00",
        "calendarYear": "1993",
        "period": "Q2",
        "revenue": 1848000000,
        "costOfRevenue": 610000000,
        "grossProfit": 1238000000,
        "grossProfitRatio": 0.6699134199,
        "researchAndDevelopmentExpenses": 0,
        "generalAndAdministrativeExpenses": 0,
        "sellingAndMarketingExpenses": 0,
        "sellingGeneralAndAdministrativeExpenses": 644000000,
        "otherExpenses": 231000000,
        "operatingExpenses": 875000000,
        "costAndExpenses": 1485000000,
        "interestIncome": 0,
        "interestExpense": 0,
        "depreciationAndAmortization": -231000000,
        "ebitda": 574000000,
        "ebitdaratio": 0.3106060606,
        "operatingIncome": 299000000,
        "operatingIncomeRatio": 0.1617965368,
        "totalOtherIncomeExpensesNet": -64000000,
        "incomeBeforeTax": 299000000,
        "incomeBeforeTaxRatio": 0.1617965368,
        "incomeTaxExpense": 101000000,
        "netIncome": 198000000,
        "netIncomeRatio": 0.1071428571,
        "eps": 0.24,
        "epsdiluted": 0.24,
        "weightedAverageShsOut": 825000000,
        "weightedAverageShsOutDil": 825000000,
        "link": null,
        "finalLink": null
    },
    {
        "date": "1993-03-31",
        "symbol": "UNP",
        "reportedCurrency": "USD",
        "cik": "0000100885",
        "fillingDate": "1993-03-31",
        "acceptedDate": "1993-03-31 00:00:00",
        "calendarYear": "1993",
        "period": "Q1",
        "revenue": 1830000000,
        "costOfRevenue": 625000000,
        "grossProfit": 1205000000,
        "grossProfitRatio": 0.6584699454,
        "researchAndDevelopmentExpenses": 0,
        "generalAndAdministrativeExpenses": 0,
        "sellingAndMarketingExpenses": 0,
        "sellingGeneralAndAdministrativeExpenses": 651000000,
        "otherExpenses": 235000000,
        "operatingExpenses": 886000000,
        "costAndExpenses": 1511000000,
        "interestIncome": 0,
        "interestExpense": 0,
        "depreciationAndAmortization": -235000000,
        "ebitda": 534000000,
        "ebitdaratio": 0.2918032787,
        "operatingIncome": 80000000,
        "operatingIncomeRatio": 0.043715847,
        "totalOtherIncomeExpensesNet": -64000000,
        "incomeBeforeTax": 255000000,
        "incomeBeforeTaxRatio": 0.1393442623,
        "incomeTaxExpense": 91000000,
        "netIncome": -11000000,
        "netIncomeRatio": -0.006010929,
        "eps": -0.015,
        "epsdiluted": -0.015,
        "weightedAverageShsOut": 733333333,
        "weightedAverageShsOutDil": 733333333,
        "link": null,
        "finalLink": null
    },
    {
        "date": "1992-12-31",
        "symbol": "UNP",
        "reportedCurrency": "USD",
        "cik": "0000100885",
        "fillingDate": "1992-12-31",
        "acceptedDate": "1992-12-31 00:00:00",
        "calendarYear": "1992",
        "period": "Q4",
        "revenue": 1916000000,
        "costOfRevenue": 601000000,
        "grossProfit": 1315000000,
        "grossProfitRatio": 0.6863256785,
        "researchAndDevelopmentExpenses": 0,
        "generalAndAdministrativeExpenses": 0,
        "sellingAndMarketingExpenses": 0,
        "sellingGeneralAndAdministrativeExpenses": 671000000,
        "otherExpenses": 223000000,
        "operatingExpenses": 894000000,
        "costAndExpenses": 1495000000,
        "interestIncome": 0,
        "interestExpense": 0,
        "depreciationAndAmortization": -276000000,
        "ebitda": 634000000,
        "ebitdaratio": 0.3308977035,
        "operatingIncome": 286000000,
        "operatingIncomeRatio": 0.1492693111,
        "totalOtherIncomeExpensesNet": -135000000,
        "incomeBeforeTax": 286000000,
        "incomeBeforeTaxRatio": 0.1492693111,
        "incomeTaxExpense": 94000000,
        "netIncome": 192000000,
        "netIncomeRatio": 0.1002087683,
        "eps": 0.26,
        "epsdiluted": 0.26,
        "weightedAverageShsOut": 733333333,
        "weightedAverageShsOutDil": 733333333,
        "link": null,
        "finalLink": null
    },
    {
        "date": "1992-09-30",
        "symbol": "UNP",
        "reportedCurrency": "USD",
        "cik": "0000100885",
        "fillingDate": "1992-09-30",
        "acceptedDate": "1992-09-30 00:00:00",
        "calendarYear": "1992",
        "period": "Q3",
        "revenue": 1851000000,
        "costOfRevenue": 587000000,
        "grossProfit": 1264000000,
        "grossProfitRatio": 0.6828741221,
        "researchAndDevelopmentExpenses": 0,
        "generalAndAdministrativeExpenses": 0,
        "sellingAndMarketingExpenses": 0,
        "sellingGeneralAndAdministrativeExpenses": 658000000,
        "otherExpenses": 189000000,
        "operatingExpenses": 847000000,
        "costAndExpenses": 1434000000,
        "interestIncome": 0,
        "interestExpense": 0,
        "depreciationAndAmortization": -223000000,
        "ebitda": 614000000,
        "ebitdaratio": 0.3317125878,
        "operatingIncome": 285000000,
        "operatingIncomeRatio": 0.1539708266,
        "totalOtherIncomeExpensesNet": -132000000,
        "incomeBeforeTax": 285000000,
        "incomeBeforeTaxRatio": 0.1539708266,
        "incomeTaxExpense": 100000000,
        "netIncome": 185000000,
        "netIncomeRatio": 0.0999459751,
        "eps": 0.23,
        "epsdiluted": 0.23,
        "weightedAverageShsOut": 813186813,
        "weightedAverageShsOutDil": 813186813,
        "link": null,
        "finalLink": null
    },
    {
        "date": "1992-06-30",
        "symbol": "UNP",
        "reportedCurrency": "USD",
        "cik": "0000100885",
        "fillingDate": "1992-06-30",
        "acceptedDate": "1992-06-30 00:00:00",
        "calendarYear": "1992",
        "period": "Q2",
        "revenue": 1782000000,
        "costOfRevenue": 548000000,
        "grossProfit": 1234000000,
        "grossProfitRatio": 0.6924803591,
        "researchAndDevelopmentExpenses": 0,
        "generalAndAdministrativeExpenses": 0,
        "sellingAndMarketingExpenses": 0,
        "sellingGeneralAndAdministrativeExpenses": 647000000,
        "otherExpenses": 177000000,
        "operatingExpenses": 824000000,
        "costAndExpenses": 1372000000,
        "interestIncome": 0,
        "interestExpense": 0,
        "depreciationAndAmortization": -204000000,
        "ebitda": 566000000,
        "ebitdaratio": 0.317620651,
        "operatingIncome": 313000000,
        "operatingIncomeRatio": 0.1756453423,
        "totalOtherIncomeExpensesNet": -97000000,
        "incomeBeforeTax": 313000000,
        "incomeBeforeTaxRatio": 0.1756453423,
        "incomeTaxExpense": 107000000,
        "netIncome": 206000000,
        "netIncomeRatio": 0.1156004489,
        "eps": 0.25,
        "epsdiluted": 0.25,
        "weightedAverageShsOut": 815841584,
        "weightedAverageShsOutDil": 815841584,
        "link": null,
        "finalLink": null
    },
    {
        "date": "1992-03-31",
        "symbol": "UNP",
        "reportedCurrency": "USD",
        "cik": "0000100885",
        "fillingDate": "1992-03-31",
        "acceptedDate": "1992-03-31 00:00:00",
        "calendarYear": "1992",
        "period": "Q1",
        "revenue": 1745000000,
        "costOfRevenue": 571000000,
        "grossProfit": 1174000000,
        "grossProfitRatio": 0.6727793696,
        "researchAndDevelopmentExpenses": 0,
        "generalAndAdministrativeExpenses": 0,
        "sellingAndMarketingExpenses": 0,
        "sellingGeneralAndAdministrativeExpenses": 629000000,
        "otherExpenses": 162000000,
        "operatingExpenses": 791000000,
        "costAndExpenses": 1362000000,
        "interestIncome": 0,
        "interestExpense": 0,
        "depreciationAndAmortization": -206000000,
        "ebitda": 580000000,
        "ebitdaratio": 0.3323782235,
        "operatingIncome": 217000000,
        "operatingIncomeRatio": 0.1243553009,
        "totalOtherIncomeExpensesNet": -166000000,
        "incomeBeforeTax": 217000000,
        "incomeBeforeTaxRatio": 0.1243553009,
        "incomeTaxExpense": 72000000,
        "netIncome": 145000000,
        "netIncomeRatio": 0.0830945559,
        "eps": 0.18,
        "epsdiluted": 0.18,
        "weightedAverageShsOut": 816901408,
        "weightedAverageShsOutDil": 816901408,
        "link": null,
        "finalLink": null
    },
    {
        "date": "1991-12-31",
        "symbol": "UNP",
        "reportedCurrency": "USD",
        "cik": "0000100885",
        "fillingDate": "1991-12-31",
        "acceptedDate": "1991-12-31 00:00:00",
        "calendarYear": "1991",
        "period": "Q4",
        "revenue": 1801000000,
        "costOfRevenue": 604000000,
        "grossProfit": 1197000000,
        "grossProfitRatio": 0.6646307607,
        "researchAndDevelopmentExpenses": 0,
        "generalAndAdministrativeExpenses": 0,
        "sellingAndMarketingExpenses": 0,
        "sellingGeneralAndAdministrativeExpenses": 645000000,
        "otherExpenses": 124000000,
        "operatingExpenses": 769000000,
        "costAndExpenses": 1373000000,
        "interestIncome": 0,
        "interestExpense": 0,
        "depreciationAndAmortization": -173000000,
        "ebitda": 552000000,
        "ebitdaratio": 0.3064963909,
        "operatingIncome": 285000000,
        "operatingIncomeRatio": 0.1582454192,
        "totalOtherIncomeExpensesNet": -143000000,
        "incomeBeforeTax": 285000000,
        "incomeBeforeTaxRatio": 0.1582454192,
        "incomeTaxExpense": 101000000,
        "netIncome": 184000000,
        "netIncomeRatio": 0.1021654636,
        "eps": 0.23,
        "epsdiluted": 0.23,
        "weightedAverageShsOut": 816901408,
        "weightedAverageShsOutDil": 816901408,
        "link": null,
        "finalLink": null
    },
    {
        "date": "1991-09-30",
        "symbol": "UNP",
        "reportedCurrency": "USD",
        "cik": "0000100885",
        "fillingDate": "1991-09-30",
        "acceptedDate": "1991-09-30 00:00:00",
        "calendarYear": "1991",
        "period": "Q3",
        "revenue": 1743000000,
        "costOfRevenue": 562000000,
        "grossProfit": 1181000000,
        "grossProfitRatio": 0.6775674125,
        "researchAndDevelopmentExpenses": 0,
        "generalAndAdministrativeExpenses": 0,
        "sellingAndMarketingExpenses": 0,
        "sellingGeneralAndAdministrativeExpenses": 614000000,
        "otherExpenses": 142000000,
        "operatingExpenses": 756000000,
        "costAndExpenses": 1318000000,
        "interestIncome": 0,
        "interestExpense": 0,
        "depreciationAndAmortization": -189000000,
        "ebitda": 614000000,
        "ebitdaratio": 0.3522662077,
        "operatingIncome": -609000000,
        "operatingIncomeRatio": -0.3493975904,
        "totalOtherIncomeExpensesNet": -1034000000,
        "incomeBeforeTax": -609000000,
        "incomeBeforeTaxRatio": -0.3493975904,
        "incomeTaxExpense": -203000000,
        "netIncome": -406000000,
        "netIncomeRatio": -0.2329317269,
        "eps": -0.5,
        "epsdiluted": -0.5,
        "weightedAverageShsOut": 807960199,
        "weightedAverageShsOutDil": 807960199,
        "link": null,
        "finalLink": null
    },
    {
        "date": "1991-06-30",
        "symbol": "UNP",
        "reportedCurrency": "USD",
        "cik": "0000100885",
        "fillingDate": "1991-06-30",
        "acceptedDate": "1991-06-30 00:00:00",
        "calendarYear": "1991",
        "period": "Q2",
        "revenue": 1742000000,
        "costOfRevenue": 570000000,
        "grossProfit": 1172000000,
        "grossProfitRatio": 0.6727898967,
        "researchAndDevelopmentExpenses": 0,
        "generalAndAdministrativeExpenses": 0,
        "sellingAndMarketingExpenses": 0,
        "sellingGeneralAndAdministrativeExpenses": 622000000,
        "otherExpenses": 140000000,
        "operatingExpenses": 762000000,
        "costAndExpenses": 1332000000,
        "interestIncome": 0,
        "interestExpense": 0,
        "depreciationAndAmortization": -192000000,
        "ebitda": 572000000,
        "ebitdaratio": 0.328358209,
        "operatingIncome": 237000000,
        "operatingIncomeRatio": 0.1360505166,
        "totalOtherIncomeExpensesNet": -173000000,
        "incomeBeforeTax": 237000000,
        "incomeBeforeTaxRatio": 0.1360505166,
        "incomeTaxExpense": 84000000,
        "netIncome": 153000000,
        "netIncomeRatio": 0.0878300804,
        "eps": 0.19,
        "epsdiluted": 0.19,
        "weightedAverageShsOut": 805263158,
        "weightedAverageShsOutDil": 805263158,
        "link": null,
        "finalLink": null
    },
    {
        "date": "1991-03-31",
        "symbol": "UNP",
        "reportedCurrency": "USD",
        "cik": "0000100885",
        "fillingDate": "1991-03-31",
        "acceptedDate": "1991-03-31 00:00:00",
        "calendarYear": "1991",
        "period": "Q1",
        "revenue": 1743000000,
        "costOfRevenue": 582000000,
        "grossProfit": 1161000000,
        "grossProfitRatio": 0.6660929432,
        "researchAndDevelopmentExpenses": 0,
        "generalAndAdministrativeExpenses": 0,
        "sellingAndMarketingExpenses": 0,
        "sellingGeneralAndAdministrativeExpenses": 636000000,
        "otherExpenses": 144000000,
        "operatingExpenses": 780000000,
        "costAndExpenses": 1362000000,
        "interestIncome": 0,
        "interestExpense": 0,
        "depreciationAndAmortization": -194000000,
        "ebitda": 560000000,
        "ebitdaratio": 0.3212851406,
        "operatingIncome": 199000000,
        "operatingIncomeRatio": 0.1141709696,
        "totalOtherIncomeExpensesNet": -182000000,
        "incomeBeforeTax": 199000000,
        "incomeBeforeTaxRatio": 0.1141709696,
        "incomeTaxExpense": 66000000,
        "netIncome": 133000000,
        "netIncomeRatio": 0.0763052209,
        "eps": 0.17,
        "epsdiluted": 0.17,
        "weightedAverageShsOut": 806060606,
        "weightedAverageShsOutDil": 806060606,
        "link": null,
        "finalLink": null
    },
    {
        "date": "1990-12-31",
        "symbol": "UNP",
        "reportedCurrency": "USD",
        "cik": "0000100885",
        "fillingDate": "1990-12-31",
        "acceptedDate": "1990-12-31 00:00:00",
        "calendarYear": "1990",
        "period": "Q4",
        "revenue": 1601000000,
        "costOfRevenue": 433000000,
        "grossProfit": 1168000000,
        "grossProfitRatio": 0.729544035,
        "researchAndDevelopmentExpenses": 0,
        "generalAndAdministrativeExpenses": 0,
        "sellingAndMarketingExpenses": 0,
        "sellingGeneralAndAdministrativeExpenses": 633000000,
        "otherExpenses": 117000000,
        "operatingExpenses": 750000000,
        "costAndExpenses": 1183000000,
        "interestIncome": 0,
        "interestExpense": 0,
        "depreciationAndAmortization": -174000000,
        "ebitda": 542000000,
        "ebitdaratio": 0.3385384135,
        "operatingIncome": 259000000,
        "operatingIncomeRatio": 0.1617738913,
        "totalOtherIncomeExpensesNet": -159000000,
        "incomeBeforeTax": 259000000,
        "incomeBeforeTaxRatio": 0.1617738913,
        "incomeTaxExpense": 83000000,
        "netIncome": 176000000,
        "netIncomeRatio": 0.1099312929,
        "eps": 0.22,
        "epsdiluted": 0.22,
        "weightedAverageShsOut": 800000000,
        "weightedAverageShsOutDil": 806060606,
        "link": null,
        "finalLink": null
    },
    {
        "date": "1990-09-30",
        "symbol": "UNP",
        "reportedCurrency": "USD",
        "cik": "0000100885",
        "fillingDate": "1990-09-30",
        "acceptedDate": "1990-09-30 00:00:00",
        "calendarYear": "1990",
        "period": "Q3",
        "revenue": 1853000000,
        "costOfRevenue": 671000000,
        "grossProfit": 1182000000,
        "grossProfitRatio": 0.6378845116,
        "researchAndDevelopmentExpenses": 0,
        "generalAndAdministrativeExpenses": 0,
        "sellingAndMarketingExpenses": 0,
        "sellingGeneralAndAdministrativeExpenses": 636000000,
        "otherExpenses": 146000000,
        "operatingExpenses": 782000000,
        "costAndExpenses": 1453000000,
        "interestIncome": 0,
        "interestExpense": 0,
        "depreciationAndAmortization": -181000000,
        "ebitda": 564000000,
        "ebitdaratio": 0.3043712898,
        "operatingIncome": 251000000,
        "operatingIncomeRatio": 0.1354560173,
        "totalOtherIncomeExpensesNet": -149000000,
        "incomeBeforeTax": 251000000,
        "incomeBeforeTaxRatio": 0.1354560173,
        "incomeTaxExpense": 90000000,
        "netIncome": 161000000,
        "netIncomeRatio": 0.0868861306,
        "eps": 0.2,
        "epsdiluted": 0.2,
        "weightedAverageShsOut": 795061728,
        "weightedAverageShsOutDil": 795061728,
        "link": null,
        "finalLink": null
    },
    {
        "date": "1990-06-30",
        "symbol": "UNP",
        "reportedCurrency": "USD",
        "cik": "0000100885",
        "fillingDate": "1990-06-30",
        "acceptedDate": "1990-06-30 00:00:00",
        "calendarYear": "1990",
        "period": "Q2",
        "revenue": 1784000000,
        "costOfRevenue": 615000000,
        "grossProfit": 1169000000,
        "grossProfitRatio": 0.6552690583,
        "researchAndDevelopmentExpenses": 0,
        "generalAndAdministrativeExpenses": 0,
        "sellingAndMarketingExpenses": 0,
        "sellingGeneralAndAdministrativeExpenses": 629000000,
        "otherExpenses": 131000000,
        "operatingExpenses": 760000000,
        "costAndExpenses": 1375000000,
        "interestIncome": 0,
        "interestExpense": 0,
        "depreciationAndAmortization": -175000000,
        "ebitda": 572000000,
        "ebitdaratio": 0.3206278027,
        "operatingIncome": 238000000,
        "operatingIncomeRatio": 0.1334080717,
        "totalOtherIncomeExpensesNet": -171000000,
        "incomeBeforeTax": 238000000,
        "incomeBeforeTaxRatio": 0.1334080717,
        "incomeTaxExpense": 85000000,
        "netIncome": 153000000,
        "netIncomeRatio": 0.0857623318,
        "eps": 0.19,
        "epsdiluted": 0.19,
        "weightedAverageShsOut": 794805195,
        "weightedAverageShsOutDil": 794805195,
        "link": null,
        "finalLink": null
    },
    {
        "date": "1990-03-31",
        "symbol": "UNP",
        "reportedCurrency": "USD",
        "cik": "0000100885",
        "fillingDate": "1990-03-31",
        "acceptedDate": "1990-03-31 00:00:00",
        "calendarYear": "1990",
        "period": "Q1",
        "revenue": 1726000000,
        "costOfRevenue": 584000000,
        "grossProfit": 1142000000,
        "grossProfitRatio": 0.6616454229,
        "researchAndDevelopmentExpenses": 0,
        "generalAndAdministrativeExpenses": 0,
        "sellingAndMarketingExpenses": 0,
        "sellingGeneralAndAdministrativeExpenses": 647000000,
        "otherExpenses": 121000000,
        "operatingExpenses": 768000000,
        "costAndExpenses": 1352000000,
        "interestIncome": 0,
        "interestExpense": 0,
        "depreciationAndAmortization": -167000000,
        "ebitda": 525000000,
        "ebitdaratio": 0.3041714948,
        "operatingIncome": 204000000,
        "operatingIncomeRatio": 0.1181923523,
        "totalOtherIncomeExpensesNet": -170000000,
        "incomeBeforeTax": 204000000,
        "incomeBeforeTaxRatio": 0.1181923523,
        "incomeTaxExpense": 76000000,
        "netIncome": 128000000,
        "netIncomeRatio": 0.0741599073,
        "eps": 0.16,
        "epsdiluted": 0.16,
        "weightedAverageShsOut": 800000000,
        "weightedAverageShsOutDil": 800000000,
        "link": null,
        "finalLink": null
    },
    {
        "date": "1989-12-31",
        "symbol": "UNP",
        "reportedCurrency": "USD",
        "cik": "0000100885",
        "fillingDate": "1989-12-31",
        "acceptedDate": "1989-12-31 00:00:00",
        "calendarYear": "1989",
        "period": "Q4",
        "revenue": 1738000000,
        "costOfRevenue": 598000000,
        "grossProfit": 1140000000,
        "grossProfitRatio": 0.6559263521,
        "researchAndDevelopmentExpenses": 0,
        "generalAndAdministrativeExpenses": 0,
        "sellingAndMarketingExpenses": 0,
        "sellingGeneralAndAdministrativeExpenses": 618000000,
        "otherExpenses": 123000000,
        "operatingExpenses": 741000000,
        "costAndExpenses": 1339000000,
        "interestIncome": 0,
        "interestExpense": 0,
        "depreciationAndAmortization": -159000000,
        "ebitda": 532000000,
        "ebitdaratio": 0.3060989643,
        "operatingIncome": 250000000,
        "operatingIncomeRatio": 0.1438434983,
        "totalOtherIncomeExpensesNet": -149000000,
        "incomeBeforeTax": 250000000,
        "incomeBeforeTaxRatio": 0.1438434983,
        "incomeTaxExpense": 82000000,
        "netIncome": 168000000,
        "netIncomeRatio": 0.0966628308,
        "eps": 0.21,
        "epsdiluted": 0.21,
        "weightedAverageShsOut": 800000000,
        "weightedAverageShsOutDil": 800000000,
        "link": null,
        "finalLink": null
    },
    {
        "date": "1989-09-30",
        "symbol": "UNP",
        "reportedCurrency": "USD",
        "cik": "0000100885",
        "fillingDate": "1989-09-30",
        "acceptedDate": "1989-09-30 00:00:00",
        "calendarYear": "1989",
        "period": "Q3",
        "revenue": 1578000000,
        "costOfRevenue": 489000000,
        "grossProfit": 1089000000,
        "grossProfitRatio": 0.6901140684,
        "researchAndDevelopmentExpenses": 0,
        "generalAndAdministrativeExpenses": 0,
        "sellingAndMarketingExpenses": 0,
        "sellingGeneralAndAdministrativeExpenses": 612000000,
        "otherExpenses": 125000000,
        "operatingExpenses": 737000000,
        "costAndExpenses": 1226000000,
        "interestIncome": 0,
        "interestExpense": 0,
        "depreciationAndAmortization": -154000000,
        "ebitda": 479000000,
        "ebitdaratio": 0.3035487959,
        "operatingIncome": 219000000,
        "operatingIncomeRatio": 0.13878327,
        "totalOtherIncomeExpensesNet": -133000000,
        "incomeBeforeTax": 219000000,
        "incomeBeforeTaxRatio": 0.13878327,
        "incomeTaxExpense": 82000000,
        "netIncome": 137000000,
        "netIncomeRatio": 0.0868187579,
        "eps": 0.17,
        "epsdiluted": 0.17,
        "weightedAverageShsOut": 805882353,
        "weightedAverageShsOutDil": 805882353,
        "link": null,
        "finalLink": null
    },
    {
        "date": "1989-06-30",
        "symbol": "UNP",
        "reportedCurrency": "USD",
        "cik": "0000100885",
        "fillingDate": "1989-06-30",
        "acceptedDate": "1989-06-30 00:00:00",
        "calendarYear": "1989",
        "period": "Q2",
        "revenue": 1625000000,
        "costOfRevenue": 538000000,
        "grossProfit": 1087000000,
        "grossProfitRatio": 0.6689230769,
        "researchAndDevelopmentExpenses": 0,
        "generalAndAdministrativeExpenses": 0,
        "sellingAndMarketingExpenses": 0,
        "sellingGeneralAndAdministrativeExpenses": 620000000,
        "otherExpenses": 102000000,
        "operatingExpenses": 722000000,
        "costAndExpenses": 1260000000,
        "interestIncome": 0,
        "interestExpense": 0,
        "depreciationAndAmortization": 146000000,
        "ebitda": 511000000,
        "ebitdaratio": 0.3144615385,
        "operatingIncome": 211000000,
        "operatingIncomeRatio": 0.1298461538,
        "totalOtherIncomeExpensesNet": -154000000,
        "incomeBeforeTax": 211000000,
        "incomeBeforeTaxRatio": 0.1298461538,
        "incomeTaxExpense": 59000000,
        "netIncome": 152000000,
        "netIncomeRatio": 0.0935384615,
        "eps": 0.18,
        "epsdiluted": 0.18,
        "weightedAverageShsOut": 856338028,
        "weightedAverageShsOutDil": 856338028,
        "link": null,
        "finalLink": null
    },
    {
        "date": "1989-03-31",
        "symbol": "UNP",
        "reportedCurrency": "USD",
        "cik": "0000100885",
        "fillingDate": "1989-03-31",
        "acceptedDate": "1989-03-31 00:00:00",
        "calendarYear": "1989",
        "period": "Q1",
        "revenue": 1551000000,
        "costOfRevenue": 0,
        "grossProfit": 1551000000,
        "grossProfitRatio": 1,
        "researchAndDevelopmentExpenses": 0,
        "generalAndAdministrativeExpenses": 0,
        "sellingAndMarketingExpenses": 0,
        "sellingGeneralAndAdministrativeExpenses": 0,
        "otherExpenses": 0,
        "operatingExpenses": 0,
        "costAndExpenses": 0,
        "interestIncome": 0,
        "interestExpense": 1551000000,
        "depreciationAndAmortization": -1413000000,
        "ebitda": 1551000000,
        "ebitdaratio": 1,
        "operatingIncome": 1551000000,
        "operatingIncomeRatio": 1,
        "totalOtherIncomeExpensesNet": -1413000000,
        "incomeBeforeTax": 138000000,
        "incomeBeforeTaxRatio": 0.0889748549,
        "incomeTaxExpense": 0,
        "netIncome": 138000000,
        "netIncomeRatio": 0.0889748549,
        "eps": 0.15,
        "epsdiluted": 0.15,
        "weightedAverageShsOut": 904918033,
        "weightedAverageShsOutDil": 904918033,
        "link": null,
        "finalLink": null
    },
    {
        "date": "1988-12-31",
        "symbol": "UNP",
        "reportedCurrency": "USD",
        "cik": "0000100885",
        "fillingDate": "1988-12-31",
        "acceptedDate": "1988-12-31 00:00:00",
        "calendarYear": "1988",
        "period": "Q4",
        "revenue": 1165500000,
        "costOfRevenue": 0,
        "grossProfit": 1165500000,
        "grossProfitRatio": 1,
        "researchAndDevelopmentExpenses": 0,
        "generalAndAdministrativeExpenses": 0,
        "sellingAndMarketingExpenses": 0,
        "sellingGeneralAndAdministrativeExpenses": 0,
        "otherExpenses": -4576000000,
        "operatingExpenses": -4576000000,
        "costAndExpenses": -4576000000,
        "interestIncome": 0,
        "interestExpense": 0,
        "depreciationAndAmortization": 3598100000,
        "ebitda": -3410500000,
        "ebitdaratio": -2.9262119262,
        "operatingIncome": -3410500000,
        "operatingIncomeRatio": -2.9262119262,
        "totalOtherIncomeExpensesNet": 3410500000,
        "incomeBeforeTax": 187600000,
        "incomeBeforeTaxRatio": 0.160960961,
        "incomeTaxExpense": -187600000,
        "netIncome": 187600000,
        "netIncomeRatio": 0.160960961,
        "eps": 0.21,
        "epsdiluted": 0.21,
        "weightedAverageShsOut": 904918033,
        "weightedAverageShsOutDil": 904918033,
        "link": null,
        "finalLink": null
    },
    {
        "date": "1988-09-30",
        "symbol": "UNP",
        "reportedCurrency": "USD",
        "cik": "0000100885",
        "fillingDate": "1988-09-30",
        "acceptedDate": "1988-09-30 00:00:00",
        "calendarYear": "1988",
        "period": "Q3",
        "revenue": 1680700000,
        "costOfRevenue": 0,
        "grossProfit": 1680700000,
        "grossProfitRatio": 1,
        "researchAndDevelopmentExpenses": 0,
        "generalAndAdministrativeExpenses": 0,
        "sellingAndMarketingExpenses": 0,
        "sellingGeneralAndAdministrativeExpenses": 0,
        "otherExpenses": 0,
        "operatingExpenses": 0,
        "costAndExpenses": 0,
        "interestIncome": 0,
        "interestExpense": 1680700000,
        "depreciationAndAmortization": -1515700000,
        "ebitda": 1680700000,
        "ebitdaratio": 1,
        "operatingIncome": 1680700000,
        "operatingIncomeRatio": 1,
        "totalOtherIncomeExpensesNet": -1515700000,
        "incomeBeforeTax": 165000000,
        "incomeBeforeTaxRatio": 0.0981733801,
        "incomeTaxExpense": 0,
        "netIncome": 165000000,
        "netIncomeRatio": 0.0981733801,
        "eps": 0.18,
        "epsdiluted": 0.18,
        "weightedAverageShsOut": 916666667,
        "weightedAverageShsOutDil": 916666667,
        "link": null,
        "finalLink": null
    },
    {
        "date": "1988-06-30",
        "symbol": "UNP",
        "reportedCurrency": "USD",
        "cik": "0000100885",
        "fillingDate": "1988-06-30",
        "acceptedDate": "1988-06-30 00:00:00",
        "calendarYear": "1988",
        "period": "Q2",
        "revenue": 1605800000,
        "costOfRevenue": 0,
        "grossProfit": 1605800000,
        "grossProfitRatio": 1,
        "researchAndDevelopmentExpenses": 0,
        "generalAndAdministrativeExpenses": 0,
        "sellingAndMarketingExpenses": 0,
        "sellingGeneralAndAdministrativeExpenses": 0,
        "otherExpenses": 0,
        "operatingExpenses": 0,
        "costAndExpenses": 0,
        "interestIncome": 0,
        "interestExpense": 1605800000,
        "depreciationAndAmortization": -1452200000,
        "ebitda": 1605800000,
        "ebitdaratio": 1,
        "operatingIncome": 1605800000,
        "operatingIncomeRatio": 1,
        "totalOtherIncomeExpensesNet": -1452200000,
        "incomeBeforeTax": 153600000,
        "incomeBeforeTaxRatio": 0.0956532569,
        "incomeTaxExpense": 0,
        "netIncome": 153600000,
        "netIncomeRatio": 0.0956532569,
        "eps": 0.17,
        "epsdiluted": 0.17,
        "weightedAverageShsOut": 903529412,
        "weightedAverageShsOutDil": 903529412,
        "link": null,
        "finalLink": null
    },
    {
        "date": "1988-03-31",
        "symbol": "UNP",
        "reportedCurrency": "USD",
        "cik": "0000100885",
        "fillingDate": "1988-03-31",
        "acceptedDate": "1988-03-31 00:00:00",
        "calendarYear": "1988",
        "period": "Q1",
        "revenue": 1568500000,
        "costOfRevenue": 0,
        "grossProfit": 1568500000,
        "grossProfitRatio": 1,
        "researchAndDevelopmentExpenses": 0,
        "generalAndAdministrativeExpenses": 0,
        "sellingAndMarketingExpenses": 0,
        "sellingGeneralAndAdministrativeExpenses": 0,
        "otherExpenses": 0,
        "operatingExpenses": 0,
        "costAndExpenses": 0,
        "interestIncome": 0,
        "interestExpense": 1568500000,
        "depreciationAndAmortization": -1430700000,
        "ebitda": 1568500000,
        "ebitdaratio": 1,
        "operatingIncome": 1568500000,
        "operatingIncomeRatio": 1,
        "totalOtherIncomeExpensesNet": -1430700000,
        "incomeBeforeTax": 137800000,
        "incomeBeforeTaxRatio": 0.0878546382,
        "incomeTaxExpense": 0,
        "netIncome": 137800000,
        "netIncomeRatio": 0.0878546382,
        "eps": 0.15,
        "epsdiluted": 0.15,
        "weightedAverageShsOut": 903606557,
        "weightedAverageShsOutDil": 903606557,
        "link": null,
        "finalLink": null
    },
    {
        "date": "1987-12-31",
        "symbol": "UNP",
        "reportedCurrency": "USD",
        "cik": "0000100885",
        "fillingDate": "1987-12-31",
        "acceptedDate": "1987-12-31 00:00:00",
        "calendarYear": "1987",
        "period": "Q4",
        "revenue": 1528000000,
        "costOfRevenue": 0,
        "grossProfit": 1528000000,
        "grossProfitRatio": 1,
        "researchAndDevelopmentExpenses": 0,
        "generalAndAdministrativeExpenses": 0,
        "sellingAndMarketingExpenses": 0,
        "sellingGeneralAndAdministrativeExpenses": 0,
        "otherExpenses": -3640000000,
        "operatingExpenses": -3640000000,
        "costAndExpenses": -3640000000,
        "interestIncome": 0,
        "interestExpense": 0,
        "depreciationAndAmortization": 2275000000,
        "ebitda": -2112000000,
        "ebitdaratio": -1.3821989529,
        "operatingIncome": -2112000000,
        "operatingIncomeRatio": -1.3821989529,
        "totalOtherIncomeExpensesNet": 2112000000,
        "incomeBeforeTax": 163000000,
        "incomeBeforeTaxRatio": 0.1066753927,
        "incomeTaxExpense": -163000000,
        "netIncome": 163000000,
        "netIncomeRatio": 0.1066753927,
        "eps": 0.18,
        "epsdiluted": 0.18,
        "weightedAverageShsOut": 903606557,
        "weightedAverageShsOutDil": 903606557,
        "link": null,
        "finalLink": null
    },
    {
        "date": "1987-09-30",
        "symbol": "UNP",
        "reportedCurrency": "USD",
        "cik": "0000100885",
        "fillingDate": "1987-09-30",
        "acceptedDate": "1987-09-30 00:00:00",
        "calendarYear": "1987",
        "period": "Q3",
        "revenue": 1513000000,
        "costOfRevenue": 0,
        "grossProfit": 1513000000,
        "grossProfitRatio": 1,
        "researchAndDevelopmentExpenses": 0,
        "generalAndAdministrativeExpenses": 0,
        "sellingAndMarketingExpenses": 0,
        "sellingGeneralAndAdministrativeExpenses": 0,
        "otherExpenses": 0,
        "operatingExpenses": 0,
        "costAndExpenses": 0,
        "interestIncome": 0,
        "interestExpense": 1513000000,
        "depreciationAndAmortization": -1358000000,
        "ebitda": 1513000000,
        "ebitdaratio": 1,
        "operatingIncome": 1513000000,
        "operatingIncomeRatio": 1,
        "totalOtherIncomeExpensesNet": -1358000000,
        "incomeBeforeTax": 155000000,
        "incomeBeforeTaxRatio": 0.1024454726,
        "incomeTaxExpense": 0,
        "netIncome": 155000000,
        "netIncomeRatio": 0.1024454726,
        "eps": 0.17,
        "epsdiluted": 0.17,
        "weightedAverageShsOut": 911764706,
        "weightedAverageShsOutDil": 911764706,
        "link": null,
        "finalLink": null
    },
    {
        "date": "1987-06-30",
        "symbol": "UNP",
        "reportedCurrency": "USD",
        "cik": "0000100885",
        "fillingDate": "1987-06-30",
        "acceptedDate": "1987-06-30 00:00:00",
        "calendarYear": "1987",
        "period": "Q2",
        "revenue": 1475000000,
        "costOfRevenue": 0,
        "grossProfit": 1475000000,
        "grossProfitRatio": 1,
        "researchAndDevelopmentExpenses": 0,
        "generalAndAdministrativeExpenses": 0,
        "sellingAndMarketingExpenses": 0,
        "sellingGeneralAndAdministrativeExpenses": 0,
        "otherExpenses": 0,
        "operatingExpenses": 0,
        "costAndExpenses": 0,
        "interestIncome": 0,
        "interestExpense": 1475000000,
        "depreciationAndAmortization": -1332000000,
        "ebitda": 1475000000,
        "ebitdaratio": 1,
        "operatingIncome": 1475000000,
        "operatingIncomeRatio": 1,
        "totalOtherIncomeExpensesNet": -1332000000,
        "incomeBeforeTax": 143000000,
        "incomeBeforeTaxRatio": 0.0969491525,
        "incomeTaxExpense": 0,
        "netIncome": 143000000,
        "netIncomeRatio": 0.0969491525,
        "eps": 0.16,
        "epsdiluted": 0.16,
        "weightedAverageShsOut": 907936508,
        "weightedAverageShsOutDil": 907936508,
        "link": null,
        "finalLink": null
    },
    {
        "date": "1987-03-31",
        "symbol": "UNP",
        "reportedCurrency": "USD",
        "cik": "0000100885",
        "fillingDate": "1987-03-31",
        "acceptedDate": "1987-03-31 00:00:00",
        "calendarYear": "1987",
        "period": "Q1",
        "revenue": 1427000000,
        "costOfRevenue": 0,
        "grossProfit": 1427000000,
        "grossProfitRatio": 1,
        "researchAndDevelopmentExpenses": 0,
        "generalAndAdministrativeExpenses": 0,
        "sellingAndMarketingExpenses": 0,
        "sellingGeneralAndAdministrativeExpenses": 0,
        "otherExpenses": 0,
        "operatingExpenses": 0,
        "costAndExpenses": 0,
        "interestIncome": 0,
        "interestExpense": 1427000000,
        "depreciationAndAmortization": -1305000000,
        "ebitda": 1427000000,
        "ebitdaratio": 1,
        "operatingIncome": 1427000000,
        "operatingIncomeRatio": 1,
        "totalOtherIncomeExpensesNet": -1305000000,
        "incomeBeforeTax": 122000000,
        "incomeBeforeTaxRatio": 0.0854940434,
        "incomeTaxExpense": 0,
        "netIncome": 122000000,
        "netIncomeRatio": 0.0854940434,
        "eps": 0.13,
        "epsdiluted": 0.13,
        "weightedAverageShsOut": 903703704,
        "weightedAverageShsOutDil": 903703704,
        "link": null,
        "finalLink": null
    },
    {
        "date": "1986-12-31",
        "symbol": "UNP",
        "reportedCurrency": "USD",
        "cik": "0000100885",
        "fillingDate": "1986-12-31",
        "acceptedDate": "1986-12-31 00:00:00",
        "calendarYear": "1986",
        "period": "Q4",
        "revenue": 1613700000,
        "costOfRevenue": 0,
        "grossProfit": 1613700000,
        "grossProfitRatio": 1,
        "researchAndDevelopmentExpenses": 0,
        "generalAndAdministrativeExpenses": 0,
        "sellingAndMarketingExpenses": 0,
        "sellingGeneralAndAdministrativeExpenses": 0,
        "otherExpenses": -4366000000,
        "operatingExpenses": -4366000000,
        "costAndExpenses": -4366000000,
        "interestIncome": 0,
        "interestExpense": 0,
        "depreciationAndAmortization": 1936900000,
        "ebitda": -2752300000,
        "ebitdaratio": -1.7055834418,
        "operatingIncome": -2752300000,
        "operatingIncomeRatio": -1.7055834418,
        "totalOtherIncomeExpensesNet": 1936900000,
        "incomeBeforeTax": -815400000,
        "incomeBeforeTaxRatio": -0.5052983826,
        "incomeTaxExpense": 815400000,
        "netIncome": -815400000,
        "netIncomeRatio": -0.5052983826,
        "eps": -0.9,
        "epsdiluted": -0.9,
        "weightedAverageShsOut": 903703704,
        "weightedAverageShsOutDil": 903703704,
        "link": null,
        "finalLink": null
    },
    {
        "date": "1986-09-30",
        "symbol": "UNP",
        "reportedCurrency": "USD",
        "cik": "0000100885",
        "fillingDate": "1986-09-30",
        "acceptedDate": "1986-09-30 00:00:00",
        "calendarYear": "1986",
        "period": "Q3",
        "revenue": 1565700000,
        "costOfRevenue": 0,
        "grossProfit": 1565700000,
        "grossProfitRatio": 1,
        "researchAndDevelopmentExpenses": 0,
        "generalAndAdministrativeExpenses": 0,
        "sellingAndMarketingExpenses": 0,
        "sellingGeneralAndAdministrativeExpenses": 0,
        "otherExpenses": 0,
        "operatingExpenses": 0,
        "costAndExpenses": 0,
        "interestIncome": 0,
        "interestExpense": 1565700000,
        "depreciationAndAmortization": -1445300000,
        "ebitda": 1565700000,
        "ebitdaratio": 1,
        "operatingIncome": 1565700000,
        "operatingIncomeRatio": 1,
        "totalOtherIncomeExpensesNet": -1445300000,
        "incomeBeforeTax": 120400000,
        "incomeBeforeTaxRatio": 0.0768985118,
        "incomeTaxExpense": 0,
        "netIncome": 120400000,
        "netIncomeRatio": 0.0768985118,
        "eps": 0.13,
        "epsdiluted": 0.13,
        "weightedAverageShsOut": 944313725,
        "weightedAverageShsOutDil": 944313725,
        "link": null,
        "finalLink": null
    },
    {
        "date": "1986-06-30",
        "symbol": "UNP",
        "reportedCurrency": "USD",
        "cik": "0000100885",
        "fillingDate": "1986-06-30",
        "acceptedDate": "1986-06-30 00:00:00",
        "calendarYear": "1986",
        "period": "Q2",
        "revenue": 1596200000,
        "costOfRevenue": 0,
        "grossProfit": 1596200000,
        "grossProfitRatio": 1,
        "researchAndDevelopmentExpenses": 0,
        "generalAndAdministrativeExpenses": 0,
        "sellingAndMarketingExpenses": 0,
        "sellingGeneralAndAdministrativeExpenses": 0,
        "otherExpenses": 0,
        "operatingExpenses": 0,
        "costAndExpenses": 0,
        "interestIncome": 0,
        "interestExpense": 1596200000,
        "depreciationAndAmortization": -2431000000,
        "ebitda": 1596200000,
        "ebitdaratio": 1,
        "operatingIncome": 1596200000,
        "operatingIncomeRatio": 1,
        "totalOtherIncomeExpensesNet": -2431000000,
        "incomeBeforeTax": -834800000,
        "incomeBeforeTaxRatio": -0.5229921063,
        "incomeTaxExpense": 0,
        "netIncome": -834800000,
        "netIncomeRatio": -0.5229921063,
        "eps": -0.98,
        "epsdiluted": -0.98,
        "weightedAverageShsOut": 854015345,
        "weightedAverageShsOutDil": 854015345,
        "link": null,
        "finalLink": null
    },
    {
        "date": "1986-03-31",
        "symbol": "UNP",
        "reportedCurrency": "USD",
        "cik": "0000100885",
        "fillingDate": "1986-03-31",
        "acceptedDate": "1986-03-31 00:00:00",
        "calendarYear": "1986",
        "period": "Q1",
        "revenue": 1835600000,
        "costOfRevenue": 0,
        "grossProfit": 1835600000,
        "grossProfitRatio": 1,
        "researchAndDevelopmentExpenses": 0,
        "generalAndAdministrativeExpenses": 0,
        "sellingAndMarketingExpenses": 0,
        "sellingGeneralAndAdministrativeExpenses": 0,
        "otherExpenses": 0,
        "operatingExpenses": 0,
        "costAndExpenses": 0,
        "interestIncome": 0,
        "interestExpense": 1835600000,
        "depreciationAndAmortization": -1732500000,
        "ebitda": 1835600000,
        "ebitdaratio": 1,
        "operatingIncome": 1835600000,
        "operatingIncomeRatio": 1,
        "totalOtherIncomeExpensesNet": -1732500000,
        "incomeBeforeTax": 103100000,
        "incomeBeforeTaxRatio": 0.0561669209,
        "incomeTaxExpense": 0,
        "netIncome": 103100000,
        "netIncomeRatio": 0.0561669209,
        "eps": 0.11,
        "epsdiluted": 0.11,
        "weightedAverageShsOut": 937272727,
        "weightedAverageShsOutDil": 937272727,
        "link": null,
        "finalLink": null
    },
    {
        "date": "1985-12-31",
        "symbol": "UNP",
        "reportedCurrency": "USD",
        "cik": "0000100885",
        "fillingDate": "1985-12-31",
        "acceptedDate": "1985-12-31 00:00:00",
        "calendarYear": "1985",
        "period": "Q4",
        "revenue": 2025000000,
        "costOfRevenue": 0,
        "grossProfit": 2025000000,
        "grossProfitRatio": 1,
        "researchAndDevelopmentExpenses": 0,
        "generalAndAdministrativeExpenses": 0,
        "sellingAndMarketingExpenses": 0,
        "sellingGeneralAndAdministrativeExpenses": 0,
        "otherExpenses": -6592000000,
        "operatingExpenses": -6592000000,
        "costAndExpenses": -6592000000,
        "interestIncome": 0,
        "interestExpense": 0,
        "depreciationAndAmortization": 4703000000,
        "ebitda": -4567000000,
        "ebitdaratio": -2.255308642,
        "operatingIncome": -4567000000,
        "operatingIncomeRatio": -2.255308642,
        "totalOtherIncomeExpensesNet": 4703000000,
        "incomeBeforeTax": 136000000,
        "incomeBeforeTaxRatio": 0.0671604938,
        "incomeTaxExpense": 0,
        "netIncome": 136000000,
        "netIncomeRatio": 0.0671604938,
        "eps": 0.15,
        "epsdiluted": 0.15,
        "weightedAverageShsOut": 937272727,
        "weightedAverageShsOutDil": 937272727,
        "link": null,
        "finalLink": null
    },
    {
        "date": "1985-09-30",
        "symbol": "UNP",
        "reportedCurrency": "USD",
        "cik": "0000100885",
        "fillingDate": "1985-09-30",
        "acceptedDate": "1985-09-30 00:00:00",
        "calendarYear": "1985",
        "period": "Q3",
        "revenue": 1904000000,
        "costOfRevenue": 0,
        "grossProfit": 1904000000,
        "grossProfitRatio": 1,
        "researchAndDevelopmentExpenses": 0,
        "generalAndAdministrativeExpenses": 0,
        "sellingAndMarketingExpenses": 0,
        "sellingGeneralAndAdministrativeExpenses": 0,
        "otherExpenses": 0,
        "operatingExpenses": 0,
        "costAndExpenses": 0,
        "interestIncome": 0,
        "interestExpense": 1904000000,
        "depreciationAndAmortization": -1784000000,
        "ebitda": 1904000000,
        "ebitdaratio": 1,
        "operatingIncome": 1904000000,
        "operatingIncomeRatio": 1,
        "totalOtherIncomeExpensesNet": -1784000000,
        "incomeBeforeTax": 120000000,
        "incomeBeforeTaxRatio": 0.0630252101,
        "incomeTaxExpense": 0,
        "netIncome": 120000000,
        "netIncomeRatio": 0.0630252101,
        "eps": 0.13,
        "epsdiluted": 0.13,
        "weightedAverageShsOut": 941176471,
        "weightedAverageShsOutDil": 941176471,
        "link": null,
        "finalLink": null
    }
]