[
    {
        "date": "2025-06-30",
        "symbol": "USBC",
        "reportedCurrency": "USD",
        "cik": "0001074828",
        "fillingDate": "2025-08-05",
        "acceptedDate": "2025-08-05 16:02:19",
        "calendarYear": "2025",
        "period": "Q3",
        "revenue": 0,
        "costOfRevenue": 35208,
        "grossProfit": -35208,
        "grossProfitRatio": 0,
        "researchAndDevelopmentExpenses": 238612,
        "generalAndAdministrativeExpenses": 0,
        "sellingAndMarketingExpenses": 0,
        "sellingGeneralAndAdministrativeExpenses": 1015733,
        "otherExpenses": -35208,
        "operatingExpenses": 1219137,
        "costAndExpenses": 1254345,
        "interestIncome": 1409,
        "interestExpense": 275665,
        "depreciationAndAmortization": 35208,
        "ebitda": -1217728,
        "ebitdaratio": 0,
        "operatingIncome": -1254345,
        "operatingIncomeRatio": 0,
        "totalOtherIncomeExpensesNet": -274256,
        "incomeBeforeTax": -1528601,
        "incomeBeforeTaxRatio": 0,
        "incomeTaxExpense": 0,
        "netIncome": -1528601,
        "netIncomeRatio": 0,
        "eps": -0.55,
        "epsdiluted": -0.55,
        "weightedAverageShsOut": 6716252,
        "weightedAverageShsOutDil": 6716252,
        "link": "https://www.sec.gov/Archives/edgar/data/1074828/000165495425009047/0001654954-25-009047-index.htm",
        "finalLink": "https://www.sec.gov/Archives/edgar/data/1074828/000165495425009047/knwn_10q.htm"
    },
    {
        "date": "2025-03-31",
        "symbol": "USBC",
        "reportedCurrency": "USD",
        "cik": "0001074828",
        "fillingDate": "2025-05-14",
        "acceptedDate": "2025-05-14 16:24:08",
        "calendarYear": "2025",
        "period": "Q2",
        "revenue": 0,
        "costOfRevenue": 34826,
        "grossProfit": -34826,
        "grossProfitRatio": 0,
        "researchAndDevelopmentExpenses": 418207,
        "generalAndAdministrativeExpenses": 0,
        "sellingAndMarketingExpenses": 0,
        "sellingGeneralAndAdministrativeExpenses": 1789315,
        "otherExpenses": 0,
        "operatingExpenses": 2207522,
        "costAndExpenses": 2207522,
        "interestIncome": 2531,
        "interestExpense": 1374045,
        "depreciationAndAmortization": 34826,
        "ebitda": -2170165,
        "ebitdaratio": 0,
        "operatingIncome": -2207522,
        "operatingIncomeRatio": 0,
        "totalOtherIncomeExpensesNet": -1371514,
        "incomeBeforeTax": -3579036,
        "incomeBeforeTaxRatio": 0,
        "incomeTaxExpense": 0,
        "netIncome": -3579036,
        "netIncomeRatio": 0,
        "eps": -1.24,
        "epsdiluted": -1.24,
        "weightedAverageShsOut": 2909985,
        "weightedAverageShsOutDil": 2909985,
        "link": "https://www.sec.gov/Archives/edgar/data/1074828/000165495425005607/0001654954-25-005607-index.htm",
        "finalLink": "https://www.sec.gov/Archives/edgar/data/1074828/000165495425005607/knwn_10q.htm"
    },
    {
        "date": "2024-12-31",
        "symbol": "USBC",
        "reportedCurrency": "USD",
        "cik": "0001074828",
        "fillingDate": "2025-02-14",
        "acceptedDate": "2025-02-14 16:00:57",
        "calendarYear": "2025",
        "period": "Q1",
        "revenue": 0,
        "costOfRevenue": 38575,
        "grossProfit": -38575,
        "grossProfitRatio": 0,
        "researchAndDevelopmentExpenses": 802102,
        "generalAndAdministrativeExpenses": 0,
        "sellingAndMarketingExpenses": 0,
        "sellingGeneralAndAdministrativeExpenses": 1965133,
        "otherExpenses": 0,
        "operatingExpenses": 2767235,
        "costAndExpenses": 2767235,
        "interestIncome": 13824,
        "interestExpense": 1183799,
        "depreciationAndAmortization": 38575,
        "ebitda": -3443134,
        "ebitdaratio": 0,
        "operatingIncome": -2767235,
        "operatingIncomeRatio": 0,
        "totalOtherIncomeExpensesNet": -1898273,
        "incomeBeforeTax": -4665508,
        "incomeBeforeTaxRatio": 0,
        "incomeTaxExpense": 0,
        "netIncome": -4665508,
        "netIncomeRatio": 0,
        "eps": -1.73,
        "epsdiluted": -1.73,
        "weightedAverageShsOut": 2711712,
        "weightedAverageShsOutDil": 2711712,
        "link": "https://www.sec.gov/Archives/edgar/data/1074828/000165495425001575/0001654954-25-001575-index.htm",
        "finalLink": "https://www.sec.gov/Archives/edgar/data/1074828/000165495425001575/knwn_10q.htm"
    },
    {
        "date": "2024-09-30",
        "symbol": "USBC",
        "reportedCurrency": "USD",
        "cik": "0001074828",
        "fillingDate": "2024-11-14",
        "acceptedDate": "2024-11-14 17:12:44",
        "calendarYear": "2024",
        "period": "Q4",
        "revenue": 0,
        "costOfRevenue": 96034,
        "grossProfit": -96034,
        "grossProfitRatio": 0,
        "researchAndDevelopmentExpenses": 1103503,
        "generalAndAdministrativeExpenses": 0,
        "sellingAndMarketingExpenses": 0,
        "sellingGeneralAndAdministrativeExpenses": 2083859,
        "otherExpenses": 0,
        "operatingExpenses": 3187362,
        "costAndExpenses": 3187362,
        "interestIncome": 28376,
        "interestExpense": 474824,
        "depreciationAndAmortization": 48511,
        "ebitda": -3110475,
        "ebitdaratio": 0,
        "operatingIncome": -3187362,
        "operatingIncomeRatio": 0,
        "totalOtherIncomeExpensesNet": -446448,
        "incomeBeforeTax": -3633810,
        "incomeBeforeTaxRatio": 0,
        "incomeTaxExpense": 0,
        "netIncome": -3633810,
        "netIncomeRatio": 0,
        "eps": -1.45,
        "epsdiluted": -1.45,
        "weightedAverageShsOut": 2536317,
        "weightedAverageShsOutDil": 2536317,
        "link": "https://www.sec.gov/Archives/edgar/data/1074828/000165495424014480/0001654954-24-014480-index.htm",
        "finalLink": "https://www.sec.gov/Archives/edgar/data/1074828/000165495424014480/knwn_10k.htm"
    },
    {
        "date": "2024-06-30",
        "symbol": "USBC",
        "reportedCurrency": "USD",
        "cik": "0001074828",
        "fillingDate": "2024-08-14",
        "acceptedDate": "2024-08-14 16:00:35",
        "calendarYear": "2024",
        "period": "Q3",
        "revenue": 0,
        "costOfRevenue": 94897,
        "grossProfit": -94897,
        "grossProfitRatio": 0,
        "researchAndDevelopmentExpenses": 1348985,
        "generalAndAdministrativeExpenses": 0,
        "sellingAndMarketingExpenses": 0,
        "sellingGeneralAndAdministrativeExpenses": 2486846,
        "otherExpenses": 0,
        "operatingExpenses": 3835831,
        "costAndExpenses": 3835831,
        "interestIncome": 30619,
        "interestExpense": 298248,
        "depreciationAndAmortization": 47374,
        "ebitda": -3757838,
        "ebitdaratio": 0,
        "operatingIncome": -3835831,
        "operatingIncomeRatio": 0,
        "totalOtherIncomeExpensesNet": -267629,
        "incomeBeforeTax": -4103460,
        "incomeBeforeTaxRatio": 0,
        "incomeTaxExpense": 0,
        "netIncome": -4103460,
        "netIncomeRatio": 0,
        "eps": -2.02,
        "epsdiluted": -2.02,
        "weightedAverageShsOut": 2075972,
        "weightedAverageShsOutDil": 2075972,
        "link": "https://www.sec.gov/Archives/edgar/data/1074828/000165495424010633/0001654954-24-010633-index.htm",
        "finalLink": "https://www.sec.gov/Archives/edgar/data/1074828/000165495424010633/knwn_10q.htm"
    },
    {
        "date": "2024-03-31",
        "symbol": "USBC",
        "reportedCurrency": "USD",
        "cik": "0001074828",
        "fillingDate": "2024-05-15",
        "acceptedDate": "2024-05-15 16:17:24",
        "calendarYear": "2024",
        "period": "Q2",
        "revenue": 0,
        "costOfRevenue": 108035,
        "grossProfit": -108035,
        "grossProfitRatio": 0,
        "researchAndDevelopmentExpenses": 2156583,
        "generalAndAdministrativeExpenses": 0,
        "sellingAndMarketingExpenses": 0,
        "sellingGeneralAndAdministrativeExpenses": 2461475,
        "otherExpenses": 0,
        "operatingExpenses": 4618058,
        "costAndExpenses": 4726093,
        "interestIncome": 45243,
        "interestExpense": 716814,
        "depreciationAndAmortization": 108035,
        "ebitda": -4572815,
        "ebitdaratio": 0,
        "operatingIncome": -4726093,
        "operatingIncomeRatio": 0,
        "totalOtherIncomeExpensesNet": -671571,
        "incomeBeforeTax": -5397664,
        "incomeBeforeTaxRatio": 0,
        "incomeTaxExpense": 0,
        "netIncome": -5397664,
        "netIncomeRatio": 0,
        "eps": -2.69,
        "epsdiluted": -2.69,
        "weightedAverageShsOut": 2044153,
        "weightedAverageShsOutDil": 2044153,
        "link": "https://www.sec.gov/Archives/edgar/data/1074828/000165495424006410/0001654954-24-006410-index.htm",
        "finalLink": "https://www.sec.gov/Archives/edgar/data/1074828/000165495424006410/knwn_10q.htm"
    },
    {
        "date": "2023-12-31",
        "symbol": "USBC",
        "reportedCurrency": "USD",
        "cik": "0001074828",
        "fillingDate": "2024-02-14",
        "acceptedDate": "2024-02-14 16:17:44",
        "calendarYear": "2024",
        "period": "Q1",
        "revenue": 0,
        "costOfRevenue": 18724,
        "grossProfit": -18724,
        "grossProfitRatio": 0,
        "researchAndDevelopmentExpenses": 1468600,
        "generalAndAdministrativeExpenses": 0,
        "sellingAndMarketingExpenses": 0,
        "sellingGeneralAndAdministrativeExpenses": 2010310,
        "otherExpenses": 0,
        "operatingExpenses": 3478910,
        "costAndExpenses": 3497634,
        "interestIncome": 51010,
        "interestExpense": 23437,
        "depreciationAndAmortization": 18724,
        "ebitda": -3427900,
        "ebitdaratio": 0,
        "operatingIncome": -3497634,
        "operatingIncomeRatio": 0,
        "totalOtherIncomeExpensesNet": 51010,
        "incomeBeforeTax": -3446624,
        "incomeBeforeTaxRatio": 0,
        "incomeTaxExpense": 0,
        "netIncome": -3446624,
        "netIncomeRatio": 0,
        "eps": -1.73,
        "epsdiluted": -1.73,
        "weightedAverageShsOut": 2027350,
        "weightedAverageShsOutDil": 2027350,
        "link": "https://www.sec.gov/Archives/edgar/data/1074828/000165495424001790/0001654954-24-001790-index.htm",
        "finalLink": "https://www.sec.gov/Archives/edgar/data/1074828/000165495424001790/knwn_10q.htm"
    },
    {
        "date": "2023-09-30",
        "symbol": "USBC",
        "reportedCurrency": "USD",
        "cik": "0001074828",
        "fillingDate": "2023-12-19",
        "acceptedDate": "2023-12-19 16:03:19",
        "calendarYear": "2023",
        "period": "Q4",
        "revenue": 0,
        "costOfRevenue": 53478,
        "grossProfit": -53478,
        "grossProfitRatio": 0,
        "researchAndDevelopmentExpenses": 1492731,
        "generalAndAdministrativeExpenses": 0,
        "sellingAndMarketingExpenses": 0,
        "sellingGeneralAndAdministrativeExpenses": 784286,
        "otherExpenses": 0,
        "operatingExpenses": 2277017,
        "costAndExpenses": 2330495,
        "interestIncome": 12820,
        "interestExpense": 0,
        "depreciationAndAmortization": 53478,
        "ebitda": -2882702,
        "ebitdaratio": 0,
        "operatingIncome": -2330495,
        "operatingIncomeRatio": 0,
        "totalOtherIncomeExpensesNet": -605684,
        "incomeBeforeTax": -2936179,
        "incomeBeforeTaxRatio": 0,
        "incomeTaxExpense": 0,
        "netIncome": -2936179,
        "netIncomeRatio": 0,
        "eps": -2.24,
        "epsdiluted": -2.24,
        "weightedAverageShsOut": 1394937,
        "weightedAverageShsOutDil": 1394937,
        "link": "https://www.sec.gov/Archives/edgar/data/1074828/000165495423015760/0001654954-23-015760-index.htm",
        "finalLink": "https://www.sec.gov/Archives/edgar/data/1074828/000165495423015760/knwn_10k.htm"
    },
    {
        "date": "2023-06-30",
        "symbol": "USBC",
        "reportedCurrency": "USD",
        "cik": "0001074828",
        "fillingDate": "2023-08-14",
        "acceptedDate": "2023-08-14 16:47:57",
        "calendarYear": "2023",
        "period": "Q3",
        "revenue": 0,
        "costOfRevenue": 54447,
        "grossProfit": -54447,
        "grossProfitRatio": 0,
        "researchAndDevelopmentExpenses": 1827795,
        "generalAndAdministrativeExpenses": 0,
        "sellingAndMarketingExpenses": 0,
        "sellingGeneralAndAdministrativeExpenses": 1357059,
        "otherExpenses": 0,
        "operatingExpenses": 3184854,
        "costAndExpenses": 3239301,
        "interestIncome": 23511,
        "interestExpense": 0,
        "depreciationAndAmortization": 54447,
        "ebitda": -3545483,
        "ebitdaratio": 0,
        "operatingIncome": -3239301,
        "operatingIncomeRatio": 0,
        "totalOtherIncomeExpensesNet": -360626,
        "incomeBeforeTax": -3599927,
        "incomeBeforeTaxRatio": 0,
        "incomeTaxExpense": 0,
        "netIncome": -3599927,
        "netIncomeRatio": 0,
        "eps": -7,
        "epsdiluted": -7,
        "weightedAverageShsOut": 1223222,
        "weightedAverageShsOutDil": 1223222,
        "link": "https://www.sec.gov/Archives/edgar/data/1074828/000165495423010781/0001654954-23-010781-index.htm",
        "finalLink": "https://www.sec.gov/Archives/edgar/data/1074828/000165495423010781/knwn_10q.htm"
    },
    {
        "date": "2023-03-31",
        "symbol": "USBC",
        "reportedCurrency": "USD",
        "cik": "0001074828",
        "fillingDate": "2023-05-15",
        "acceptedDate": "2023-05-15 16:04:35",
        "calendarYear": "2023",
        "period": "Q2",
        "revenue": 0,
        "costOfRevenue": 101934,
        "grossProfit": -101934,
        "grossProfitRatio": 0,
        "researchAndDevelopmentExpenses": 2466632,
        "generalAndAdministrativeExpenses": 0,
        "sellingAndMarketingExpenses": 0,
        "sellingGeneralAndAdministrativeExpenses": 2237561,
        "otherExpenses": 0,
        "operatingExpenses": 4704193,
        "costAndExpenses": 4806127,
        "interestIncome": 0,
        "interestExpense": 124075,
        "depreciationAndAmortization": 101934,
        "ebitda": -4704193,
        "ebitdaratio": 0,
        "operatingIncome": -4806127,
        "operatingIncomeRatio": 0,
        "totalOtherIncomeExpensesNet": -124075,
        "incomeBeforeTax": -4930202,
        "incomeBeforeTaxRatio": 0,
        "incomeTaxExpense": 0,
        "netIncome": -4930202,
        "netIncomeRatio": 0,
        "eps": -4.09,
        "epsdiluted": -4.09,
        "weightedAverageShsOut": 1205198,
        "weightedAverageShsOutDil": 1205198,
        "link": "https://www.sec.gov/Archives/edgar/data/1074828/000165495423006557/0001654954-23-006557-index.htm",
        "finalLink": "https://www.sec.gov/Archives/edgar/data/1074828/000165495423006557/know_10q.htm"
    },
    {
        "date": "2022-12-31",
        "symbol": "USBC",
        "reportedCurrency": "USD",
        "cik": "0001074828",
        "fillingDate": "2023-02-14",
        "acceptedDate": "2023-02-14 16:01:11",
        "calendarYear": "2023",
        "period": "Q1",
        "revenue": 0,
        "costOfRevenue": 103160,
        "grossProfit": -103160,
        "grossProfitRatio": 0,
        "researchAndDevelopmentExpenses": 1645049,
        "generalAndAdministrativeExpenses": 0,
        "sellingAndMarketingExpenses": 0,
        "sellingGeneralAndAdministrativeExpenses": 1899913,
        "otherExpenses": 0,
        "operatingExpenses": 3544962,
        "costAndExpenses": 3648122,
        "interestIncome": 0,
        "interestExpense": 227170,
        "depreciationAndAmortization": 103160,
        "ebitda": -3492532,
        "ebitdaratio": 0,
        "operatingIncome": -3648122,
        "operatingIncomeRatio": 0,
        "totalOtherIncomeExpensesNet": -174737,
        "incomeBeforeTax": -3822859,
        "incomeBeforeTaxRatio": 0,
        "incomeTaxExpense": 0,
        "netIncome": -3822859,
        "netIncomeRatio": 0,
        "eps": -3.17,
        "epsdiluted": -3.17,
        "weightedAverageShsOut": 1204683,
        "weightedAverageShsOutDil": 1204683,
        "link": "https://www.sec.gov/Archives/edgar/data/1074828/000165495423001717/0001654954-23-001717-index.htm",
        "finalLink": "https://www.sec.gov/Archives/edgar/data/1074828/000165495423001717/know_10q.htm"
    },
    {
        "date": "2022-09-30",
        "symbol": "USBC",
        "reportedCurrency": "USD",
        "cik": "0001074828",
        "fillingDate": "2022-12-20",
        "acceptedDate": "2022-12-20 16:06:09",
        "calendarYear": "2022",
        "period": "Q4",
        "revenue": 0,
        "costOfRevenue": 102312,
        "grossProfit": -102312,
        "grossProfitRatio": 0,
        "researchAndDevelopmentExpenses": 1881393,
        "generalAndAdministrativeExpenses": 0,
        "sellingAndMarketingExpenses": 0,
        "sellingGeneralAndAdministrativeExpenses": 3852508,
        "otherExpenses": 0,
        "operatingExpenses": 5733901,
        "costAndExpenses": 5836213,
        "interestIncome": 0,
        "interestExpense": 0,
        "depreciationAndAmortization": 102312,
        "ebitda": -5468291,
        "ebitdaratio": 0,
        "operatingIncome": -5836213,
        "operatingIncomeRatio": 0,
        "totalOtherIncomeExpensesNet": 265612,
        "incomeBeforeTax": -5570601,
        "incomeBeforeTaxRatio": 0,
        "incomeTaxExpense": 0,
        "netIncome": -5570601,
        "netIncomeRatio": 0,
        "eps": -5.03,
        "epsdiluted": -5.03,
        "weightedAverageShsOut": 1108109,
        "weightedAverageShsOutDil": 1108109,
        "link": "https://www.sec.gov/Archives/edgar/data/1074828/000165495422016732/0001654954-22-016732-index.htm",
        "finalLink": "https://www.sec.gov/Archives/edgar/data/1074828/000165495422016732/knwn_10k.htm"
    },
    {
        "date": "2022-06-30",
        "symbol": "USBC",
        "reportedCurrency": "USD",
        "cik": "0001074828",
        "fillingDate": "2022-06-30",
        "acceptedDate": "2022-06-29 20:00:00",
        "calendarYear": "2022",
        "period": "Q3",
        "revenue": 0,
        "costOfRevenue": 100615,
        "grossProfit": -100615,
        "grossProfitRatio": 0,
        "researchAndDevelopmentExpenses": 1272537,
        "generalAndAdministrativeExpenses": 0,
        "sellingAndMarketingExpenses": 0,
        "sellingGeneralAndAdministrativeExpenses": 1652301,
        "otherExpenses": 0,
        "operatingExpenses": 2924838,
        "costAndExpenses": 3025453,
        "interestIncome": 0,
        "interestExpense": 239760,
        "depreciationAndAmortization": 100615,
        "ebitda": -2662908,
        "ebitdaratio": 0,
        "operatingIncome": -3025453,
        "operatingIncomeRatio": 0,
        "totalOtherIncomeExpensesNet": 22167,
        "incomeBeforeTax": -3003286,
        "incomeBeforeTaxRatio": 0,
        "incomeTaxExpense": 0,
        "netIncome": -3003286,
        "netIncomeRatio": 0,
        "eps": -2.75,
        "epsdiluted": -2.75,
        "weightedAverageShsOut": 1094022,
        "weightedAverageShsOutDil": 1094022,
        "link": null,
        "finalLink": null
    },
    {
        "date": "2022-03-31",
        "symbol": "USBC",
        "reportedCurrency": "USD",
        "cik": "0001074828",
        "fillingDate": "2022-03-31",
        "acceptedDate": "2022-03-30 20:00:00",
        "calendarYear": "2022",
        "period": "Q2",
        "revenue": 8687,
        "costOfRevenue": 76396,
        "grossProfit": -67709,
        "grossProfitRatio": -7.7942903189,
        "researchAndDevelopmentExpenses": 1248707,
        "generalAndAdministrativeExpenses": 0,
        "sellingAndMarketingExpenses": 0,
        "sellingGeneralAndAdministrativeExpenses": 1526333,
        "otherExpenses": 0,
        "operatingExpenses": 2775040,
        "costAndExpenses": 2851436,
        "interestIncome": 0,
        "interestExpense": 3297989,
        "depreciationAndAmortization": 76396,
        "ebitda": -2766353,
        "ebitdaratio": -318.447450213,
        "operatingIncome": -2842749,
        "operatingIncomeRatio": -327.2417405318,
        "totalOtherIncomeExpensesNet": -3297989,
        "incomeBeforeTax": -6140738,
        "incomeBeforeTaxRatio": -706.8882237827,
        "incomeTaxExpense": 0,
        "netIncome": -6140738,
        "netIncomeRatio": -706.8882237827,
        "eps": -6.49,
        "epsdiluted": -6.49,
        "weightedAverageShsOut": 946810,
        "weightedAverageShsOutDil": 946810,
        "link": null,
        "finalLink": null
    },
    {
        "date": "2021-12-31",
        "symbol": "USBC",
        "reportedCurrency": "USD",
        "cik": "0001074828",
        "fillingDate": "2021-12-31",
        "acceptedDate": "2021-12-30 19:00:00",
        "calendarYear": "2022",
        "period": "Q1",
        "revenue": 4351400,
        "costOfRevenue": 41672,
        "grossProfit": 4309728,
        "grossProfitRatio": 0.990423312,
        "researchAndDevelopmentExpenses": 885752,
        "generalAndAdministrativeExpenses": 0,
        "sellingAndMarketingExpenses": 0,
        "sellingGeneralAndAdministrativeExpenses": 4293635,
        "otherExpenses": 0,
        "operatingExpenses": 5179387,
        "costAndExpenses": 5221059,
        "interestIncome": 0,
        "interestExpense": 4486960,
        "depreciationAndAmortization": 41672,
        "ebitda": -827987,
        "ebitdaratio": -0.1902805993,
        "operatingIncome": -869659,
        "operatingIncomeRatio": -0.1998572873,
        "totalOtherIncomeExpensesNet": -4486960,
        "incomeBeforeTax": -5356619,
        "incomeBeforeTaxRatio": -1.2310104794,
        "incomeTaxExpense": 0,
        "netIncome": -5356619,
        "netIncomeRatio": -1.2310104794,
        "eps": -6.04,
        "epsdiluted": -6.04,
        "weightedAverageShsOut": 886976,
        "weightedAverageShsOutDil": 886976,
        "link": null,
        "finalLink": null
    },
    {
        "date": "2021-09-30",
        "symbol": "USBC",
        "reportedCurrency": "USD",
        "cik": "0001074828",
        "fillingDate": "2021-09-30",
        "acceptedDate": "2021-09-29 20:00:00",
        "calendarYear": "2021",
        "period": "Q4",
        "revenue": 0,
        "costOfRevenue": 34713,
        "grossProfit": -34713,
        "grossProfitRatio": 0,
        "researchAndDevelopmentExpenses": 875849,
        "generalAndAdministrativeExpenses": 0,
        "sellingAndMarketingExpenses": 0,
        "sellingGeneralAndAdministrativeExpenses": 1507378,
        "otherExpenses": 0,
        "operatingExpenses": 2383227,
        "costAndExpenses": 2417940,
        "interestIncome": 0,
        "interestExpense": 5178461,
        "depreciationAndAmortization": 34713,
        "ebitda": -2383227,
        "ebitdaratio": 0,
        "operatingIncome": -2417940,
        "operatingIncomeRatio": 0,
        "totalOtherIncomeExpensesNet": -5178461,
        "incomeBeforeTax": -7596401,
        "incomeBeforeTaxRatio": 0,
        "incomeTaxExpense": 0,
        "netIncome": -7596401,
        "netIncomeRatio": 0,
        "eps": -8.84,
        "epsdiluted": -8.84,
        "weightedAverageShsOut": 859156,
        "weightedAverageShsOutDil": 859156,
        "link": null,
        "finalLink": null
    },
    {
        "date": "2021-06-30",
        "symbol": "USBC",
        "reportedCurrency": "USD",
        "cik": "0001074828",
        "fillingDate": "2021-06-30",
        "acceptedDate": "2021-06-29 20:00:00",
        "calendarYear": "2021",
        "period": "Q3",
        "revenue": 0,
        "costOfRevenue": 15537,
        "grossProfit": -15537,
        "grossProfitRatio": 0,
        "researchAndDevelopmentExpenses": 868584,
        "generalAndAdministrativeExpenses": 0,
        "sellingAndMarketingExpenses": 0,
        "sellingGeneralAndAdministrativeExpenses": 978684,
        "otherExpenses": 0,
        "operatingExpenses": 1847268,
        "costAndExpenses": 1862805,
        "interestIncome": 0,
        "interestExpense": 5228058,
        "depreciationAndAmortization": 15537,
        "ebitda": -1847268,
        "ebitdaratio": 0,
        "operatingIncome": -1862805,
        "operatingIncomeRatio": 0,
        "totalOtherIncomeExpensesNet": -5228058,
        "incomeBeforeTax": -7090863,
        "incomeBeforeTaxRatio": 0,
        "incomeTaxExpense": 0,
        "netIncome": -7090863,
        "netIncomeRatio": 0,
        "eps": -9.13,
        "epsdiluted": -9.13,
        "weightedAverageShsOut": 776305,
        "weightedAverageShsOutDil": 776305,
        "link": null,
        "finalLink": null
    },
    {
        "date": "2021-03-31",
        "symbol": "USBC",
        "reportedCurrency": "USD",
        "cik": "0001074828",
        "fillingDate": "2021-03-31",
        "acceptedDate": "2021-03-30 20:00:00",
        "calendarYear": "2021",
        "period": "Q2",
        "revenue": 0,
        "costOfRevenue": 85924,
        "grossProfit": -85924,
        "grossProfitRatio": 0,
        "researchAndDevelopmentExpenses": 1258678,
        "generalAndAdministrativeExpenses": 0,
        "sellingAndMarketingExpenses": 0,
        "sellingGeneralAndAdministrativeExpenses": 1256720,
        "otherExpenses": 0,
        "operatingExpenses": 2515398,
        "costAndExpenses": 2601322,
        "interestIncome": 0,
        "interestExpense": 2772296,
        "depreciationAndAmortization": 85924,
        "ebitda": -2515398,
        "ebitdaratio": 0,
        "operatingIncome": -2601322,
        "operatingIncomeRatio": 0,
        "totalOtherIncomeExpensesNet": -2772296,
        "incomeBeforeTax": -5373618,
        "incomeBeforeTaxRatio": 0,
        "incomeTaxExpense": 0,
        "netIncome": -5373618,
        "netIncomeRatio": 0,
        "eps": -8.05,
        "epsdiluted": -8.05,
        "weightedAverageShsOut": 667764,
        "weightedAverageShsOutDil": 667764,
        "link": null,
        "finalLink": null
    },
    {
        "date": "2020-12-31",
        "symbol": "USBC",
        "reportedCurrency": "USD",
        "cik": "0001074828",
        "fillingDate": "2020-12-31",
        "acceptedDate": "2020-12-30 19:00:00",
        "calendarYear": "2021",
        "period": "Q1",
        "revenue": 0,
        "costOfRevenue": 64632,
        "grossProfit": -64632,
        "grossProfitRatio": 0,
        "researchAndDevelopmentExpenses": 966861,
        "generalAndAdministrativeExpenses": 0,
        "sellingAndMarketingExpenses": 0,
        "sellingGeneralAndAdministrativeExpenses": 2534099,
        "otherExpenses": 0,
        "operatingExpenses": 3500960,
        "costAndExpenses": 3565593,
        "interestIncome": 0,
        "interestExpense": 1733738,
        "depreciationAndAmortization": 64632,
        "ebitda": -3500961,
        "ebitdaratio": 0,
        "operatingIncome": -3565593,
        "operatingIncomeRatio": 0,
        "totalOtherIncomeExpensesNet": -1733738,
        "incomeBeforeTax": -5299331,
        "incomeBeforeTaxRatio": 0,
        "incomeTaxExpense": 0,
        "netIncome": -5299331,
        "netIncomeRatio": 0,
        "eps": -8.41,
        "epsdiluted": -8.41,
        "weightedAverageShsOut": 630218,
        "weightedAverageShsOutDil": 630218,
        "link": null,
        "finalLink": null
    },
    {
        "date": "2020-09-30",
        "symbol": "USBC",
        "reportedCurrency": "USD",
        "cik": "0001074828",
        "fillingDate": "2020-09-30",
        "acceptedDate": "2020-09-29 20:00:00",
        "calendarYear": "2020",
        "period": "Q4",
        "revenue": 0,
        "costOfRevenue": 61983,
        "grossProfit": -61983,
        "grossProfitRatio": 0,
        "researchAndDevelopmentExpenses": 720180,
        "generalAndAdministrativeExpenses": 0,
        "sellingAndMarketingExpenses": 0,
        "sellingGeneralAndAdministrativeExpenses": 1604771,
        "otherExpenses": 0,
        "operatingExpenses": 2324951,
        "costAndExpenses": 2386934,
        "interestIncome": 0,
        "interestExpense": 1924644,
        "depreciationAndAmortization": 61983,
        "ebitda": -2325401,
        "ebitdaratio": 0,
        "operatingIncome": -2386934,
        "operatingIncomeRatio": 0,
        "totalOtherIncomeExpensesNet": -1925095,
        "incomeBeforeTax": -4312029,
        "incomeBeforeTaxRatio": 0,
        "incomeTaxExpense": 0,
        "netIncome": -4312029,
        "netIncomeRatio": 0,
        "eps": -7.14,
        "epsdiluted": -7.14,
        "weightedAverageShsOut": 603700,
        "weightedAverageShsOutDil": 603700,
        "link": null,
        "finalLink": null
    },
    {
        "date": "2020-06-30",
        "symbol": "USBC",
        "reportedCurrency": "USD",
        "cik": "0001074828",
        "fillingDate": "2020-06-30",
        "acceptedDate": "2020-06-29 20:00:00",
        "calendarYear": "2020",
        "period": "Q3",
        "revenue": 0,
        "costOfRevenue": 60259,
        "grossProfit": -60259,
        "grossProfitRatio": 0,
        "researchAndDevelopmentExpenses": 375243,
        "generalAndAdministrativeExpenses": 0,
        "sellingAndMarketingExpenses": 0,
        "sellingGeneralAndAdministrativeExpenses": 573910,
        "otherExpenses": 0,
        "operatingExpenses": 949153,
        "costAndExpenses": 1009412,
        "interestIncome": 0,
        "interestExpense": 1188874,
        "depreciationAndAmortization": 60259,
        "ebitda": -1655953,
        "ebitdaratio": 0,
        "operatingIncome": -1009412,
        "operatingIncomeRatio": 0,
        "totalOtherIncomeExpensesNet": -1895674,
        "incomeBeforeTax": -2905086,
        "incomeBeforeTaxRatio": 0,
        "incomeTaxExpense": 0,
        "netIncome": -2905086,
        "netIncomeRatio": 0,
        "eps": -4.9,
        "epsdiluted": -4.9,
        "weightedAverageShsOut": 592895,
        "weightedAverageShsOutDil": 592895,
        "link": null,
        "finalLink": null
    },
    {
        "date": "2020-03-31",
        "symbol": "USBC",
        "reportedCurrency": "USD",
        "cik": "0001074828",
        "fillingDate": "2020-03-31",
        "acceptedDate": "2020-03-30 20:00:00",
        "calendarYear": "2020",
        "period": "Q2",
        "revenue": 4546,
        "costOfRevenue": 64220,
        "grossProfit": -59674,
        "grossProfitRatio": -13.1267047954,
        "researchAndDevelopmentExpenses": 447165,
        "generalAndAdministrativeExpenses": 0,
        "sellingAndMarketingExpenses": 0,
        "sellingGeneralAndAdministrativeExpenses": 1562512,
        "otherExpenses": 0,
        "operatingExpenses": 2009677,
        "costAndExpenses": 2073897,
        "interestIncome": 0,
        "interestExpense": 1301674,
        "depreciationAndAmortization": 60429,
        "ebitda": -1968412,
        "ebitdaratio": -432.9986801584,
        "operatingIncome": -2069351,
        "operatingIncomeRatio": -455.2025956885,
        "totalOtherIncomeExpensesNet": -1261161,
        "incomeBeforeTax": -3330513,
        "incomeBeforeTaxRatio": -732.6249450066,
        "incomeTaxExpense": 0,
        "netIncome": -3330513,
        "netIncomeRatio": -732.6249450066,
        "eps": -6.52,
        "epsdiluted": -6.52,
        "weightedAverageShsOut": 510608,
        "weightedAverageShsOutDil": 510608,
        "link": null,
        "finalLink": null
    },
    {
        "date": "2019-12-31",
        "symbol": "USBC",
        "reportedCurrency": "USD",
        "cik": "0001074828",
        "fillingDate": "2019-12-31",
        "acceptedDate": "2019-12-30 19:00:00",
        "calendarYear": "2020",
        "period": "Q1",
        "revenue": 117393,
        "costOfRevenue": 82918,
        "grossProfit": 34475,
        "grossProfitRatio": 0.293671684,
        "researchAndDevelopmentExpenses": 491138,
        "generalAndAdministrativeExpenses": 0,
        "sellingAndMarketingExpenses": 0,
        "sellingGeneralAndAdministrativeExpenses": 903568,
        "otherExpenses": 0,
        "operatingExpenses": 1394706,
        "costAndExpenses": 1477624,
        "interestIncome": 0,
        "interestExpense": 1679490,
        "depreciationAndAmortization": 60316,
        "ebitda": -1275205,
        "ebitdaratio": -10.8627005017,
        "operatingIncome": -1360231,
        "operatingIncomeRatio": -11.5869855954,
        "totalOtherIncomeExpensesNet": -1654782,
        "incomeBeforeTax": -3015013,
        "incomeBeforeTaxRatio": -25.6830730964,
        "incomeTaxExpense": 0,
        "netIncome": -3015013,
        "netIncomeRatio": -25.6830730964,
        "eps": -6.55,
        "epsdiluted": -6.55,
        "weightedAverageShsOut": 460247,
        "weightedAverageShsOutDil": 460247,
        "link": null,
        "finalLink": null
    },
    {
        "date": "2019-09-30",
        "symbol": "USBC",
        "reportedCurrency": "USD",
        "cik": "0001074828",
        "fillingDate": "2019-09-30",
        "acceptedDate": "2019-09-29 20:00:00",
        "calendarYear": "2019",
        "period": "Q4",
        "revenue": 227769,
        "costOfRevenue": 191220,
        "grossProfit": 36549,
        "grossProfitRatio": 0.1604652082,
        "researchAndDevelopmentExpenses": 425317,
        "generalAndAdministrativeExpenses": 0,
        "sellingAndMarketingExpenses": 0,
        "sellingGeneralAndAdministrativeExpenses": 1783959,
        "otherExpenses": 0,
        "operatingExpenses": 2209276,
        "costAndExpenses": 2400496,
        "interestIncome": 0,
        "interestExpense": 1073609,
        "depreciationAndAmortization": 59083,
        "ebitda": -2113915,
        "ebitdaratio": -9.2809600955,
        "operatingIncome": -2172727,
        "operatingIncomeRatio": -9.5391690704,
        "totalOtherIncomeExpensesNet": -1073882,
        "incomeBeforeTax": -3246609,
        "incomeBeforeTaxRatio": -14.2539546646,
        "incomeTaxExpense": 0,
        "netIncome": -3246609,
        "netIncomeRatio": -14.2539546646,
        "eps": -7.07,
        "epsdiluted": -7.07,
        "weightedAverageShsOut": 459154,
        "weightedAverageShsOutDil": 459154,
        "link": null,
        "finalLink": null
    },
    {
        "date": "2019-06-30",
        "symbol": "USBC",
        "reportedCurrency": "USD",
        "cik": "0001074828",
        "fillingDate": "2019-06-30",
        "acceptedDate": "2019-06-29 20:00:00",
        "calendarYear": "2019",
        "period": "Q3",
        "revenue": 381270,
        "costOfRevenue": 299730,
        "grossProfit": 81540,
        "grossProfitRatio": 0.2138641907,
        "researchAndDevelopmentExpenses": 441541,
        "generalAndAdministrativeExpenses": 0,
        "sellingAndMarketingExpenses": 0,
        "sellingGeneralAndAdministrativeExpenses": 665116,
        "otherExpenses": 0,
        "operatingExpenses": 1106657,
        "costAndExpenses": 1406387,
        "interestIncome": 0,
        "interestExpense": 1462376,
        "depreciationAndAmortization": 67244,
        "ebitda": -624643,
        "ebitdaratio": -1.6383219241,
        "operatingIncome": -1025117,
        "operatingIncomeRatio": -2.6886904294,
        "totalOtherIncomeExpensesNet": -1129149,
        "incomeBeforeTax": -2154266,
        "incomeBeforeTaxRatio": -5.6502373646,
        "incomeTaxExpense": 0,
        "netIncome": -2154266,
        "netIncomeRatio": -5.6502373646,
        "eps": -4.74,
        "epsdiluted": -4.74,
        "weightedAverageShsOut": 454932,
        "weightedAverageShsOutDil": 454932,
        "link": null,
        "finalLink": null
    },
    {
        "date": "2019-03-31",
        "symbol": "USBC",
        "reportedCurrency": "USD",
        "cik": "0001074828",
        "fillingDate": "2019-03-31",
        "acceptedDate": "2019-03-30 20:00:00",
        "calendarYear": "2019",
        "period": "Q2",
        "revenue": 593712,
        "costOfRevenue": 482702,
        "grossProfit": 111010,
        "grossProfitRatio": 0.186976177,
        "researchAndDevelopmentExpenses": 184024,
        "generalAndAdministrativeExpenses": 0,
        "sellingAndMarketingExpenses": 0,
        "sellingGeneralAndAdministrativeExpenses": 975641,
        "otherExpenses": 0,
        "operatingExpenses": 1159665,
        "costAndExpenses": 1642367,
        "interestIncome": 0,
        "interestExpense": 400201,
        "depreciationAndAmortization": 71195,
        "ebitda": -970840,
        "ebitdaratio": -1.6352036004,
        "operatingIncome": -1048655,
        "operatingIncomeRatio": -1.7662688307,
        "totalOtherIncomeExpensesNet": -393583,
        "incomeBeforeTax": -1442238,
        "incomeBeforeTaxRatio": -2.4291878891,
        "incomeTaxExpense": 0,
        "netIncome": -1442238,
        "netIncomeRatio": -2.4291878891,
        "eps": -0.0797,
        "epsdiluted": -0.0797,
        "weightedAverageShsOut": 18094492,
        "weightedAverageShsOutDil": 18094492,
        "link": null,
        "finalLink": null
    },
    {
        "date": "2018-12-31",
        "symbol": "USBC",
        "reportedCurrency": "USD",
        "cik": "0001074828",
        "fillingDate": "2018-12-31",
        "acceptedDate": "2018-12-30 19:00:00",
        "calendarYear": "2019",
        "period": "Q1",
        "revenue": 602209,
        "costOfRevenue": 490777,
        "grossProfit": 111432,
        "grossProfitRatio": 0.185038749,
        "researchAndDevelopmentExpenses": 206990,
        "generalAndAdministrativeExpenses": 0,
        "sellingAndMarketingExpenses": 0,
        "sellingGeneralAndAdministrativeExpenses": 670955,
        "otherExpenses": 0,
        "operatingExpenses": 877945,
        "costAndExpenses": 1368722,
        "interestIncome": 0,
        "interestExpense": 9126,
        "depreciationAndAmortization": 61824,
        "ebitda": -698249,
        "ebitdaratio": -1.1594795162,
        "operatingIncome": -766513,
        "operatingIncomeRatio": -1.2728355106,
        "totalOtherIncomeExpensesNet": -2690,
        "incomeBeforeTax": -769203,
        "incomeBeforeTaxRatio": -1.2773023983,
        "incomeTaxExpense": 0,
        "netIncome": -769203,
        "netIncomeRatio": -1.2773023983,
        "eps": -1.75,
        "epsdiluted": -1.75,
        "weightedAverageShsOut": 439276,
        "weightedAverageShsOutDil": 439276,
        "link": null,
        "finalLink": null
    },
    {
        "date": "2018-09-30",
        "symbol": "USBC",
        "reportedCurrency": "USD",
        "cik": "0001074828",
        "fillingDate": "2018-09-30",
        "acceptedDate": "2018-09-29 20:00:00",
        "calendarYear": "2018",
        "period": "Q4",
        "revenue": 870995,
        "costOfRevenue": 737533,
        "grossProfit": 133462,
        "grossProfitRatio": 0.1532293526,
        "researchAndDevelopmentExpenses": 203705,
        "generalAndAdministrativeExpenses": 0,
        "sellingAndMarketingExpenses": 0,
        "sellingGeneralAndAdministrativeExpenses": 696116,
        "otherExpenses": 0,
        "operatingExpenses": 899821,
        "costAndExpenses": 1637354,
        "interestIncome": 0,
        "interestExpense": 99449,
        "depreciationAndAmortization": 88633,
        "ebitda": -735840,
        "ebitdaratio": -0.8448268934,
        "operatingIncome": -766359,
        "operatingIncomeRatio": -0.8798661301,
        "totalOtherIncomeExpensesNet": -157565,
        "incomeBeforeTax": -923924,
        "incomeBeforeTaxRatio": -1.0607684315,
        "incomeTaxExpense": 0,
        "netIncome": -923924,
        "netIncomeRatio": -1.0607684315,
        "eps": -2.11,
        "epsdiluted": -2.11,
        "weightedAverageShsOut": 438287,
        "weightedAverageShsOutDil": 438287,
        "link": null,
        "finalLink": null
    },
    {
        "date": "2018-06-30",
        "symbol": "USBC",
        "reportedCurrency": "USD",
        "cik": "0001074828",
        "fillingDate": "2018-06-30",
        "acceptedDate": "2018-06-29 20:00:00",
        "calendarYear": "2018",
        "period": "Q3",
        "revenue": 1107216,
        "costOfRevenue": 923477,
        "grossProfit": 183739,
        "grossProfitRatio": 0.1659468433,
        "researchAndDevelopmentExpenses": 125789,
        "generalAndAdministrativeExpenses": 0,
        "sellingAndMarketingExpenses": 0,
        "sellingGeneralAndAdministrativeExpenses": 790337,
        "otherExpenses": 0,
        "operatingExpenses": 916126,
        "costAndExpenses": 1839603,
        "interestIncome": 0,
        "interestExpense": 8696,
        "depreciationAndAmortization": 13520,
        "ebitda": -484034,
        "ebitdaratio": -0.437163119,
        "operatingIncome": -732387,
        "operatingIncomeRatio": -0.6614671392,
        "totalOtherIncomeExpensesNet": 226133,
        "incomeBeforeTax": -506254,
        "incomeBeforeTaxRatio": -0.4572314706,
        "incomeTaxExpense": 0,
        "netIncome": -506254,
        "netIncomeRatio": -0.4572314706,
        "eps": -2.51,
        "epsdiluted": -2.51,
        "weightedAverageShsOut": 201628,
        "weightedAverageShsOutDil": 201628,
        "link": null,
        "finalLink": null
    },
    {
        "date": "2018-03-31",
        "symbol": "USBC",
        "reportedCurrency": "USD",
        "cik": "0001074828",
        "fillingDate": "2018-03-31",
        "acceptedDate": "2018-03-30 20:00:00",
        "calendarYear": "2018",
        "period": "Q2",
        "revenue": 1092228,
        "costOfRevenue": 882135,
        "grossProfit": 210093,
        "grossProfitRatio": 0.1923526956,
        "researchAndDevelopmentExpenses": 153300,
        "generalAndAdministrativeExpenses": 0,
        "sellingAndMarketingExpenses": 0,
        "sellingGeneralAndAdministrativeExpenses": 561533,
        "otherExpenses": 0,
        "operatingExpenses": 714833,
        "costAndExpenses": 1596968,
        "interestIncome": 0,
        "interestExpense": 793837,
        "depreciationAndAmortization": 16564,
        "ebitda": -488756,
        "ebitdaratio": -0.4474853236,
        "operatingIncome": -504739,
        "operatingIncomeRatio": -0.4621187151,
        "totalOtherIncomeExpensesNet": -794414,
        "incomeBeforeTax": -1299154,
        "incomeBeforeTaxRatio": -1.1894531178,
        "incomeTaxExpense": 0,
        "netIncome": -1299154,
        "netIncomeRatio": -1.1894531178,
        "eps": -10,
        "epsdiluted": -10,
        "weightedAverageShsOut": 128203,
        "weightedAverageShsOutDil": 128203,
        "link": null,
        "finalLink": null
    },
    {
        "date": "2017-12-31",
        "symbol": "USBC",
        "reportedCurrency": "USD",
        "cik": "0001074828",
        "fillingDate": "2017-12-31",
        "acceptedDate": "2017-12-30 19:00:00",
        "calendarYear": "2018",
        "period": "Q1",
        "revenue": 1232857,
        "costOfRevenue": 998851,
        "grossProfit": 234006,
        "grossProfitRatio": 0.1898079015,
        "researchAndDevelopmentExpenses": 87720,
        "generalAndAdministrativeExpenses": 0,
        "sellingAndMarketingExpenses": 0,
        "sellingGeneralAndAdministrativeExpenses": 400537,
        "otherExpenses": 0,
        "operatingExpenses": 488257,
        "costAndExpenses": 1487108,
        "interestIncome": 0,
        "interestExpense": 293202,
        "depreciationAndAmortization": 13898,
        "ebitda": -221163,
        "ebitdaratio": -0.1793906349,
        "operatingIncome": -254251,
        "operatingIncomeRatio": -0.2062291085,
        "totalOtherIncomeExpensesNet": -274014,
        "incomeBeforeTax": -528265,
        "incomeBeforeTaxRatio": -0.4284884622,
        "incomeTaxExpense": 0,
        "netIncome": -528265,
        "netIncomeRatio": -0.4284884622,
        "eps": -4.4,
        "epsdiluted": -4.4,
        "weightedAverageShsOut": 116387,
        "weightedAverageShsOutDil": 116387,
        "link": null,
        "finalLink": null
    },
    {
        "date": "2017-09-30",
        "symbol": "USBC",
        "reportedCurrency": "USD",
        "cik": "0001074828",
        "fillingDate": "2017-09-30",
        "acceptedDate": "2017-09-29 20:00:00",
        "calendarYear": "2017",
        "period": "Q4",
        "revenue": 1209106,
        "costOfRevenue": 980194,
        "grossProfit": 228912,
        "grossProfitRatio": 0.1893233513,
        "researchAndDevelopmentExpenses": 41162,
        "generalAndAdministrativeExpenses": 0,
        "sellingAndMarketingExpenses": 0,
        "sellingGeneralAndAdministrativeExpenses": 609697,
        "otherExpenses": 0,
        "operatingExpenses": 650859,
        "costAndExpenses": 1631053,
        "interestIncome": 0,
        "interestExpense": 297407,
        "depreciationAndAmortization": 9242,
        "ebitda": -520435,
        "ebitdaratio": -0.4304295901,
        "operatingIncome": -421947,
        "operatingIncomeRatio": -0.3489743662,
        "totalOtherIncomeExpensesNet": -405135,
        "incomeBeforeTax": -827082,
        "incomeBeforeTaxRatio": -0.6840442443,
        "incomeTaxExpense": 0,
        "netIncome": -827082,
        "netIncomeRatio": -0.6840442443,
        "eps": -7.11,
        "epsdiluted": -7.11,
        "weightedAverageShsOut": 116387,
        "weightedAverageShsOutDil": 116387,
        "link": null,
        "finalLink": null
    },
    {
        "date": "2017-06-30",
        "symbol": "USBC",
        "reportedCurrency": "USD",
        "cik": "0001074828",
        "fillingDate": "2017-06-30",
        "acceptedDate": "2017-06-29 20:00:00",
        "calendarYear": "2017",
        "period": "Q3",
        "revenue": 1019434,
        "costOfRevenue": 856128,
        "grossProfit": 163306,
        "grossProfitRatio": 0.1601928129,
        "researchAndDevelopmentExpenses": -9240,
        "generalAndAdministrativeExpenses": 0,
        "sellingAndMarketingExpenses": 0,
        "sellingGeneralAndAdministrativeExpenses": 639724,
        "otherExpenses": 0,
        "operatingExpenses": 630484,
        "costAndExpenses": 1486612,
        "interestIncome": 0,
        "interestExpense": 11237,
        "depreciationAndAmortization": 30630,
        "ebitda": 569808,
        "ebitdaratio": 0.558945454,
        "operatingIncome": -467178,
        "operatingIncomeRatio": -0.4582719431,
        "totalOtherIncomeExpensesNet": 995124,
        "incomeBeforeTax": 527946,
        "incomeBeforeTaxRatio": 0.5178814911,
        "incomeTaxExpense": 0,
        "netIncome": 527946,
        "netIncomeRatio": 0.5178814911,
        "eps": 5.6,
        "epsdiluted": 5.2,
        "weightedAverageShsOut": 96121,
        "weightedAverageShsOutDil": 99258,
        "link": null,
        "finalLink": null
    },
    {
        "date": "2017-03-31",
        "symbol": "USBC",
        "reportedCurrency": "USD",
        "cik": "0001074828",
        "fillingDate": "2017-03-31",
        "acceptedDate": "2017-03-30 20:00:00",
        "calendarYear": "2017",
        "period": "Q2",
        "revenue": 1497019,
        "costOfRevenue": 1200173,
        "grossProfit": 296846,
        "grossProfitRatio": 0.1982914045,
        "researchAndDevelopmentExpenses": 6875,
        "generalAndAdministrativeExpenses": 0,
        "sellingAndMarketingExpenses": 0,
        "sellingGeneralAndAdministrativeExpenses": 553281,
        "otherExpenses": 0,
        "operatingExpenses": 560156,
        "costAndExpenses": 1760329,
        "interestIncome": 0,
        "interestExpense": 16058,
        "depreciationAndAmortization": 19084,
        "ebitda": -1009819,
        "ebitdaratio": -0.6745532288,
        "operatingIncome": -263310,
        "operatingIncomeRatio": -0.1758895512,
        "totalOtherIncomeExpensesNet": -781648,
        "incomeBeforeTax": -1044958,
        "incomeBeforeTaxRatio": -0.6980258768,
        "incomeTaxExpense": 0,
        "netIncome": -1044958,
        "netIncomeRatio": -0.6980258768,
        "eps": -11.2,
        "epsdiluted": -11.2,
        "weightedAverageShsOut": 92826,
        "weightedAverageShsOutDil": 92826,
        "link": null,
        "finalLink": null
    },
    {
        "date": "2016-12-31",
        "symbol": "USBC",
        "reportedCurrency": "USD",
        "cik": "0001074828",
        "fillingDate": "2016-12-31",
        "acceptedDate": "2016-12-30 19:00:00",
        "calendarYear": "2017",
        "period": "Q1",
        "revenue": 1148800,
        "costOfRevenue": 968142,
        "grossProfit": 180658,
        "grossProfitRatio": 0.1572580084,
        "researchAndDevelopmentExpenses": 40608,
        "generalAndAdministrativeExpenses": 0,
        "sellingAndMarketingExpenses": 0,
        "sellingGeneralAndAdministrativeExpenses": 1297868,
        "otherExpenses": 0,
        "operatingExpenses": 1338476,
        "costAndExpenses": 2306618,
        "interestIncome": 0,
        "interestExpense": 52273,
        "depreciationAndAmortization": 22825,
        "ebitda": -2532460,
        "ebitdaratio": -2.204439415,
        "operatingIncome": -1157818,
        "operatingIncomeRatio": -1.0078499304,
        "totalOtherIncomeExpensesNet": -1449743,
        "incomeBeforeTax": -2607561,
        "incomeBeforeTaxRatio": -2.2698128482,
        "incomeTaxExpense": 0,
        "netIncome": -2607561,
        "netIncomeRatio": -2.2698128482,
        "eps": -0.81,
        "epsdiluted": -0.81,
        "weightedAverageShsOut": 3227351,
        "weightedAverageShsOutDil": 3227351,
        "link": null,
        "finalLink": null
    },
    {
        "date": "2016-09-30",
        "symbol": "USBC",
        "reportedCurrency": "USD",
        "cik": "0001074828",
        "fillingDate": "2016-09-30",
        "acceptedDate": "2016-09-29 20:00:00",
        "calendarYear": "2016",
        "period": "Q4",
        "revenue": 1438052,
        "costOfRevenue": 1210590,
        "grossProfit": 227462,
        "grossProfitRatio": 0.1581736961,
        "researchAndDevelopmentExpenses": 82689,
        "generalAndAdministrativeExpenses": 0,
        "sellingAndMarketingExpenses": 0,
        "sellingGeneralAndAdministrativeExpenses": 1048850,
        "otherExpenses": 0,
        "operatingExpenses": 1131539,
        "costAndExpenses": 2342129,
        "interestIncome": 0,
        "interestExpense": 69371,
        "depreciationAndAmortization": 22537,
        "ebitda": -1059261,
        "ebitdaratio": -0.7365943652,
        "operatingIncome": -904077,
        "operatingIncomeRatio": -0.6286817167,
        "totalOtherIncomeExpensesNet": -247096,
        "incomeBeforeTax": -1151173,
        "incomeBeforeTaxRatio": -0.8005086047,
        "incomeTaxExpense": 0,
        "netIncome": -1151173,
        "netIncomeRatio": -0.8005086047,
        "eps": -0.74,
        "epsdiluted": -0.74,
        "weightedAverageShsOut": 1555639,
        "weightedAverageShsOutDil": 1555639,
        "link": null,
        "finalLink": null
    },
    {
        "date": "2016-06-30",
        "symbol": "USBC",
        "reportedCurrency": "USD",
        "cik": "0001074828",
        "fillingDate": "2016-06-30",
        "acceptedDate": "2016-06-29 20:00:00",
        "calendarYear": "2016",
        "period": "Q3",
        "revenue": 1833283,
        "costOfRevenue": 1527372,
        "grossProfit": 305911,
        "grossProfitRatio": 0.1668651267,
        "researchAndDevelopmentExpenses": 69387,
        "generalAndAdministrativeExpenses": 0,
        "sellingAndMarketingExpenses": 0,
        "sellingGeneralAndAdministrativeExpenses": 711212,
        "otherExpenses": 0,
        "operatingExpenses": 780599,
        "costAndExpenses": 2307971,
        "interestIncome": 0,
        "interestExpense": 118486,
        "depreciationAndAmortization": 41583,
        "ebitda": 1881459,
        "ebitdaratio": 1.0262785396,
        "operatingIncome": -474690,
        "operatingIncomeRatio": -0.258928927,
        "totalOtherIncomeExpensesNet": 2196080,
        "incomeBeforeTax": 1721390,
        "incomeBeforeTaxRatio": 0.9389657789,
        "incomeTaxExpense": 0,
        "netIncome": 1721390,
        "netIncomeRatio": 0.9389657789,
        "eps": 1.29,
        "epsdiluted": 0.97,
        "weightedAverageShsOut": 1339484,
        "weightedAverageShsOutDil": 1779650,
        "link": null,
        "finalLink": null
    }
]