[
    {
        "date": "2025-06-30",
        "symbol": "WB",
        "reportedCurrency": "USD",
        "cik": "0001595761",
        "fillingDate": "2025-08-14",
        "acceptedDate": "2025-08-14 06:03:54",
        "calendarYear": "2025",
        "period": "Q2",
        "revenue": 444798000,
        "costOfRevenue": 103451000,
        "grossProfit": 341347000,
        "grossProfitRatio": 0.7674202672,
        "researchAndDevelopmentExpenses": 78068000,
        "generalAndAdministrativeExpenses": 7962000,
        "sellingAndMarketingExpenses": 109747000,
        "sellingGeneralAndAdministrativeExpenses": 117709000,
        "otherExpenses": 0,
        "operatingExpenses": 195777000,
        "costAndExpenses": 299228000,
        "interestIncome": 15945000,
        "interestExpense": 0,
        "depreciationAndAmortization": 14534250,
        "ebitda": 145570000,
        "ebitdaratio": 0.327272155,
        "operatingIncome": 145570000,
        "operatingIncomeRatio": 0.327272155,
        "totalOtherIncomeExpensesNet": 12833000,
        "incomeBeforeTax": 158403000,
        "incomeBeforeTaxRatio": 0.3561234538,
        "incomeTaxExpense": 31705000,
        "netIncome": 125685000,
        "netIncomeRatio": 0.2825664684,
        "eps": 0.53,
        "epsdiluted": 0.48,
        "weightedAverageShsOut": 238632000,
        "weightedAverageShsOutDil": 268346000,
        "link": "https://www.sec.gov/Archives/edgar/data/1595761/000110465925077865/0001104659-25-077865-index.htm",
        "finalLink": "https://www.sec.gov/Archives/edgar/data/1595761/000110465925077865/tm2523095d1_ex99-1.htm"
    },
    {
        "date": "2025-03-31",
        "symbol": "WB",
        "reportedCurrency": "USD",
        "cik": "0001595761",
        "fillingDate": "2025-05-21",
        "acceptedDate": "2025-05-21 06:03:37",
        "calendarYear": "2025",
        "period": "Q1",
        "revenue": 396855000,
        "costOfRevenue": 88802000,
        "grossProfit": 308053000,
        "grossProfitRatio": 0.7762356528,
        "researchAndDevelopmentExpenses": 76021000,
        "generalAndAdministrativeExpenses": 25912000,
        "sellingAndMarketingExpenses": 95810000,
        "sellingGeneralAndAdministrativeExpenses": 121722000,
        "otherExpenses": 0,
        "operatingExpenses": 197743000,
        "costAndExpenses": 286545000,
        "interestIncome": 13746000,
        "interestExpense": 0,
        "depreciationAndAmortization": 0,
        "ebitda": 110310000,
        "ebitdaratio": 0.2779604641,
        "operatingIncome": 110310000,
        "operatingIncomeRatio": 0.2779604641,
        "totalOtherIncomeExpensesNet": 22103000,
        "incomeBeforeTax": 132413000,
        "incomeBeforeTaxRatio": 0.3336558693,
        "incomeTaxExpense": 24291000,
        "netIncome": 106964000,
        "netIncomeRatio": 0.2695291731,
        "eps": 0.45,
        "epsdiluted": 0.4,
        "weightedAverageShsOut": 238284000,
        "weightedAverageShsOutDil": 266494000,
        "link": "https://www.sec.gov/Archives/edgar/data/1595761/000110465925051226/0001104659-25-051226-index.htm",
        "finalLink": "https://www.sec.gov/Archives/edgar/data/1595761/000110465925051226/tm2515530d1_ex99-1.htm"
    },
    {
        "date": "2024-12-31",
        "symbol": "WB",
        "reportedCurrency": "USD",
        "cik": "0001595761",
        "fillingDate": "2025-04-15",
        "acceptedDate": "2025-04-15 06:04:38",
        "calendarYear": "2024",
        "period": "Q4",
        "revenue": 456827000,
        "costOfRevenue": 100529000,
        "grossProfit": 356298000,
        "grossProfitRatio": 0.7799407653,
        "researchAndDevelopmentExpenses": 75921000,
        "generalAndAdministrativeExpenses": 22634000,
        "sellingAndMarketingExpenses": 139863000,
        "sellingGeneralAndAdministrativeExpenses": 162497000,
        "otherExpenses": 0,
        "operatingExpenses": 238418000,
        "costAndExpenses": 338947000,
        "interestIncome": 123336000,
        "interestExpense": 104667000,
        "depreciationAndAmortization": 14071433,
        "ebitda": 137428000,
        "ebitdaratio": 0.3008316058,
        "operatingIncome": 117880000,
        "operatingIncomeRatio": 0.2580407901,
        "totalOtherIncomeExpensesNet": -85119000,
        "incomeBeforeTax": 32761000,
        "incomeBeforeTaxRatio": 0.0717142376,
        "incomeTaxExpense": 20034000,
        "netIncome": 8865000,
        "netIncomeRatio": 0.0194055956,
        "eps": 0.0373,
        "epsdiluted": 0.0373,
        "weightedAverageShsOut": 237970000,
        "weightedAverageShsOutDil": 237970000,
        "link": "https://www.sec.gov/Archives/edgar/data/1595761/000141057825000730/0001410578-25-000730-index.htm",
        "finalLink": "https://www.sec.gov/Archives/edgar/data/1595761/000141057825000730/wb-20241231x20f.htm"
    },
    {
        "date": "2024-09-30",
        "symbol": "WB",
        "reportedCurrency": "USD",
        "cik": "0001595761",
        "fillingDate": "2024-09-30",
        "acceptedDate": "2024-09-30 00:00:00",
        "calendarYear": "2024",
        "period": "Q3",
        "revenue": 464480000,
        "costOfRevenue": 92381000,
        "grossProfit": 372099000,
        "grossProfitRatio": 0.8011087668,
        "researchAndDevelopmentExpenses": 80411000,
        "generalAndAdministrativeExpenses": 27297000,
        "sellingAndMarketingExpenses": 123069000,
        "sellingGeneralAndAdministrativeExpenses": 150366000,
        "otherExpenses": 0,
        "operatingExpenses": 230777000,
        "costAndExpenses": 323158000,
        "interestIncome": 6699000,
        "interestExpense": 0,
        "depreciationAndAmortization": 14627250,
        "ebitda": 155949250,
        "ebitdaratio": 0.3357501938,
        "operatingIncome": 141322000,
        "operatingIncomeRatio": 0.3042585257,
        "totalOtherIncomeExpensesNet": 23604000,
        "incomeBeforeTax": 164926000,
        "incomeBeforeTaxRatio": 0.3550766449,
        "incomeTaxExpense": 32197000,
        "netIncome": 130567000,
        "netIncomeRatio": 0.2811035997,
        "eps": 0.55,
        "epsdiluted": 0.49,
        "weightedAverageShsOut": 237499000,
        "weightedAverageShsOutDil": 265824000,
        "link": null,
        "finalLink": null
    },
    {
        "date": "2024-06-30",
        "symbol": "WB",
        "reportedCurrency": "USD",
        "cik": "0001595761",
        "fillingDate": "2024-06-30",
        "acceptedDate": "2024-06-30 00:00:00",
        "calendarYear": "2024",
        "period": "Q2",
        "revenue": 437873000,
        "costOfRevenue": 89790000,
        "grossProfit": 348083000,
        "grossProfitRatio": 0.7949405421,
        "researchAndDevelopmentExpenses": 71689000,
        "generalAndAdministrativeExpenses": 26777000,
        "sellingAndMarketingExpenses": 114232000,
        "sellingGeneralAndAdministrativeExpenses": 141009000,
        "otherExpenses": 0,
        "operatingExpenses": 212698000,
        "costAndExpenses": 302488000,
        "interestIncome": 11182000,
        "interestExpense": 0,
        "depreciationAndAmortization": 14627250,
        "ebitda": 150012250,
        "ebitdaratio": 0.3425930578,
        "operatingIncome": 135385000,
        "operatingIncomeRatio": 0.3091878239,
        "totalOtherIncomeExpensesNet": 11427000,
        "incomeBeforeTax": 146812000,
        "incomeBeforeTaxRatio": 0.3352844318,
        "incomeTaxExpense": 33275000,
        "netIncome": 111931000,
        "netIncomeRatio": 0.2556243477,
        "eps": 0.47,
        "epsdiluted": 0.42,
        "weightedAverageShsOut": 237124000,
        "weightedAverageShsOutDil": 265086000,
        "link": null,
        "finalLink": null
    },
    {
        "date": "2024-03-31",
        "symbol": "WB",
        "reportedCurrency": "USD",
        "cik": "0001595761",
        "fillingDate": "2024-03-31",
        "acceptedDate": "2024-03-31 00:00:00",
        "calendarYear": "2024",
        "period": "Q1",
        "revenue": 395497000,
        "costOfRevenue": 86821000,
        "grossProfit": 308676000,
        "grossProfitRatio": 0.7804762109,
        "researchAndDevelopmentExpenses": 80726000,
        "generalAndAdministrativeExpenses": 24586000,
        "sellingAndMarketingExpenses": 103627000,
        "sellingGeneralAndAdministrativeExpenses": 128213000,
        "otherExpenses": 0,
        "operatingExpenses": 208939000,
        "costAndExpenses": 295760000,
        "interestIncome": 0,
        "interestExpense": 18611000,
        "depreciationAndAmortization": 14476000,
        "ebitda": 90632000,
        "ebitdaratio": 0.2291597661,
        "operatingIncome": 99737000,
        "operatingIncomeRatio": 0.2521814325,
        "totalOtherIncomeExpensesNet": -23581000,
        "incomeBeforeTax": 76156000,
        "incomeBeforeTaxRatio": 0.1925577185,
        "incomeTaxExpense": 25044000,
        "netIncome": 49438000,
        "netIncomeRatio": 0.1250022124,
        "eps": 0.21,
        "epsdiluted": 0.19,
        "weightedAverageShsOut": 236694000,
        "weightedAverageShsOutDil": 263644000,
        "link": null,
        "finalLink": null
    },
    {
        "date": "2023-12-31",
        "symbol": "WB",
        "reportedCurrency": "USD",
        "cik": "0001595761",
        "fillingDate": "2024-04-25",
        "acceptedDate": "2024-04-25 06:03:22",
        "calendarYear": "2023",
        "period": "Q4",
        "revenue": 463667000,
        "costOfRevenue": 100156000,
        "grossProfit": 363511000,
        "grossProfitRatio": 0.7839915284,
        "researchAndDevelopmentExpenses": 67243000,
        "generalAndAdministrativeExpenses": 37537000,
        "sellingAndMarketingExpenses": 139726000,
        "sellingGeneralAndAdministrativeExpenses": 177263000,
        "otherExpenses": 0,
        "operatingExpenses": 244506000,
        "costAndExpenses": 344662000,
        "interestIncome": 25719622,
        "interestExpense": 0,
        "depreciationAndAmortization": 14505045,
        "ebitda": 176875770,
        "ebitdaratio": 0.3814715518,
        "operatingIncome": 119005000,
        "operatingIncomeRatio": 0.2566604913,
        "totalOtherIncomeExpensesNet": 42257000,
        "incomeBeforeTax": 161262000,
        "incomeBeforeTaxRatio": 0.3477970181,
        "incomeTaxExpense": 72578000,
        "netIncome": 83230000,
        "netIncomeRatio": 0.1795038249,
        "eps": 0.35,
        "epsdiluted": 0.34,
        "weightedAverageShsOut": 236311000,
        "weightedAverageShsOutDil": 246382000,
        "link": "https://www.sec.gov/Archives/edgar/data/1595761/000110465924051442/0001104659-24-051442-index.htm",
        "finalLink": "https://www.sec.gov/Archives/edgar/data/1595761/000110465924051442/wb-20231231x20f.htm"
    },
    {
        "date": "2023-09-30",
        "symbol": "WB",
        "reportedCurrency": "USD",
        "cik": "0001595761",
        "fillingDate": "2023-11-29",
        "acceptedDate": "2023-11-29 16:09:07",
        "calendarYear": "2023",
        "period": "Q3",
        "revenue": 442151000,
        "costOfRevenue": 93998000,
        "grossProfit": 348153000,
        "grossProfitRatio": 0.7874074694,
        "researchAndDevelopmentExpenses": 82764000,
        "generalAndAdministrativeExpenses": 21627000,
        "sellingAndMarketingExpenses": 109776000,
        "sellingGeneralAndAdministrativeExpenses": 131403000,
        "otherExpenses": 0,
        "operatingExpenses": 214167000,
        "costAndExpenses": 308165000,
        "interestIncome": 2823000,
        "interestExpense": 0,
        "depreciationAndAmortization": 13563000,
        "ebitda": 133986000,
        "ebitdaratio": 0.303032222,
        "operatingIncome": 133986000,
        "operatingIncomeRatio": 0.303032222,
        "totalOtherIncomeExpensesNet": -28413000,
        "incomeBeforeTax": 105573000,
        "incomeBeforeTaxRatio": 0.23877137,
        "incomeTaxExpense": 25407000,
        "netIncome": 77489000,
        "netIncomeRatio": 0.1752546076,
        "eps": 0.33,
        "epsdiluted": 0.32,
        "weightedAverageShsOut": 235842000,
        "weightedAverageShsOutDil": 238655000,
        "link": "https://www.sec.gov/Archives/edgar/data/1595761/000110465923122031/0001104659-23-122031-index.htm",
        "finalLink": "https://www.sec.gov/Archives/edgar/data/1595761/000110465923122031/wb-20230930xex99d1.htm"
    },
    {
        "date": "2023-06-30",
        "symbol": "WB",
        "reportedCurrency": "USD",
        "cik": "0001595761",
        "fillingDate": "2023-06-30",
        "acceptedDate": "2023-06-30 00:00:00",
        "calendarYear": "2023",
        "period": "Q2",
        "revenue": 440240000,
        "costOfRevenue": 94272000,
        "grossProfit": 345968000,
        "grossProfitRatio": 0.785862257,
        "researchAndDevelopmentExpenses": 92945000,
        "generalAndAdministrativeExpenses": 28258000,
        "sellingAndMarketingExpenses": 101312000,
        "sellingGeneralAndAdministrativeExpenses": 129570000,
        "otherExpenses": 0,
        "operatingExpenses": 222515000,
        "costAndExpenses": 316787000,
        "interestIncome": 11357000,
        "interestExpense": 0,
        "depreciationAndAmortization": 14233000,
        "ebitda": 137126500,
        "ebitdaratio": 0.3114812375,
        "operatingIncome": 123453000,
        "operatingIncomeRatio": 0.2804220425,
        "totalOtherIncomeExpensesNet": -13833000,
        "incomeBeforeTax": 109620000,
        "incomeBeforeTaxRatio": 0.2490005452,
        "incomeTaxExpense": 25450000,
        "netIncome": 81387000,
        "netIncomeRatio": 0.1848696166,
        "eps": 0.35,
        "epsdiluted": 0.34,
        "weightedAverageShsOut": 235361000,
        "weightedAverageShsOutDil": 237886000,
        "link": null,
        "finalLink": null
    },
    {
        "date": "2023-03-31",
        "symbol": "WB",
        "reportedCurrency": "USD",
        "cik": "0001595761",
        "fillingDate": "2023-03-31",
        "acceptedDate": "2023-03-31 00:00:00",
        "calendarYear": "2023",
        "period": "Q1",
        "revenue": 413778000,
        "costOfRevenue": 85853000,
        "grossProfit": 327925000,
        "grossProfitRatio": 0.7925143434,
        "researchAndDevelopmentExpenses": 90676000,
        "generalAndAdministrativeExpenses": 34265000,
        "sellingAndMarketingExpenses": 106494000,
        "sellingGeneralAndAdministrativeExpenses": 140759000,
        "otherExpenses": 0,
        "operatingExpenses": 231435000,
        "costAndExpenses": 317288000,
        "interestIncome": 2682000,
        "interestExpense": 0,
        "depreciationAndAmortization": 15040000,
        "ebitda": 110163500,
        "ebitdaratio": 0.266238176,
        "operatingIncome": 96490000,
        "operatingIncomeRatio": 0.2331926782,
        "totalOtherIncomeExpensesNet": 29837000,
        "incomeBeforeTax": 126327000,
        "incomeBeforeTaxRatio": 0.3053013935,
        "incomeTaxExpense": 21852000,
        "netIncome": 100492000,
        "netIncomeRatio": 0.2428645312,
        "eps": 0.43,
        "epsdiluted": 0.42,
        "weightedAverageShsOut": 234705000,
        "weightedAverageShsOutDil": 236895000,
        "link": null,
        "finalLink": null
    },
    {
        "date": "2022-12-31",
        "symbol": "WB",
        "reportedCurrency": "USD",
        "cik": "0001595761",
        "fillingDate": "2023-04-27",
        "acceptedDate": "2023-04-27 06:05:55",
        "calendarYear": "2022",
        "period": "Q4",
        "revenue": 447998000,
        "costOfRevenue": 106087000,
        "grossProfit": 341911000,
        "grossProfitRatio": 0.7631976036,
        "researchAndDevelopmentExpenses": 99328000,
        "generalAndAdministrativeExpenses": -40552000,
        "sellingAndMarketingExpenses": 122665000,
        "sellingGeneralAndAdministrativeExpenses": 82113000,
        "otherExpenses": 0,
        "operatingExpenses": 181441000,
        "costAndExpenses": 287528000,
        "interestIncome": 5511000,
        "interestExpense": 17508000,
        "depreciationAndAmortization": 11993000,
        "ebitda": 160470000,
        "ebitdaratio": 0.3581935634,
        "operatingIncome": -72791000,
        "operatingIncomeRatio": -0.1624806361,
        "totalOtherIncomeExpensesNet": -21090000,
        "incomeBeforeTax": 139380000,
        "incomeBeforeTaxRatio": 0.3111174603,
        "incomeTaxExpense": -18701000,
        "netIncome": 141916000,
        "netIncomeRatio": 0.3167781999,
        "eps": 0.61,
        "epsdiluted": 0.59,
        "weightedAverageShsOut": 234040000,
        "weightedAverageShsOutDil": 238887000,
        "link": "https://www.sec.gov/Archives/edgar/data/1595761/000110465923050582/0001104659-23-050582-index.htm",
        "finalLink": "https://www.sec.gov/Archives/edgar/data/1595761/000110465923050582/wb-20221231x20f.htm"
    },
    {
        "date": "2022-09-30",
        "symbol": "WB",
        "reportedCurrency": "USD",
        "cik": "0001595761",
        "fillingDate": "2022-09-30",
        "acceptedDate": "2022-09-30 00:00:00",
        "calendarYear": "2022",
        "period": "Q3",
        "revenue": 453560000,
        "costOfRevenue": 94383000,
        "grossProfit": 359177000,
        "grossProfitRatio": 0.7919062528,
        "researchAndDevelopmentExpenses": 97025000,
        "generalAndAdministrativeExpenses": 25322000,
        "sellingAndMarketingExpenses": 113619000,
        "sellingGeneralAndAdministrativeExpenses": 138941000,
        "otherExpenses": 0,
        "operatingExpenses": 235966000,
        "costAndExpenses": 330349000,
        "interestIncome": 8896000,
        "interestExpense": 0,
        "depreciationAndAmortization": 12649000,
        "ebitda": 136963000,
        "ebitdaratio": 0.3019732781,
        "operatingIncome": 364160000,
        "operatingIncomeRatio": 0.8028926713,
        "totalOtherIncomeExpensesNet": -120361000,
        "incomeBeforeTax": 2850000,
        "incomeBeforeTaxRatio": 0.0062836229,
        "incomeTaxExpense": 19760000,
        "netIncome": -16910000,
        "netIncomeRatio": -0.0372828292,
        "eps": -0.0717,
        "epsdiluted": -0.0717,
        "weightedAverageShsOut": 235894000,
        "weightedAverageShsOutDil": 235894000,
        "link": "",
        "finalLink": ""
    },
    {
        "date": "2022-06-30",
        "symbol": "WB",
        "reportedCurrency": "USD",
        "cik": "0001595761",
        "fillingDate": "2022-06-30",
        "acceptedDate": "2022-06-30 00:00:00",
        "calendarYear": "2022",
        "period": "Q2",
        "revenue": 450152000,
        "costOfRevenue": 95314000,
        "grossProfit": 354838000,
        "grossProfitRatio": 0.7882626313,
        "researchAndDevelopmentExpenses": 106403000,
        "generalAndAdministrativeExpenses": 28809000,
        "sellingAndMarketingExpenses": 115512000,
        "sellingGeneralAndAdministrativeExpenses": 144321000,
        "otherExpenses": 0,
        "operatingExpenses": 250724000,
        "costAndExpenses": 346038000,
        "interestIncome": 0,
        "interestExpense": 21721000,
        "depreciationAndAmortization": 8616000,
        "ebitda": 55157000,
        "ebitdaratio": 0.1225297233,
        "operatingIncome": 93938000,
        "operatingIncomeRatio": 0.2086806234,
        "totalOtherIncomeExpensesNet": -47397000,
        "incomeBeforeTax": 46541000,
        "incomeBeforeTaxRatio": 0.1033895218,
        "incomeTaxExpense": 17502000,
        "netIncome": 28300000,
        "netIncomeRatio": 0.0628676536,
        "eps": 0.12,
        "epsdiluted": 0.12,
        "weightedAverageShsOut": 235521000,
        "weightedAverageShsOutDil": 237025000,
        "link": null,
        "finalLink": null
    },
    {
        "date": "2022-03-31",
        "symbol": "WB",
        "reportedCurrency": "USD",
        "cik": "0001595761",
        "fillingDate": "2022-03-31",
        "acceptedDate": "2022-03-31 00:00:00",
        "calendarYear": "2022",
        "period": "Q1",
        "revenue": 484622000,
        "costOfRevenue": 104801000,
        "grossProfit": 379821000,
        "grossProfitRatio": 0.7837469203,
        "researchAndDevelopmentExpenses": 112434000,
        "generalAndAdministrativeExpenses": 39227000,
        "sellingAndMarketingExpenses": 125311000,
        "sellingGeneralAndAdministrativeExpenses": 164538000,
        "otherExpenses": 0,
        "operatingExpenses": 276972000,
        "costAndExpenses": 381773000,
        "interestIncome": 14416000,
        "interestExpense": 0,
        "depreciationAndAmortization": 13752000,
        "ebitda": 102849000,
        "ebitdaratio": 0.2122251982,
        "operatingIncome": 425040000,
        "operatingIncomeRatio": 0.8770546942,
        "totalOtherIncomeExpensesNet": -163534000,
        "incomeBeforeTax": -60685000,
        "incomeBeforeTaxRatio": -0.1252213065,
        "incomeTaxExpense": 11716000,
        "netIncome": -72401000,
        "netIncomeRatio": -0.1493968495,
        "eps": -0.31,
        "epsdiluted": -0.31,
        "weightedAverageShsOut": 232841379,
        "weightedAverageShsOutDil": 235206000,
        "link": "",
        "finalLink": ""
    },
    {
        "date": "2021-12-31",
        "symbol": "WB",
        "reportedCurrency": "USD",
        "cik": "0001595761",
        "fillingDate": "2022-03-10",
        "acceptedDate": "2022-03-10 16:06:10",
        "calendarYear": "2021",
        "period": "Q4",
        "revenue": 616287000,
        "costOfRevenue": 128545000,
        "grossProfit": 487742000,
        "grossProfitRatio": 0.7914202312,
        "researchAndDevelopmentExpenses": 113867000,
        "generalAndAdministrativeExpenses": 38878000,
        "sellingAndMarketingExpenses": 152475000,
        "sellingGeneralAndAdministrativeExpenses": 191353000,
        "otherExpenses": 0,
        "operatingExpenses": 305220000,
        "costAndExpenses": 433765000,
        "interestIncome": 5161000,
        "interestExpense": 0,
        "depreciationAndAmortization": 14309000,
        "ebitda": 197358000,
        "ebitdaratio": 0.3202371622,
        "operatingIncome": 182522000,
        "operatingIncomeRatio": 0.2961639626,
        "totalOtherIncomeExpensesNet": -36815000,
        "incomeBeforeTax": 145707000,
        "incomeBeforeTaxRatio": 0.2364271841,
        "incomeTaxExpense": 45581000,
        "netIncome": 115733000,
        "netIncomeRatio": 0.1877907533,
        "eps": 0.5,
        "epsdiluted": 0.5,
        "weightedAverageShsOut": 230679000,
        "weightedAverageShsOutDil": 231506000,
        "link": "https://www.sec.gov/Archives/edgar/data/1595761/000110465922032439/0001104659-22-032439-index.htm",
        "finalLink": "https://www.sec.gov/Archives/edgar/data/1595761/000110465922032439/wb-20211231x20f.htm"
    },
    {
        "date": "2021-09-30",
        "symbol": "WB",
        "reportedCurrency": "USD",
        "cik": "0001595761",
        "fillingDate": "2021-11-18",
        "acceptedDate": "2021-11-18 07:36:28",
        "calendarYear": "2021",
        "period": "Q3",
        "revenue": 607434000,
        "costOfRevenue": 102978000,
        "grossProfit": 504456000,
        "grossProfitRatio": 0.8304704709,
        "researchAndDevelopmentExpenses": 118821000,
        "generalAndAdministrativeExpenses": 31747000,
        "sellingAndMarketingExpenses": 140839000,
        "sellingGeneralAndAdministrativeExpenses": 172586000,
        "otherExpenses": 0,
        "operatingExpenses": 291407000,
        "costAndExpenses": 394385000,
        "interestIncome": 0,
        "interestExpense": 0,
        "depreciationAndAmortization": 13619000,
        "ebitda": 226439653,
        "ebitdaratio": 0.3727806692,
        "operatingIncome": 213049000,
        "operatingIncomeRatio": 0.350736047,
        "totalOtherIncomeExpensesNet": 157000,
        "incomeBeforeTax": 213206000,
        "incomeBeforeTaxRatio": 0.3509945113,
        "incomeTaxExpense": 31405000,
        "netIncome": 181738000,
        "netIncomeRatio": 0.2991897062,
        "eps": 0.79,
        "epsdiluted": 0.78,
        "weightedAverageShsOut": 228675000,
        "weightedAverageShsOutDil": 237183000,
        "link": "https://www.sec.gov/Archives/edgar/data/1595761/000110465921140888/0001104659-21-140888-index.htm",
        "finalLink": "https://www.sec.gov/Archives/edgar/data/1595761/000110465921140888/wb-20210630xex99d1.htm"
    },
    {
        "date": "2021-06-30",
        "symbol": "WB",
        "reportedCurrency": "USD",
        "cik": "0001595761",
        "fillingDate": "2021-06-30",
        "acceptedDate": "2021-06-30 00:00:00",
        "calendarYear": "2021",
        "period": "Q2",
        "revenue": 574466000,
        "costOfRevenue": 92548000,
        "grossProfit": 481918000,
        "grossProfitRatio": 0.8388973412,
        "researchAndDevelopmentExpenses": 101419000,
        "generalAndAdministrativeExpenses": 32869000,
        "sellingAndMarketingExpenses": 154393000,
        "sellingGeneralAndAdministrativeExpenses": 187262000,
        "otherExpenses": 0,
        "operatingExpenses": 288681000,
        "costAndExpenses": 381229000,
        "interestIncome": 11474000,
        "interestExpense": 0,
        "depreciationAndAmortization": 8204000,
        "ebitda": 201263750,
        "ebitdaratio": 0.3503492809,
        "operatingIncome": 193237000,
        "operatingIncomeRatio": 0.3363767394,
        "totalOtherIncomeExpensesNet": -65340000,
        "incomeBeforeTax": 127897000,
        "incomeBeforeTaxRatio": 0.2226363266,
        "incomeTaxExpense": 46910000,
        "netIncome": 81028000,
        "netIncomeRatio": 0.1410492527,
        "eps": 0.36,
        "epsdiluted": 0.35,
        "weightedAverageShsOut": 228099000,
        "weightedAverageShsOutDil": 229555000,
        "link": null,
        "finalLink": null
    },
    {
        "date": "2021-03-31",
        "symbol": "WB",
        "reportedCurrency": "USD",
        "cik": "0001595761",
        "fillingDate": "2021-03-31",
        "acceptedDate": "2021-03-31 00:00:00",
        "calendarYear": "2021",
        "period": "Q1",
        "revenue": 458896000,
        "costOfRevenue": 79770000,
        "grossProfit": 379126000,
        "grossProfitRatio": 0.826169764,
        "researchAndDevelopmentExpenses": 96566000,
        "generalAndAdministrativeExpenses": 29981000,
        "sellingAndMarketingExpenses": 143975000,
        "sellingGeneralAndAdministrativeExpenses": 173956000,
        "otherExpenses": 0,
        "operatingExpenses": 270522000,
        "costAndExpenses": 350292000,
        "interestIncome": 13504000,
        "interestExpense": 0,
        "depreciationAndAmortization": 7909000,
        "ebitda": 116630750,
        "ebitdaratio": 0.2541550809,
        "operatingIncome": 108604000,
        "operatingIncomeRatio": 0.2366636449,
        "totalOtherIncomeExpensesNet": -44696000,
        "incomeBeforeTax": 63908000,
        "incomeBeforeTaxRatio": 0.13926467,
        "incomeTaxExpense": 14945000,
        "netIncome": 49820000,
        "netIncomeRatio": 0.1085649036,
        "eps": 0.22,
        "epsdiluted": 0.22,
        "weightedAverageShsOut": 227771000,
        "weightedAverageShsOutDil": 229302000,
        "link": "",
        "finalLink": ""
    },
    {
        "date": "2020-12-31",
        "symbol": "WB",
        "reportedCurrency": "USD",
        "cik": "0001595761",
        "fillingDate": "2021-04-22",
        "acceptedDate": "2021-04-22 06:56:59",
        "calendarYear": "2020",
        "period": "Q4",
        "revenue": 513410000,
        "costOfRevenue": 87288000,
        "grossProfit": 426122000,
        "grossProfitRatio": 0.8299838336,
        "researchAndDevelopmentExpenses": 90229000,
        "generalAndAdministrativeExpenses": 15113000,
        "sellingAndMarketingExpenses": 139136000,
        "sellingGeneralAndAdministrativeExpenses": 154249000,
        "otherExpenses": 0,
        "operatingExpenses": 244478000,
        "costAndExpenses": 331766000,
        "interestIncome": 9531000,
        "interestExpense": 0,
        "depreciationAndAmortization": 10685000,
        "ebitda": 181644000,
        "ebitdaratio": 0.3537991079,
        "operatingIncome": 181644000,
        "operatingIncomeRatio": 0.3537991079,
        "totalOtherIncomeExpensesNet": -175840000,
        "incomeBeforeTax": 5804000,
        "incomeBeforeTaxRatio": 0.0113048051,
        "incomeTaxExpense": -25314000,
        "netIncome": 29042000,
        "netIncomeRatio": 0.0565668764,
        "eps": 0.13,
        "epsdiluted": 0.13,
        "weightedAverageShsOut": 227495000,
        "weightedAverageShsOutDil": 228489000,
        "link": "https://www.sec.gov/Archives/edgar/data/1595761/000110465921053395/0001104659-21-053395-index.htm",
        "finalLink": "https://www.sec.gov/Archives/edgar/data/1595761/000110465921053395/wb-20201231x20f.htm"
    },
    {
        "date": "2020-09-30",
        "symbol": "WB",
        "reportedCurrency": "USD",
        "cik": "0001595761",
        "fillingDate": "2020-09-30",
        "acceptedDate": "2020-09-30 00:00:00",
        "calendarYear": "2020",
        "period": "Q3",
        "revenue": 465739000,
        "costOfRevenue": 77198000,
        "grossProfit": 388541000,
        "grossProfitRatio": 0.8342462194,
        "researchAndDevelopmentExpenses": 83511000,
        "generalAndAdministrativeExpenses": 38813000,
        "sellingAndMarketingExpenses": 105263000,
        "sellingGeneralAndAdministrativeExpenses": 144076000,
        "otherExpenses": 0,
        "operatingExpenses": 227587000,
        "costAndExpenses": 304785000,
        "interestIncome": 6311000,
        "interestExpense": 0,
        "depreciationAndAmortization": 7140660,
        "ebitda": 160954000,
        "ebitdaratio": 0.345588409,
        "operatingIncome": 160954000,
        "operatingIncomeRatio": 0.345588409,
        "totalOtherIncomeExpensesNet": -97476000,
        "incomeBeforeTax": 63478000,
        "incomeBeforeTaxRatio": 0.1362952211,
        "incomeTaxExpense": 30003000,
        "netIncome": 33798000,
        "netIncomeRatio": 0.0725685416,
        "eps": 0.15,
        "epsdiluted": 0.15,
        "weightedAverageShsOut": 227110000,
        "weightedAverageShsOutDil": 227793000,
        "link": "",
        "finalLink": ""
    },
    {
        "date": "2020-06-30",
        "symbol": "WB",
        "reportedCurrency": "USD",
        "cik": "0001595761",
        "fillingDate": "2020-06-30",
        "acceptedDate": "2020-06-30 00:00:00",
        "calendarYear": "2020",
        "period": "Q2",
        "revenue": 387393000,
        "costOfRevenue": 63584000,
        "grossProfit": 323809000,
        "grossProfitRatio": 0.8358669362,
        "researchAndDevelopmentExpenses": 75961000,
        "generalAndAdministrativeExpenses": 29545000,
        "sellingAndMarketingExpenses": 112118000,
        "sellingGeneralAndAdministrativeExpenses": 141663000,
        "otherExpenses": 0,
        "operatingExpenses": 217624000,
        "costAndExpenses": 281208000,
        "interestIncome": 15085000,
        "interestExpense": 0,
        "depreciationAndAmortization": 7971000,
        "ebitda": 112628000,
        "ebitdaratio": 0.2907331831,
        "operatingIncome": 106185000,
        "operatingIncomeRatio": 0.2741014938,
        "totalOtherIncomeExpensesNet": 132464000,
        "incomeBeforeTax": 238649000,
        "incomeBeforeTaxRatio": 0.6160384932,
        "incomeTaxExpense": 40744000,
        "netIncome": 198416000,
        "netIncomeRatio": 0.5121827188,
        "eps": 0.88,
        "epsdiluted": 0.86,
        "weightedAverageShsOut": 226678000,
        "weightedAverageShsOutDil": 233983000,
        "link": null,
        "finalLink": null
    },
    {
        "date": "2020-03-31",
        "symbol": "WB",
        "reportedCurrency": "USD",
        "cik": "0001595761",
        "fillingDate": "2020-06-29",
        "acceptedDate": "2020-06-29 19:43:55",
        "calendarYear": "2020",
        "period": "Q1",
        "revenue": 323389000,
        "costOfRevenue": 74110000,
        "grossProfit": 249279000,
        "grossProfitRatio": 0.7708332689,
        "researchAndDevelopmentExpenses": 74409000,
        "generalAndAdministrativeExpenses": 17753000,
        "sellingAndMarketingExpenses": 99102000,
        "sellingGeneralAndAdministrativeExpenses": 116855000,
        "otherExpenses": 0,
        "operatingExpenses": 191264000,
        "costAndExpenses": 265374000,
        "interestIncome": 12905000,
        "interestExpense": 0,
        "depreciationAndAmortization": 7593000,
        "ebitda": 65608000,
        "ebitdaratio": 0.202876412,
        "operatingIncome": 58015000,
        "operatingIncomeRatio": 0.1793969492,
        "totalOtherIncomeExpensesNet": 9967000,
        "incomeBeforeTax": 67982000,
        "incomeBeforeTaxRatio": 0.2102174162,
        "incomeTaxExpense": 15883000,
        "netIncome": 52108000,
        "netIncomeRatio": 0.1611310218,
        "eps": 0.23,
        "epsdiluted": 0.23,
        "weightedAverageShsOut": 226392000,
        "weightedAverageShsOutDil": 227029000,
        "link": "https://www.sec.gov/Archives/edgar/data/1595761/000110465920078190/0001104659-20-078190-index.htm",
        "finalLink": "https://www.sec.gov/Archives/edgar/data/1595761/000110465920078190/a20-21073_3ex99d1.htm"
    },
    {
        "date": "2019-12-31",
        "symbol": "WB",
        "reportedCurrency": "USD",
        "cik": "0001595761",
        "fillingDate": "2020-04-29",
        "acceptedDate": "2020-04-29 06:36:15",
        "calendarYear": "2019",
        "period": "Q4",
        "revenue": 468148000,
        "costOfRevenue": 90566000,
        "grossProfit": 377582000,
        "grossProfitRatio": 0.8065440843,
        "researchAndDevelopmentExpenses": 75187000,
        "generalAndAdministrativeExpenses": 28286000,
        "sellingAndMarketingExpenses": 123372000,
        "sellingGeneralAndAdministrativeExpenses": 151658000,
        "otherExpenses": 0,
        "operatingExpenses": 226845000,
        "costAndExpenses": 317411000,
        "interestIncome": 13253000,
        "interestExpense": 0,
        "depreciationAndAmortization": 6443000,
        "ebitda": 150737000,
        "ebitdaratio": 0.3219857823,
        "operatingIncome": 150737000,
        "operatingIncomeRatio": 0.3219857823,
        "totalOtherIncomeExpensesNet": -25119000,
        "incomeBeforeTax": 125618000,
        "incomeBeforeTaxRatio": 0.2683296735,
        "incomeTaxExpense": 31056000,
        "netIncome": 95068000,
        "netIncomeRatio": 0.2030725326,
        "eps": 0.42,
        "epsdiluted": 0.42,
        "weightedAverageShsOut": 226000000,
        "weightedAverageShsOutDil": 226844000,
        "link": "https://www.sec.gov/Archives/edgar/data/1595761/000110465920052748/0001104659-20-052748-index.htm",
        "finalLink": "https://www.sec.gov/Archives/edgar/data/1595761/000110465920052748/wb-20191231x20f.htm"
    },
    {
        "date": "2019-09-30",
        "symbol": "WB",
        "reportedCurrency": "USD",
        "cik": "0001595761",
        "fillingDate": "2019-11-15",
        "acceptedDate": "2019-11-15 06:04:24",
        "calendarYear": "2019",
        "period": "Q3",
        "revenue": 467753000,
        "costOfRevenue": 73471000,
        "grossProfit": 394282000,
        "grossProfitRatio": 0.8429277845,
        "researchAndDevelopmentExpenses": 69036000,
        "generalAndAdministrativeExpenses": 23323000,
        "sellingAndMarketingExpenses": 129411000,
        "sellingGeneralAndAdministrativeExpenses": 152734000,
        "otherExpenses": 0,
        "operatingExpenses": 221770000,
        "costAndExpenses": 295241000,
        "interestIncome": 4665000,
        "interestExpense": 0,
        "depreciationAndAmortization": 4961750,
        "ebitda": 172512000,
        "ebitdaratio": 0.3688100344,
        "operatingIncome": 172512000,
        "operatingIncomeRatio": 0.3688100344,
        "totalOtherIncomeExpensesNet": 5309000,
        "incomeBeforeTax": 177821000,
        "incomeBeforeTaxRatio": 0.3801600417,
        "incomeTaxExpense": 31362000,
        "netIncome": 146169000,
        "netIncomeRatio": 0.3124918493,
        "eps": 0.65,
        "epsdiluted": 0.64,
        "weightedAverageShsOut": 225610000,
        "weightedAverageShsOutDil": 233126000,
        "link": "https://www.sec.gov/Archives/edgar/data/1595761/000110465919064507/0001104659-19-064507-index.html",
        "finalLink": "https://www.sec.gov/Archives/edgar/data/1595761/000110465919064507/a19-22941_16k.htm"
    },
    {
        "date": "2019-06-30",
        "symbol": "WB",
        "reportedCurrency": "USD",
        "cik": "0001595761",
        "fillingDate": "2019-06-30",
        "acceptedDate": "2019-06-30 00:00:00",
        "calendarYear": "2019",
        "period": "Q2",
        "revenue": 431836000,
        "costOfRevenue": 81972000,
        "grossProfit": 349864000,
        "grossProfitRatio": 0.8101779379,
        "researchAndDevelopmentExpenses": 70368000,
        "generalAndAdministrativeExpenses": 21825000,
        "sellingAndMarketingExpenses": 106405000,
        "sellingGeneralAndAdministrativeExpenses": 128230000,
        "otherExpenses": 0,
        "operatingExpenses": 198598000,
        "costAndExpenses": 280570000,
        "interestIncome": 17999000,
        "interestExpense": 0,
        "depreciationAndAmortization": 6164000,
        "ebitda": 151266000,
        "ebitdaratio": 0.3502857566,
        "operatingIncome": 151266000,
        "operatingIncomeRatio": 0.3502857566,
        "totalOtherIncomeExpensesNet": -23955000,
        "incomeBeforeTax": 127311000,
        "incomeBeforeTaxRatio": 0.2948133088,
        "incomeTaxExpense": 26073000,
        "netIncome": 102996000,
        "netIncomeRatio": 0.2385072111,
        "eps": 0.46,
        "epsdiluted": 0.46,
        "weightedAverageShsOut": 225262000,
        "weightedAverageShsOutDil": 226277000,
        "link": null,
        "finalLink": null
    },
    {
        "date": "2019-03-31",
        "symbol": "WB",
        "reportedCurrency": "USD",
        "cik": "0001595761",
        "fillingDate": "2019-06-20",
        "acceptedDate": "2019-06-20 06:01:35",
        "calendarYear": "2019",
        "period": "Q1",
        "revenue": 399177000,
        "costOfRevenue": 82817000,
        "grossProfit": 316360000,
        "grossProfitRatio": 0.7925306318,
        "researchAndDevelopmentExpenses": 69853000,
        "generalAndAdministrativeExpenses": 17287000,
        "sellingAndMarketingExpenses": 106151000,
        "sellingGeneralAndAdministrativeExpenses": 123438000,
        "otherExpenses": 0,
        "operatingExpenses": 193291000,
        "costAndExpenses": 276108000,
        "interestIncome": 12331000,
        "interestExpense": 0,
        "depreciationAndAmortization": 6164000,
        "ebitda": 129233000,
        "ebitdaratio": 0.3237486128,
        "operatingIncome": 123069000,
        "operatingIncomeRatio": 0.3083068413,
        "totalOtherIncomeExpensesNet": 48578000,
        "incomeBeforeTax": 171647000,
        "incomeBeforeTaxRatio": 0.4300022296,
        "incomeTaxExpense": 21073000,
        "netIncome": 150442000,
        "netIncomeRatio": 0.3768804315,
        "eps": 0.67,
        "epsdiluted": 0.66,
        "weightedAverageShsOut": 224924000,
        "weightedAverageShsOutDil": 232894000,
        "link": "https://www.sec.gov/Archives/edgar/data/1595761/000104746919003733/0001047469-19-003733-index.htm",
        "finalLink": "https://www.sec.gov/Archives/edgar/data/1595761/000104746919003733/a2239072zex-99_1.htm"
    },
    {
        "date": "2018-12-31",
        "symbol": "WB",
        "reportedCurrency": "USD",
        "cik": "0001595761",
        "fillingDate": "2019-04-29",
        "acceptedDate": "2019-04-29 06:20:27",
        "calendarYear": "2018",
        "period": "Q4",
        "revenue": 481875000,
        "costOfRevenue": 82940000,
        "grossProfit": 398935000,
        "grossProfitRatio": 0.8278806744,
        "researchAndDevelopmentExpenses": 62515000,
        "generalAndAdministrativeExpenses": 12865000,
        "sellingAndMarketingExpenses": 140525000,
        "sellingGeneralAndAdministrativeExpenses": 153390000,
        "otherExpenses": 0,
        "operatingExpenses": 215905000,
        "costAndExpenses": 298845000,
        "interestIncome": 11038000,
        "interestExpense": 0,
        "depreciationAndAmortization": -4690000,
        "ebitda": 183030000,
        "ebitdaratio": 0.3798287938,
        "operatingIncome": 183030000,
        "operatingIncomeRatio": 0.3798287938,
        "totalOtherIncomeExpensesNet": -1898000,
        "incomeBeforeTax": 181132000,
        "incomeBeforeTaxRatio": 0.375890013,
        "incomeTaxExpense": 14895000,
        "netIncome": 166507000,
        "netIncomeRatio": 0.3455398184,
        "eps": 0.74,
        "epsdiluted": 0.73,
        "weightedAverageShsOut": 224479000,
        "weightedAverageShsOutDil": 232558000,
        "link": "https://www.sec.gov/Archives/edgar/data/1595761/000110465919024226/0001104659-19-024226-index.htm",
        "finalLink": "https://www.sec.gov/Archives/edgar/data/1595761/000110465919024226/a18-41107_120f.htm"
    },
    {
        "date": "2018-09-30",
        "symbol": "WB",
        "reportedCurrency": "USD",
        "cik": "0001595761",
        "fillingDate": "2018-10-18",
        "acceptedDate": "2018-10-18 16:08:04",
        "calendarYear": "2018",
        "period": "Q3",
        "revenue": 460171000,
        "costOfRevenue": 70016000,
        "grossProfit": 390155000,
        "grossProfitRatio": 0.8478478653,
        "researchAndDevelopmentExpenses": 66222000,
        "generalAndAdministrativeExpenses": 10361000,
        "sellingAndMarketingExpenses": 141059000,
        "sellingGeneralAndAdministrativeExpenses": 151420000,
        "otherExpenses": 0,
        "operatingExpenses": 217642000,
        "costAndExpenses": 287658000,
        "interestIncome": 11218000,
        "interestExpense": 0,
        "depreciationAndAmortization": -10575000,
        "ebitda": 172513000,
        "ebitdaratio": 0.3748889,
        "operatingIncome": 161959000,
        "operatingIncomeRatio": 0.3519539476,
        "totalOtherIncomeExpensesNet": 32347000,
        "incomeBeforeTax": 204860000,
        "incomeBeforeTaxRatio": 0.4451823344,
        "incomeTaxExpense": 37882000,
        "netIncome": 165317000,
        "netIncomeRatio": 0.3592512349,
        "eps": 0.74,
        "epsdiluted": 0.73,
        "weightedAverageShsOut": 224060000,
        "weightedAverageShsOutDil": 232660000,
        "link": "https://www.sec.gov/Archives/edgar/data/1595761/000110465918062742/0001104659-18-062742-index.html",
        "finalLink": "https://www.sec.gov/Archives/edgar/data/1595761/000110465918062742/a18-36940_16k.htm"
    },
    {
        "date": "2018-06-30",
        "symbol": "WB",
        "reportedCurrency": "USD",
        "cik": "0001595761",
        "fillingDate": "2018-06-30",
        "acceptedDate": "2018-06-30 00:00:00",
        "calendarYear": "2018",
        "period": "Q2",
        "revenue": 426589000,
        "costOfRevenue": 61790000,
        "grossProfit": 364799000,
        "grossProfitRatio": 0.8551533209,
        "researchAndDevelopmentExpenses": 60613000,
        "generalAndAdministrativeExpenses": 9313000,
        "sellingAndMarketingExpenses": 139977000,
        "sellingGeneralAndAdministrativeExpenses": 149290000,
        "otherExpenses": 0,
        "operatingExpenses": 209903000,
        "costAndExpenses": 271693000,
        "interestIncome": 12481000,
        "interestExpense": 0,
        "depreciationAndAmortization": 1535000,
        "ebitda": 158728000,
        "ebitdaratio": 0.3720864814,
        "operatingIncome": 154896000,
        "operatingIncomeRatio": 0.3631035962,
        "totalOtherIncomeExpensesNet": 10946000,
        "incomeBeforeTax": 165842000,
        "incomeBeforeTaxRatio": 0.3887629545,
        "incomeTaxExpense": 25148000,
        "netIncome": 140914000,
        "netIncomeRatio": 0.3303273174,
        "eps": 0.63,
        "epsdiluted": 0.62,
        "weightedAverageShsOut": 223542000,
        "weightedAverageShsOutDil": 232768000,
        "link": "",
        "finalLink": ""
    },
    {
        "date": "2018-03-31",
        "symbol": "WB",
        "reportedCurrency": "USD",
        "cik": "0001595761",
        "fillingDate": "2018-03-31",
        "acceptedDate": "2018-03-31 00:00:00",
        "calendarYear": "2018",
        "period": "Q1",
        "revenue": 349883000,
        "costOfRevenue": 62902000,
        "grossProfit": 286981000,
        "grossProfitRatio": 0.8202199021,
        "researchAndDevelopmentExpenses": 60523000,
        "generalAndAdministrativeExpenses": 11216000,
        "sellingAndMarketingExpenses": 105863000,
        "sellingGeneralAndAdministrativeExpenses": 117079000,
        "otherExpenses": 0,
        "operatingExpenses": 177602000,
        "costAndExpenses": 240504000,
        "interestIncome": 9429000,
        "interestExpense": 0,
        "depreciationAndAmortization": 4690000,
        "ebitda": 114069000,
        "ebitdaratio": 0.3260204125,
        "operatingIncome": 109379000,
        "operatingIncomeRatio": 0.3126159316,
        "totalOtherIncomeExpensesNet": 7629000,
        "incomeBeforeTax": 117008000,
        "incomeBeforeTaxRatio": 0.3344203634,
        "incomeTaxExpense": 18297000,
        "netIncome": 99085000,
        "netIncomeRatio": 0.2831946679,
        "eps": 0.44,
        "epsdiluted": 0.44,
        "weightedAverageShsOut": 222902000,
        "weightedAverageShsOutDil": 225971000,
        "link": "",
        "finalLink": ""
    },
    {
        "date": "2017-12-31",
        "symbol": "WB",
        "reportedCurrency": "USD",
        "cik": "0001595761",
        "fillingDate": "2017-12-31",
        "acceptedDate": "2017-12-31 00:00:00",
        "calendarYear": "2017",
        "period": "Q4",
        "revenue": 377445000,
        "costOfRevenue": 72005000,
        "grossProfit": 305440000,
        "grossProfitRatio": 0.8092304839,
        "researchAndDevelopmentExpenses": 57904000,
        "generalAndAdministrativeExpenses": 9592000,
        "sellingAndMarketingExpenses": 92665000,
        "sellingGeneralAndAdministrativeExpenses": 102257000,
        "otherExpenses": 0,
        "operatingExpenses": 160161000,
        "costAndExpenses": 232166000,
        "interestIncome": 4363000,
        "interestExpense": 0,
        "depreciationAndAmortization": 2683000,
        "ebitda": 149111000,
        "ebitdaratio": 0.395053584,
        "operatingIncome": 145279000,
        "operatingIncomeRatio": 0.3849011114,
        "totalOtherIncomeExpensesNet": 1680000,
        "incomeBeforeTax": 146959000,
        "incomeBeforeTaxRatio": 0.389352091,
        "incomeTaxExpense": 17045000,
        "netIncome": 130982000,
        "netIncomeRatio": 0.347022745,
        "eps": 0.59,
        "epsdiluted": 0.58,
        "weightedAverageShsOut": 222189000,
        "weightedAverageShsOutDil": 230465000,
        "link": null,
        "finalLink": null
    },
    {
        "date": "2017-09-30",
        "symbol": "WB",
        "reportedCurrency": "USD",
        "cik": "0001595761",
        "fillingDate": "2017-10-24",
        "acceptedDate": "2017-10-24 16:50:37",
        "calendarYear": "2017",
        "period": "Q3",
        "revenue": 320035000,
        "costOfRevenue": 62428000,
        "grossProfit": 257607000,
        "grossProfitRatio": 0.8049338354,
        "researchAndDevelopmentExpenses": 50770000,
        "generalAndAdministrativeExpenses": 12037000,
        "sellingAndMarketingExpenses": 76346000,
        "sellingGeneralAndAdministrativeExpenses": 88383000,
        "otherExpenses": 0,
        "operatingExpenses": 139153000,
        "costAndExpenses": 201581000,
        "interestIncome": 4937000,
        "interestExpense": 0,
        "depreciationAndAmortization": 680000,
        "ebitda": 121949500,
        "ebitdaratio": 0.3810505101,
        "operatingIncome": 118454000,
        "operatingIncomeRatio": 0.3701282672,
        "totalOtherIncomeExpensesNet": 4257000,
        "incomeBeforeTax": 122711000,
        "incomeBeforeTaxRatio": 0.3834299374,
        "incomeTaxExpense": 22022000,
        "netIncome": 101129000,
        "netIncomeRatio": 0.3159935632,
        "eps": 0.46,
        "epsdiluted": 0.45,
        "weightedAverageShsOut": 221428000,
        "weightedAverageShsOutDil": 225683000,
        "link": "https://www.sec.gov/Archives/edgar/data/1595761/000104746917006522/0001047469-17-006522-index.htm",
        "finalLink": "https://www.sec.gov/Archives/edgar/data/1595761/000104746917006522/a2233527zex-99_1.htm"
    },
    {
        "date": "2017-06-30",
        "symbol": "WB",
        "reportedCurrency": "USD",
        "cik": "0001595761",
        "fillingDate": "2017-06-30",
        "acceptedDate": "2017-06-30 00:00:00",
        "calendarYear": "2017",
        "period": "Q2",
        "revenue": 253373000,
        "costOfRevenue": 50372000,
        "grossProfit": 203001000,
        "grossProfitRatio": 0.8011942867,
        "researchAndDevelopmentExpenses": 45528000,
        "generalAndAdministrativeExpenses": 10140000,
        "sellingAndMarketingExpenses": 59363000,
        "sellingGeneralAndAdministrativeExpenses": 69503000,
        "otherExpenses": 0,
        "operatingExpenses": 115031000,
        "costAndExpenses": 165403000,
        "interestIncome": 2768000,
        "interestExpense": 0,
        "depreciationAndAmortization": 1248000,
        "ebitda": 91431000,
        "ebitdaratio": 0.3608553398,
        "operatingIncome": 87970000,
        "operatingIncomeRatio": 0.3471956365,
        "totalOtherIncomeExpensesNet": 1520000,
        "incomeBeforeTax": 89490000,
        "incomeBeforeTaxRatio": 0.3531946971,
        "incomeTaxExpense": 16363000,
        "netIncome": 73548000,
        "netIncomeRatio": 0.2902756016,
        "eps": 0.33,
        "epsdiluted": 0.33,
        "weightedAverageShsOut": 220256000,
        "weightedAverageShsOutDil": 225245000,
        "link": "",
        "finalLink": ""
    },
    {
        "date": "2017-03-31",
        "symbol": "WB",
        "reportedCurrency": "USD",
        "cik": "0001595761",
        "fillingDate": "2017-03-31",
        "acceptedDate": "2017-03-31 00:00:00",
        "calendarYear": "2017",
        "period": "Q1",
        "revenue": 199201000,
        "costOfRevenue": 46450000,
        "grossProfit": 152751000,
        "grossProfitRatio": 0.7668184397,
        "researchAndDevelopmentExpenses": 39191000,
        "generalAndAdministrativeExpenses": 10546000,
        "sellingAndMarketingExpenses": 47163000,
        "sellingGeneralAndAdministrativeExpenses": 57709000,
        "otherExpenses": 0,
        "operatingExpenses": 96900000,
        "costAndExpenses": 143350000,
        "interestIncome": 2222000,
        "interestExpense": 0,
        "depreciationAndAmortization": 122000,
        "ebitda": 59346500,
        "ebitdaratio": 0.2979227012,
        "operatingIncome": 55851000,
        "operatingIncomeRatio": 0.2803750985,
        "totalOtherIncomeExpensesNet": 2100000,
        "incomeBeforeTax": 57951000,
        "incomeBeforeTaxRatio": 0.2909172143,
        "incomeTaxExpense": 11316000,
        "netIncome": 46931000,
        "netIncomeRatio": 0.2355962068,
        "eps": 0.21,
        "epsdiluted": 0.21,
        "weightedAverageShsOut": 218296000,
        "weightedAverageShsOutDil": 224632000,
        "link": "",
        "finalLink": ""
    },
    {
        "date": "2016-12-31",
        "symbol": "WB",
        "reportedCurrency": "USD",
        "cik": "0001595761",
        "fillingDate": "2017-04-27",
        "acceptedDate": "2017-04-27 08:38:12",
        "calendarYear": "2016",
        "period": "Q4",
        "revenue": 212748000,
        "costOfRevenue": 49454000,
        "grossProfit": 163294000,
        "grossProfitRatio": 0.7675465809,
        "researchAndDevelopmentExpenses": 39869000,
        "generalAndAdministrativeExpenses": 11762000,
        "sellingAndMarketingExpenses": 48006000,
        "sellingGeneralAndAdministrativeExpenses": 59768000,
        "otherExpenses": 0,
        "operatingExpenses": 99637000,
        "costAndExpenses": 149091000,
        "interestIncome": 2885000,
        "interestExpense": 0,
        "depreciationAndAmortization": 24232000,
        "ebitda": 67152500,
        "ebitdaratio": 0.3156433903,
        "operatingIncome": 63657000,
        "operatingIncomeRatio": 0.2992131536,
        "totalOtherIncomeExpensesNet": -21347000,
        "incomeBeforeTax": 42310000,
        "incomeBeforeTaxRatio": 0.1988737849,
        "incomeTaxExpense": 55000,
        "netIncome": 42970000,
        "netIncomeRatio": 0.2019760468,
        "eps": 0.2,
        "epsdiluted": 0.19,
        "weightedAverageShsOut": 217464000,
        "weightedAverageShsOutDil": 224359000,
        "link": "https://www.sec.gov/Archives/edgar/data/1595761/000110465917026615/0001104659-17-026615-index.htm",
        "finalLink": "https://www.sec.gov/Archives/edgar/data/1595761/000110465917026615/a16-23329_120f.htm"
    },
    {
        "date": "2016-09-30",
        "symbol": "WB",
        "reportedCurrency": "USD",
        "cik": "0001595761",
        "fillingDate": "2016-09-30",
        "acceptedDate": "2016-09-30 00:00:00",
        "calendarYear": "2016",
        "period": "Q3",
        "revenue": 176877000,
        "costOfRevenue": 44494000,
        "grossProfit": 132383000,
        "grossProfitRatio": 0.7484466607,
        "researchAndDevelopmentExpenses": 39674000,
        "generalAndAdministrativeExpenses": 11718000,
        "sellingAndMarketingExpenses": 38070000,
        "sellingGeneralAndAdministrativeExpenses": 49788000,
        "otherExpenses": 0,
        "operatingExpenses": 89462000,
        "costAndExpenses": 133956000,
        "interestIncome": 1911000,
        "interestExpense": 0,
        "depreciationAndAmortization": 11087000,
        "ebitda": 48158500,
        "ebitdaratio": 0.2722711263,
        "operatingIncome": 42921000,
        "operatingIncomeRatio": 0.2426601537,
        "totalOtherIncomeExpensesNet": -9176000,
        "incomeBeforeTax": 33745000,
        "incomeBeforeTaxRatio": 0.190782295,
        "incomeTaxExpense": 1917000,
        "netIncome": 32102000,
        "netIncomeRatio": 0.1814933541,
        "eps": 0.15,
        "epsdiluted": 0.14,
        "weightedAverageShsOut": 215671000,
        "weightedAverageShsOutDil": 223861000,
        "link": "",
        "finalLink": ""
    },
    {
        "date": "2016-06-30",
        "symbol": "WB",
        "reportedCurrency": "USD",
        "cik": "0001595761",
        "fillingDate": "2016-06-30",
        "acceptedDate": "2016-06-30 00:00:00",
        "calendarYear": "2016",
        "period": "Q2",
        "revenue": 146885000,
        "costOfRevenue": 40657000,
        "grossProfit": 106228000,
        "grossProfitRatio": 0.7232052286,
        "researchAndDevelopmentExpenses": 37611000,
        "generalAndAdministrativeExpenses": 9200000,
        "sellingAndMarketingExpenses": 32166000,
        "sellingGeneralAndAdministrativeExpenses": 41366000,
        "otherExpenses": 0,
        "operatingExpenses": 78977000,
        "costAndExpenses": 119634000,
        "interestIncome": 2411000,
        "interestExpense": 0,
        "depreciationAndAmortization": 3440000,
        "ebitda": 30760000,
        "ebitdaratio": 0.2094155292,
        "operatingIncome": 27251000,
        "operatingIncomeRatio": 0.1855260918,
        "totalOtherIncomeExpensesNet": -1029000,
        "incomeBeforeTax": 26222000,
        "incomeBeforeTaxRatio": 0.1785206114,
        "incomeTaxExpense": 1796000,
        "netIncome": 25857000,
        "netIncomeRatio": 0.1760356742,
        "eps": 0.12,
        "epsdiluted": 0.12,
        "weightedAverageShsOut": 213537000,
        "weightedAverageShsOutDil": 221611000,
        "link": "",
        "finalLink": ""
    },
    {
        "date": "2016-03-31",
        "symbol": "WB",
        "reportedCurrency": "USD",
        "cik": "0001595761",
        "fillingDate": "2016-03-31",
        "acceptedDate": "2016-03-31 00:00:00",
        "calendarYear": "2016",
        "period": "Q1",
        "revenue": 119290000,
        "costOfRevenue": 36626000,
        "grossProfit": 82664000,
        "grossProfitRatio": 0.6929667198,
        "researchAndDevelopmentExpenses": 36934000,
        "generalAndAdministrativeExpenses": 8538000,
        "sellingAndMarketingExpenses": 30041000,
        "sellingGeneralAndAdministrativeExpenses": 38579000,
        "otherExpenses": 0,
        "operatingExpenses": 75513000,
        "costAndExpenses": 112139000,
        "interestIncome": 1420000,
        "interestExpense": 1420000,
        "depreciationAndAmortization": 868000,
        "ebitda": 12388500,
        "ebitdaratio": 0.1038519574,
        "operatingIncome": 7151000,
        "operatingIncomeRatio": 0.0599463492,
        "totalOtherIncomeExpensesNet": 552000,
        "incomeBeforeTax": 7703000,
        "incomeBeforeTaxRatio": 0.0645737279,
        "incomeTaxExpense": 548000,
        "netIncome": 7098000,
        "netIncomeRatio": 0.0595020538,
        "eps": 0.03,
        "epsdiluted": 0.03,
        "weightedAverageShsOut": 212269000,
        "weightedAverageShsOutDil": 219626000,
        "link": "",
        "finalLink": ""
    },
    {
        "date": "2015-12-31",
        "symbol": "WB",
        "reportedCurrency": "USD",
        "cik": "0001595761",
        "fillingDate": "2016-04-28",
        "acceptedDate": "2016-04-28 16:50:39",
        "calendarYear": "2015",
        "period": "Q4",
        "revenue": 149025000,
        "costOfRevenue": 42105000,
        "grossProfit": 106920000,
        "grossProfitRatio": 0.7174635128,
        "researchAndDevelopmentExpenses": 36614000,
        "generalAndAdministrativeExpenses": 8265000,
        "sellingAndMarketingExpenses": 36253000,
        "sellingGeneralAndAdministrativeExpenses": 44518000,
        "otherExpenses": 0,
        "operatingExpenses": 81132000,
        "costAndExpenses": 123237000,
        "interestIncome": 1443000,
        "interestExpense": 1449000,
        "depreciationAndAmortization": 7207000,
        "ebitda": 31025500,
        "ebitdaratio": 0.208189901,
        "operatingIncome": 25788000,
        "operatingIncomeRatio": 0.1730447911,
        "totalOtherIncomeExpensesNet": -5764000,
        "incomeBeforeTax": 20024000,
        "incomeBeforeTaxRatio": 0.134366717,
        "incomeTaxExpense": 1152000,
        "netIncome": 19122000,
        "netIncomeRatio": 0.1283140413,
        "eps": 0.09,
        "epsdiluted": 0.09,
        "weightedAverageShsOut": 210764000,
        "weightedAverageShsOutDil": 219464000,
        "link": "https://www.sec.gov/Archives/edgar/data/1595761/000110465916115335/0001104659-16-115335-index.htm",
        "finalLink": "https://www.sec.gov/Archives/edgar/data/1595761/000110465916115335/a15-25021_120f.htm"
    },
    {
        "date": "2015-09-30",
        "symbol": "WB",
        "reportedCurrency": "USD",
        "cik": "0001595761",
        "fillingDate": "2015-09-30",
        "acceptedDate": "2015-09-30 00:00:00",
        "calendarYear": "2015",
        "period": "Q3",
        "revenue": 124734000,
        "costOfRevenue": 37241000,
        "grossProfit": 87493000,
        "grossProfitRatio": 0.7014366572,
        "researchAndDevelopmentExpenses": 37493000,
        "generalAndAdministrativeExpenses": 5996000,
        "sellingAndMarketingExpenses": 30106000,
        "sellingGeneralAndAdministrativeExpenses": 36102000,
        "otherExpenses": 0,
        "operatingExpenses": 73595000,
        "costAndExpenses": 110836000,
        "interestIncome": 1818000,
        "interestExpense": 1818000,
        "depreciationAndAmortization": 462000,
        "ebitda": 19663000,
        "ebitdaratio": 0.1576394568,
        "operatingIncome": 13898000,
        "operatingIncomeRatio": 0.1114211041,
        "totalOtherIncomeExpensesNet": 1356000,
        "incomeBeforeTax": 15254000,
        "incomeBeforeTaxRatio": 0.1222922379,
        "incomeTaxExpense": 1030000,
        "netIncome": 14477000,
        "netIncomeRatio": 0.116062982,
        "eps": 0.07,
        "epsdiluted": 0.07,
        "weightedAverageShsOut": 209356000,
        "weightedAverageShsOutDil": 217681000,
        "link": "",
        "finalLink": ""
    },
    {
        "date": "2015-06-30",
        "symbol": "WB",
        "reportedCurrency": "USD",
        "cik": "0001595761",
        "fillingDate": "2015-06-30",
        "acceptedDate": "2015-06-30 00:00:00",
        "calendarYear": "2015",
        "period": "Q2",
        "revenue": 107842000,
        "costOfRevenue": 33689000,
        "grossProfit": 74153000,
        "grossProfitRatio": 0.6876077966,
        "researchAndDevelopmentExpenses": 35009000,
        "generalAndAdministrativeExpenses": 8292000,
        "sellingAndMarketingExpenses": 28514000,
        "sellingGeneralAndAdministrativeExpenses": 36806000,
        "otherExpenses": 0,
        "operatingExpenses": 71815000,
        "costAndExpenses": 105504000,
        "interestIncome": 1621000,
        "interestExpense": 1621000,
        "depreciationAndAmortization": -608000,
        "ebitda": 1730000,
        "ebitdaratio": 0.0160419874,
        "operatingIncome": 2338000,
        "operatingIncomeRatio": 0.021679865,
        "totalOtherIncomeExpensesNet": 2229000,
        "incomeBeforeTax": 4567000,
        "incomeBeforeTaxRatio": 0.042348992,
        "incomeTaxExpense": 414000,
        "netIncome": 4196000,
        "netIncomeRatio": 0.0389087739,
        "eps": 0.02,
        "epsdiluted": 0.02,
        "weightedAverageShsOut": 207512000,
        "weightedAverageShsOutDil": 218125000,
        "link": "",
        "finalLink": ""
    },
    {
        "date": "2015-03-31",
        "symbol": "WB",
        "reportedCurrency": "USD",
        "cik": "0001595761",
        "fillingDate": "2015-03-31",
        "acceptedDate": "2015-03-31 00:00:00",
        "calendarYear": "2015",
        "period": "Q1",
        "revenue": 96290000,
        "costOfRevenue": 28925000,
        "grossProfit": 67365000,
        "grossProfitRatio": 0.6996053588,
        "researchAndDevelopmentExpenses": 34328000,
        "generalAndAdministrativeExpenses": 6169000,
        "sellingAndMarketingExpenses": 31177000,
        "sellingGeneralAndAdministrativeExpenses": 37346000,
        "otherExpenses": 0,
        "operatingExpenses": 71674000,
        "costAndExpenses": 100599000,
        "interestIncome": 1459000,
        "interestExpense": 1459000,
        "depreciationAndAmortization": 5765000,
        "ebitda": 1244000,
        "ebitdaratio": 0.0129193063,
        "operatingIncome": -4309000,
        "operatingIncomeRatio": -0.0447502337,
        "totalOtherIncomeExpensesNet": 1456000,
        "incomeBeforeTax": -2850000,
        "incomeBeforeTaxRatio": -0.0295980891,
        "incomeTaxExpense": -5000,
        "netIncome": -2894000,
        "netIncomeRatio": -0.0300550421,
        "eps": -0.0141,
        "epsdiluted": -0.0141,
        "weightedAverageShsOut": 204985000,
        "weightedAverageShsOutDil": 204985000,
        "link": "",
        "finalLink": ""
    },
    {
        "date": "2014-12-31",
        "symbol": "WB",
        "reportedCurrency": "USD",
        "cik": "0001595761",
        "fillingDate": "2015-04-28",
        "acceptedDate": "2015-04-28 16:06:03",
        "calendarYear": "2014",
        "period": "Q4",
        "revenue": 105212000,
        "costOfRevenue": 25786000,
        "grossProfit": 79426000,
        "grossProfitRatio": 0.7549138881,
        "researchAndDevelopmentExpenses": 33112000,
        "generalAndAdministrativeExpenses": 7397000,
        "sellingAndMarketingExpenses": 34045000,
        "sellingGeneralAndAdministrativeExpenses": 41442000,
        "otherExpenses": 0,
        "operatingExpenses": 74554000,
        "costAndExpenses": 100340000,
        "interestIncome": 3017000,
        "interestExpense": 3017000,
        "depreciationAndAmortization": 5765000,
        "ebitda": 10415000,
        "ebitdaratio": 0.0989906094,
        "operatingIncome": 4872000,
        "operatingIncomeRatio": 0.046306505,
        "totalOtherIncomeExpensesNet": 3017000,
        "incomeBeforeTax": 7889000,
        "incomeBeforeTaxRatio": 0.0749819412,
        "incomeTaxExpense": 2877000,
        "netIncome": 4591000,
        "netIncomeRatio": 0.043635707,
        "eps": 0.02,
        "epsdiluted": 0.02,
        "weightedAverageShsOut": 202844000,
        "weightedAverageShsOutDil": 216845000,
        "link": "https://www.sec.gov/Archives/edgar/data/1595761/000110465915030982/0001104659-15-030982-index.htm",
        "finalLink": "https://www.sec.gov/Archives/edgar/data/1595761/000110465915030982/a15-2240_120f.htm"
    },
    {
        "date": "2014-09-30",
        "symbol": "WB",
        "reportedCurrency": "USD",
        "cik": "0001595761",
        "fillingDate": "2014-09-30",
        "acceptedDate": "2014-09-30 00:00:00",
        "calendarYear": "2014",
        "period": "Q3",
        "revenue": 84130000,
        "costOfRevenue": 20670000,
        "grossProfit": 63460000,
        "grossProfitRatio": 0.7543088078,
        "researchAndDevelopmentExpenses": 31757000,
        "generalAndAdministrativeExpenses": 6919000,
        "sellingAndMarketingExpenses": 32414000,
        "sellingGeneralAndAdministrativeExpenses": 39333000,
        "otherExpenses": 0,
        "operatingExpenses": 71090000,
        "costAndExpenses": 91760000,
        "interestIncome": 1943000,
        "interestExpense": 1943000,
        "depreciationAndAmortization": 5382250,
        "ebitda": -2463750,
        "ebitdaratio": -0.0292850351,
        "operatingIncome": -7630000,
        "operatingIncomeRatio": -0.0906929752,
        "totalOtherIncomeExpensesNet": -256000,
        "incomeBeforeTax": -5687000,
        "incomeBeforeTaxRatio": -0.0675977654,
        "incomeTaxExpense": -441000,
        "netIncome": -5220000,
        "netIncomeRatio": -0.0620468323,
        "eps": -0.0259,
        "epsdiluted": -0.0259,
        "weightedAverageShsOut": 201302000,
        "weightedAverageShsOutDil": 201302000,
        "link": "",
        "finalLink": ""
    },
    {
        "date": "2014-06-30",
        "symbol": "WB",
        "reportedCurrency": "USD",
        "cik": "0001595761",
        "fillingDate": "2014-06-30",
        "acceptedDate": "2014-06-30 00:00:00",
        "calendarYear": "2014",
        "period": "Q2",
        "revenue": 77320000,
        "costOfRevenue": 19700000,
        "grossProfit": 57620000,
        "grossProfitRatio": 0.7452146922,
        "researchAndDevelopmentExpenses": 32155000,
        "generalAndAdministrativeExpenses": 5931000,
        "sellingAndMarketingExpenses": 30006000,
        "sellingGeneralAndAdministrativeExpenses": 35937000,
        "otherExpenses": 0,
        "operatingExpenses": 68092000,
        "costAndExpenses": 87792000,
        "interestIncome": 1501000,
        "interestExpense": 1501000,
        "depreciationAndAmortization": 6784000,
        "ebitda": -3688000,
        "ebitdaratio": -0.0476978789,
        "operatingIncome": -10472000,
        "operatingIncomeRatio": -0.1354371443,
        "totalOtherIncomeExpensesNet": -5306000,
        "incomeBeforeTax": -15755000,
        "incomeBeforeTaxRatio": -0.2037635799,
        "incomeTaxExpense": -732000,
        "netIncome": -15372000,
        "netIncomeRatio": -0.1988101397,
        "eps": -0.08,
        "epsdiluted": -0.08,
        "weightedAverageShsOut": 192150000,
        "weightedAverageShsOutDil": 192190000,
        "link": "",
        "finalLink": ""
    },
    {
        "date": "2014-03-31",
        "symbol": "WB",
        "reportedCurrency": "USD",
        "cik": "0001595761",
        "fillingDate": "2014-03-31",
        "acceptedDate": "2014-03-31 00:00:00",
        "calendarYear": "2014",
        "period": "Q1",
        "revenue": 67510000,
        "costOfRevenue": 17443000,
        "grossProfit": 50067000,
        "grossProfitRatio": 0.7416234632,
        "researchAndDevelopmentExpenses": 28808000,
        "generalAndAdministrativeExpenses": 5472000,
        "sellingAndMarketingExpenses": 23849000,
        "sellingGeneralAndAdministrativeExpenses": 29321000,
        "otherExpenses": 0,
        "operatingExpenses": 58129000,
        "costAndExpenses": 75572000,
        "interestIncome": 297000,
        "interestExpense": 297000,
        "depreciationAndAmortization": 40188000,
        "ebitda": -8062000,
        "ebitdaratio": -0.1194193453,
        "operatingIncome": -8062000,
        "operatingIncomeRatio": -0.1194193453,
        "totalOtherIncomeExpensesNet": -39891000,
        "incomeBeforeTax": -47953000,
        "incomeBeforeTaxRatio": -0.7103095838,
        "incomeTaxExpense": -576000,
        "netIncome": -47377000,
        "netIncomeRatio": -0.7017775144,
        "eps": -0.24,
        "epsdiluted": -0.24,
        "weightedAverageShsOut": 200161184,
        "weightedAverageShsOutDil": 200161184,
        "link": "",
        "finalLink": ""
    },
    {
        "date": "2013-12-31",
        "symbol": "WB",
        "reportedCurrency": "USD",
        "cik": "0001595761",
        "fillingDate": "2013-12-31",
        "acceptedDate": "2013-12-31 00:00:00",
        "calendarYear": "2013",
        "period": "Q4",
        "revenue": 71424000,
        "costOfRevenue": 16242000,
        "grossProfit": 55182000,
        "grossProfitRatio": 0.7725974462,
        "researchAndDevelopmentExpenses": 26131000,
        "generalAndAdministrativeExpenses": 4998000,
        "sellingAndMarketingExpenses": 22860000,
        "sellingGeneralAndAdministrativeExpenses": 27858000,
        "otherExpenses": 0,
        "operatingExpenses": 53989000,
        "costAndExpenses": 70231000,
        "interestIncome": 361000,
        "interestExpense": 361000,
        "depreciationAndAmortization": -19535000,
        "ebitda": -18342000,
        "ebitdaratio": -0.2568044355,
        "operatingIncome": 1193000,
        "operatingIncomeRatio": 0.016703069,
        "totalOtherIncomeExpensesNet": 19896000,
        "incomeBeforeTax": 21089000,
        "incomeBeforeTaxRatio": 0.295264897,
        "incomeTaxExpense": -471000,
        "netIncome": 21560000,
        "netIncomeRatio": 0.301859319,
        "eps": 0.11,
        "epsdiluted": 0.11,
        "weightedAverageShsOut": 200161184,
        "weightedAverageShsOutDil": 200161184,
        "link": "",
        "finalLink": ""
    },
    {
        "date": "2013-09-30",
        "symbol": "WB",
        "reportedCurrency": "USD",
        "cik": "0001595761",
        "fillingDate": "2013-09-30",
        "acceptedDate": "2013-09-30 00:00:00",
        "calendarYear": "2013",
        "period": "Q3",
        "revenue": 53366000,
        "costOfRevenue": 14524000,
        "grossProfit": 38842000,
        "grossProfitRatio": 0.727841697,
        "researchAndDevelopmentExpenses": 24629000,
        "generalAndAdministrativeExpenses": 3225000,
        "sellingAndMarketingExpenses": 16753000,
        "sellingGeneralAndAdministrativeExpenses": 19978000,
        "otherExpenses": 0,
        "operatingExpenses": 44607000,
        "costAndExpenses": 59131000,
        "interestIncome": 0,
        "interestExpense": 0,
        "depreciationAndAmortization": -665000,
        "ebitda": -5765000,
        "ebitdaratio": -0.1080275831,
        "operatingIncome": -5765000,
        "operatingIncomeRatio": -0.1080275831,
        "totalOtherIncomeExpensesNet": 526000,
        "incomeBeforeTax": -5239000,
        "incomeBeforeTaxRatio": -0.0981711202,
        "incomeTaxExpense": 66000,
        "netIncome": -5305000,
        "netIncomeRatio": -0.0994078627,
        "eps": -0.0232,
        "epsdiluted": -0.0224,
        "weightedAverageShsOut": 228675000,
        "weightedAverageShsOutDil": 237183000,
        "link": "",
        "finalLink": ""
    },
    {
        "date": "2013-06-30",
        "symbol": "WB",
        "reportedCurrency": "USD",
        "cik": "0001595761",
        "fillingDate": "2013-06-30",
        "acceptedDate": "2013-06-29 20:00:00",
        "calendarYear": "2013",
        "period": "Q2",
        "revenue": 37639000,
        "costOfRevenue": 17438000,
        "grossProfit": 20201000,
        "grossProfitRatio": 0.5367039507,
        "researchAndDevelopmentExpenses": 29557000,
        "generalAndAdministrativeExpenses": 12556000,
        "sellingAndMarketingExpenses": 15005000,
        "sellingGeneralAndAdministrativeExpenses": 27561000,
        "otherExpenses": 0,
        "operatingExpenses": 57118000,
        "costAndExpenses": 74556000,
        "interestIncome": 0,
        "interestExpense": 0,
        "depreciationAndAmortization": -864000,
        "ebitda": -36917000,
        "ebitdaratio": -0.9808177688,
        "operatingIncome": -36917000,
        "operatingIncomeRatio": -0.9808177688,
        "totalOtherIncomeExpensesNet": 2225000,
        "incomeBeforeTax": -34692000,
        "incomeBeforeTaxRatio": -0.9217035522,
        "incomeTaxExpense": 437000,
        "netIncome": -35129000,
        "netIncomeRatio": -0.93331385,
        "eps": -0.15,
        "epsdiluted": -0.15,
        "weightedAverageShsOut": 228675000,
        "weightedAverageShsOutDil": 237183000,
        "link": "",
        "finalLink": ""
    },
    {
        "date": "2013-03-31",
        "symbol": "WB",
        "reportedCurrency": "USD",
        "cik": "0001595761",
        "fillingDate": "2013-03-31",
        "acceptedDate": "2013-03-31 00:00:00",
        "calendarYear": "2013",
        "period": "Q1",
        "revenue": 25884000,
        "costOfRevenue": 11687000,
        "grossProfit": 14197000,
        "grossProfitRatio": 0.5484855509,
        "researchAndDevelopmentExpenses": 20423000,
        "generalAndAdministrativeExpenses": 1738000,
        "sellingAndMarketingExpenses": 8451000,
        "sellingGeneralAndAdministrativeExpenses": 10189000,
        "otherExpenses": 0,
        "operatingExpenses": 30612000,
        "costAndExpenses": 42299000,
        "interestIncome": 0,
        "interestExpense": 0,
        "depreciationAndAmortization": 4096500,
        "ebitda": -12318500,
        "ebitdaratio": -0.4759117602,
        "operatingIncome": -16415000,
        "operatingIncomeRatio": -0.6341755525,
        "totalOtherIncomeExpensesNet": -2587000,
        "incomeBeforeTax": -19002000,
        "incomeBeforeTaxRatio": -0.734121465,
        "incomeTaxExpense": 239000,
        "netIncome": -19241000,
        "netIncomeRatio": -0.7433549683,
        "eps": -0.0841,
        "epsdiluted": -0.0811,
        "weightedAverageShsOut": 228675000,
        "weightedAverageShsOutDil": 237183000,
        "link": "",
        "finalLink": ""
    },
    {
        "date": "2012-12-31",
        "symbol": "WB",
        "reportedCurrency": "USD",
        "cik": "0001595761",
        "fillingDate": "2012-12-31",
        "acceptedDate": "2012-12-30 19:00:00",
        "calendarYear": "2012",
        "period": "Q4",
        "revenue": 28512000,
        "costOfRevenue": 13646000,
        "grossProfit": 14866000,
        "grossProfitRatio": 0.5213945006,
        "researchAndDevelopmentExpenses": 20630000,
        "generalAndAdministrativeExpenses": 1500000,
        "sellingAndMarketingExpenses": 9842000,
        "sellingGeneralAndAdministrativeExpenses": 11342000,
        "otherExpenses": 0,
        "operatingExpenses": 32422000,
        "costAndExpenses": 46068000,
        "interestIncome": 1357000,
        "interestExpense": 0,
        "depreciationAndAmortization": 4458000,
        "ebitda": -12648000,
        "ebitdaratio": -0.4436026936,
        "operatingIncome": -17106000,
        "operatingIncomeRatio": -0.5999579125,
        "totalOtherIncomeExpensesNet": -1807000,
        "incomeBeforeTax": -18913000,
        "incomeBeforeTaxRatio": -0.6633347363,
        "incomeTaxExpense": 1551000,
        "netIncome": -17362000,
        "netIncomeRatio": -0.6089365881,
        "eps": -0.0761,
        "epsdiluted": -0.0756,
        "weightedAverageShsOut": 228185000,
        "weightedAverageShsOutDil": 229765000,
        "link": null,
        "finalLink": null
    }
]