[
    {
        "date": "2025-06-29",
        "symbol": "WEN",
        "reportedCurrency": "USD",
        "cik": "0000030697",
        "fillingDate": "2025-08-08",
        "acceptedDate": "2025-08-08 16:17:00",
        "calendarYear": "2025",
        "period": "Q2",
        "revenue": 560929000,
        "costOfRevenue": 394494000,
        "grossProfit": 166435000,
        "grossProfitRatio": 0.2967131313,
        "researchAndDevelopmentExpenses": 0,
        "generalAndAdministrativeExpenses": 22600000,
        "sellingAndMarketingExpenses": 0,
        "sellingGeneralAndAdministrativeExpenses": 22600000,
        "otherExpenses": 39575000,
        "operatingExpenses": 62175000,
        "costAndExpenses": 456669000,
        "interestIncome": 0,
        "interestExpense": 30945000,
        "depreciationAndAmortization": 41046000,
        "ebitda": 147891000,
        "ebitdaratio": 0.2636536888,
        "operatingIncome": 104260000,
        "operatingIncomeRatio": 0.185870226,
        "totalOtherIncomeExpensesNet": -28360000,
        "incomeBeforeTax": 75900000,
        "incomeBeforeTaxRatio": 0.1353112426,
        "incomeTaxExpense": 20790000,
        "netIncome": 55110000,
        "netIncomeRatio": 0.0982477283,
        "eps": 0.29,
        "epsdiluted": 0.29,
        "weightedAverageShsOut": 191949000,
        "weightedAverageShsOutDil": 192714000,
        "link": "https://www.sec.gov/Archives/edgar/data/30697/000003069725000010/0000030697-25-000010-index.htm",
        "finalLink": "https://www.sec.gov/Archives/edgar/data/30697/000003069725000010/wen-20250629.htm"
    },
    {
        "date": "2025-03-30",
        "symbol": "WEN",
        "reportedCurrency": "USD",
        "cik": "0000030697",
        "fillingDate": "2025-05-02",
        "acceptedDate": "2025-05-02 07:12:50",
        "calendarYear": "2025",
        "period": "Q1",
        "revenue": 523472000,
        "costOfRevenue": 375494000,
        "grossProfit": 147978000,
        "grossProfitRatio": 0.2826856069,
        "researchAndDevelopmentExpenses": 0,
        "generalAndAdministrativeExpenses": 29700000,
        "sellingAndMarketingExpenses": 0,
        "sellingGeneralAndAdministrativeExpenses": 29700000,
        "otherExpenses": 35152000,
        "operatingExpenses": 64852000,
        "costAndExpenses": 440346000,
        "interestIncome": 0,
        "interestExpense": 31477000,
        "depreciationAndAmortization": 36549000,
        "ebitda": 91466000,
        "ebitdaratio": 0.1747294984,
        "operatingIncome": 83126000,
        "operatingIncomeRatio": 0.1587974142,
        "totalOtherIncomeExpensesNet": -28209000,
        "incomeBeforeTax": 54917000,
        "incomeBeforeTaxRatio": 0.1049091451,
        "incomeTaxExpense": 15685000,
        "netIncome": 39232000,
        "netIncomeRatio": 0.0749457469,
        "eps": 0.2,
        "epsdiluted": 0.19,
        "weightedAverageShsOut": 200643000,
        "weightedAverageShsOutDil": 201617000,
        "link": "https://www.sec.gov/Archives/edgar/data/30697/000003069725000006/0000030697-25-000006-index.htm",
        "finalLink": "https://www.sec.gov/Archives/edgar/data/30697/000003069725000006/wen-20250330.htm"
    },
    {
        "date": "2024-12-31",
        "symbol": "WEN",
        "reportedCurrency": "USD",
        "cik": "0000030697",
        "fillingDate": "2025-02-21",
        "acceptedDate": "2025-02-21 07:17:30",
        "calendarYear": "2024",
        "period": "Q4",
        "revenue": 574273000,
        "costOfRevenue": 249105000,
        "grossProfit": 325168000,
        "grossProfitRatio": 0.5662254712,
        "researchAndDevelopmentExpenses": 0,
        "generalAndAdministrativeExpenses": 185608000,
        "sellingAndMarketingExpenses": 0,
        "sellingGeneralAndAdministrativeExpenses": 185608000,
        "otherExpenses": 43539000,
        "operatingExpenses": 229147000,
        "costAndExpenses": 478252000,
        "interestIncome": 0,
        "interestExpense": 31081000,
        "depreciationAndAmortization": 37292000,
        "ebitda": 138855000,
        "ebitdaratio": 0.2417926666,
        "operatingIncome": 96021000,
        "operatingIncomeRatio": 0.1672044481,
        "totalOtherIncomeExpensesNet": -25539000,
        "incomeBeforeTax": 70482000,
        "incomeBeforeTaxRatio": 0.122732568,
        "incomeTaxExpense": 22985000,
        "netIncome": 47497000,
        "netIncomeRatio": 0.08270805,
        "eps": 0.23,
        "epsdiluted": 0.23,
        "weightedAverageShsOut": 203848000,
        "weightedAverageShsOutDil": 205045000,
        "link": "https://www.sec.gov/Archives/edgar/data/30697/000003069725000003/0000030697-25-000003-index.htm",
        "finalLink": "https://www.sec.gov/Archives/edgar/data/30697/000003069725000003/wen-20241229.htm"
    },
    {
        "date": "2024-09-29",
        "symbol": "WEN",
        "reportedCurrency": "USD",
        "cik": "0000030697",
        "fillingDate": "2024-10-31",
        "acceptedDate": "2024-10-31 07:22:12",
        "calendarYear": "2024",
        "period": "Q3",
        "revenue": 566739000,
        "costOfRevenue": 411354000,
        "grossProfit": 155385000,
        "grossProfitRatio": 0.274173826,
        "researchAndDevelopmentExpenses": 0,
        "generalAndAdministrativeExpenses": 25100000,
        "sellingAndMarketingExpenses": 0,
        "sellingGeneralAndAdministrativeExpenses": 25100000,
        "otherExpenses": 35610000,
        "operatingExpenses": 60710000,
        "costAndExpenses": 472064000,
        "interestIncome": 0,
        "interestExpense": 31270000,
        "depreciationAndAmortization": 40572000,
        "ebitda": 141493000,
        "ebitdaratio": 0.2496616608,
        "operatingIncome": 94675000,
        "operatingIncomeRatio": 0.1670522057,
        "totalOtherIncomeExpensesNet": -25024000,
        "incomeBeforeTax": 69651000,
        "incomeBeforeTaxRatio": 0.1228978419,
        "incomeTaxExpense": 19427000,
        "netIncome": 50224000,
        "netIncomeRatio": 0.0886192762,
        "eps": 0.25,
        "epsdiluted": 0.25,
        "weightedAverageShsOut": 204919000,
        "weightedAverageShsOutDil": 204254000,
        "link": "https://www.sec.gov/Archives/edgar/data/30697/000003069724000018/0000030697-24-000018-index.htm",
        "finalLink": "https://www.sec.gov/Archives/edgar/data/30697/000003069724000018/wen-20240929.htm"
    },
    {
        "date": "2024-06-30",
        "symbol": "WEN",
        "reportedCurrency": "USD",
        "cik": "0000030697",
        "fillingDate": "2024-08-01",
        "acceptedDate": "2024-08-01 07:14:43",
        "calendarYear": "2024",
        "period": "Q2",
        "revenue": 570727000,
        "costOfRevenue": 408315000,
        "grossProfit": 162412000,
        "grossProfitRatio": 0.2845703813,
        "researchAndDevelopmentExpenses": 0,
        "generalAndAdministrativeExpenses": 22500000,
        "sellingAndMarketingExpenses": 0,
        "sellingGeneralAndAdministrativeExpenses": 22500000,
        "otherExpenses": 40405000,
        "operatingExpenses": 62905000,
        "costAndExpenses": 471220000,
        "interestIncome": 0,
        "interestExpense": 30995000,
        "depreciationAndAmortization": 41011000,
        "ebitda": 146829000,
        "ebitdaratio": 0.2572666091,
        "operatingIncome": 99507000,
        "operatingIncomeRatio": 0.1743513098,
        "totalOtherIncomeExpensesNet": -24684000,
        "incomeBeforeTax": 74823000,
        "incomeBeforeTaxRatio": 0.1311012095,
        "incomeTaxExpense": 20180000,
        "netIncome": 54643000,
        "netIncomeRatio": 0.0957427982,
        "eps": 0.27,
        "epsdiluted": 0.27,
        "weightedAverageShsOut": 204919000,
        "weightedAverageShsOutDil": 206185000,
        "link": "https://www.sec.gov/Archives/edgar/data/30697/000003069724000012/0000030697-24-000012-index.htm",
        "finalLink": "https://www.sec.gov/Archives/edgar/data/30697/000003069724000012/wen-20240630.htm"
    },
    {
        "date": "2024-03-31",
        "symbol": "WEN",
        "reportedCurrency": "USD",
        "cik": "0000030697",
        "fillingDate": "2024-05-02",
        "acceptedDate": "2024-05-02 07:19:13",
        "calendarYear": "2024",
        "period": "Q1",
        "revenue": 534753000,
        "costOfRevenue": 380607000,
        "grossProfit": 154146000,
        "grossProfitRatio": 0.2882564474,
        "researchAndDevelopmentExpenses": 0,
        "generalAndAdministrativeExpenses": 29200000,
        "sellingAndMarketingExpenses": 0,
        "sellingGeneralAndAdministrativeExpenses": 29200000,
        "otherExpenses": 43790000,
        "operatingExpenses": 72990000,
        "costAndExpenses": 453597000,
        "interestIncome": 0,
        "interestExpense": 30535000,
        "depreciationAndAmortization": 39060000,
        "ebitda": 127052000,
        "ebitdaratio": 0.2375900649,
        "operatingIncome": 81156000,
        "operatingIncomeRatio": 0.1517635245,
        "totalOtherIncomeExpensesNet": -23699000,
        "incomeBeforeTax": 57457000,
        "incomeBeforeTaxRatio": 0.1074458675,
        "incomeTaxExpense": 15464000,
        "netIncome": 41993000,
        "netIncomeRatio": 0.0785278437,
        "eps": 0.2,
        "epsdiluted": 0.2,
        "weightedAverageShsOut": 205372000,
        "weightedAverageShsOutDil": 206971000,
        "link": "https://www.sec.gov/Archives/edgar/data/30697/000003069724000009/0000030697-24-000009-index.htm",
        "finalLink": "https://www.sec.gov/Archives/edgar/data/30697/000003069724000009/wen-20240331.htm"
    },
    {
        "date": "2023-12-31",
        "symbol": "WEN",
        "reportedCurrency": "USD",
        "cik": "0000030697",
        "fillingDate": "2024-02-26",
        "acceptedDate": "2024-02-26 16:31:25",
        "calendarYear": "2023",
        "period": "Q4",
        "revenue": 540651000,
        "costOfRevenue": 484914000,
        "grossProfit": 55737000,
        "grossProfitRatio": 0.1030923831,
        "researchAndDevelopmentExpenses": 0,
        "generalAndAdministrativeExpenses": -67100000,
        "sellingAndMarketingExpenses": 0,
        "sellingGeneralAndAdministrativeExpenses": -67100000,
        "otherExpenses": 36208000,
        "operatingExpenses": -30892000,
        "costAndExpenses": 454022000,
        "interestIncome": 0,
        "interestExpense": 30263000,
        "depreciationAndAmortization": 39617000,
        "ebitda": 137169000,
        "ebitdaratio": 0.2537108042,
        "operatingIncome": 86629000,
        "operatingIncomeRatio": 0.1602309068,
        "totalOtherIncomeExpensesNet": -19340000,
        "incomeBeforeTax": 67289000,
        "incomeBeforeTaxRatio": 0.1244592168,
        "incomeTaxExpense": 20351000,
        "netIncome": 46938000,
        "netIncomeRatio": 0.0868175588,
        "eps": 0.23,
        "epsdiluted": 0.23,
        "weightedAverageShsOut": 205938000,
        "weightedAverageShsOutDil": 207578000,
        "link": "https://www.sec.gov/Archives/edgar/data/30697/000003069724000004/0000030697-24-000004-index.htm",
        "finalLink": "https://www.sec.gov/Archives/edgar/data/30697/000003069724000004/wen-20231231.htm"
    },
    {
        "date": "2023-10-01",
        "symbol": "WEN",
        "reportedCurrency": "USD",
        "cik": "0000030697",
        "fillingDate": "2023-11-02",
        "acceptedDate": "2023-11-02 07:16:41",
        "calendarYear": "2023",
        "period": "Q3",
        "revenue": 550555000,
        "costOfRevenue": 390599000,
        "grossProfit": 159956000,
        "grossProfitRatio": 0.2905359138,
        "researchAndDevelopmentExpenses": 0,
        "generalAndAdministrativeExpenses": 22800000,
        "sellingAndMarketingExpenses": 0,
        "sellingGeneralAndAdministrativeExpenses": 22800000,
        "otherExpenses": 35553000,
        "operatingExpenses": 58353000,
        "costAndExpenses": 448952000,
        "interestIncome": 0,
        "interestExpense": 30957000,
        "depreciationAndAmortization": 38132000,
        "ebitda": 147053000,
        "ebitdaratio": 0.2670995632,
        "operatingIncome": 101603000,
        "operatingIncomeRatio": 0.1845465031,
        "totalOtherIncomeExpensesNet": -23639000,
        "incomeBeforeTax": 77964000,
        "incomeBeforeTaxRatio": 0.1416098301,
        "incomeTaxExpense": 19915000,
        "netIncome": 58049000,
        "netIncomeRatio": 0.1054372406,
        "eps": 0.28,
        "epsdiluted": 0.28,
        "weightedAverageShsOut": 208834000,
        "weightedAverageShsOutDil": 210602000,
        "link": "https://www.sec.gov/Archives/edgar/data/30697/000003069723000013/0000030697-23-000013-index.htm",
        "finalLink": "https://www.sec.gov/Archives/edgar/data/30697/000003069723000013/wen-20231001.htm"
    },
    {
        "date": "2023-07-02",
        "symbol": "WEN",
        "reportedCurrency": "USD",
        "cik": "0000030697",
        "fillingDate": "2023-08-09",
        "acceptedDate": "2023-08-09 07:13:40",
        "calendarYear": "2023",
        "period": "Q2",
        "revenue": 561565000,
        "costOfRevenue": 395611000,
        "grossProfit": 165954000,
        "grossProfitRatio": 0.2955205542,
        "researchAndDevelopmentExpenses": 0,
        "generalAndAdministrativeExpenses": 23900000,
        "sellingAndMarketingExpenses": 0,
        "sellingGeneralAndAdministrativeExpenses": 23900000,
        "otherExpenses": 32780000,
        "operatingExpenses": 56680000,
        "costAndExpenses": 452291000,
        "interestIncome": 0,
        "interestExpense": 31136000,
        "depreciationAndAmortization": 35764000,
        "ebitda": 145784000,
        "ebitdaratio": 0.2596030736,
        "operatingIncome": 109274000,
        "operatingIncomeRatio": 0.1945883379,
        "totalOtherIncomeExpensesNet": -30390000,
        "incomeBeforeTax": 78884000,
        "incomeBeforeTaxRatio": 0.1404717174,
        "incomeTaxExpense": 19252000,
        "netIncome": 59632000,
        "netIncomeRatio": 0.1061889541,
        "eps": 0.28,
        "epsdiluted": 0.28,
        "weightedAverageShsOut": 210624000,
        "weightedAverageShsOutDil": 212928000,
        "link": "https://www.sec.gov/Archives/edgar/data/30697/000003069723000008/0000030697-23-000008-index.htm",
        "finalLink": "https://www.sec.gov/Archives/edgar/data/30697/000003069723000008/wen-20230702.htm"
    },
    {
        "date": "2023-04-02",
        "symbol": "WEN",
        "reportedCurrency": "USD",
        "cik": "0000030697",
        "fillingDate": "2023-05-10",
        "acceptedDate": "2023-05-10 07:17:33",
        "calendarYear": "2023",
        "period": "Q1",
        "revenue": 528807000,
        "costOfRevenue": 375886000,
        "grossProfit": 152921000,
        "grossProfitRatio": 0.289181119,
        "researchAndDevelopmentExpenses": 0,
        "generalAndAdministrativeExpenses": 28500000,
        "sellingAndMarketingExpenses": 0,
        "sellingGeneralAndAdministrativeExpenses": 28500000,
        "otherExpenses": 39943000,
        "operatingExpenses": 68443000,
        "costAndExpenses": 444329000,
        "interestIncome": 0,
        "interestExpense": 31705000,
        "depreciationAndAmortization": 35054000,
        "ebitda": 122040000,
        "ebitdaratio": 0.2307836318,
        "operatingIncome": 84478000,
        "operatingIncomeRatio": 0.1597520456,
        "totalOtherIncomeExpensesNet": -29197000,
        "incomeBeforeTax": 55281000,
        "incomeBeforeTaxRatio": 0.1045390851,
        "incomeTaxExpense": 15460000,
        "netIncome": 39821000,
        "netIncomeRatio": 0.0753034661,
        "eps": 0.19,
        "epsdiluted": 0.19,
        "weightedAverageShsOut": 212547000,
        "weightedAverageShsOutDil": 215029000,
        "link": "https://www.sec.gov/Archives/edgar/data/30697/000003069723000005/0000030697-23-000005-index.htm",
        "finalLink": "https://www.sec.gov/Archives/edgar/data/30697/000003069723000005/wen-20230402.htm"
    },
    {
        "date": "2022-12-31",
        "symbol": "WEN",
        "reportedCurrency": "USD",
        "cik": "0000030697",
        "fillingDate": "2023-03-01",
        "acceptedDate": "2023-03-01 07:18:46",
        "calendarYear": "2022",
        "period": "Q4",
        "revenue": 536510000,
        "costOfRevenue": 236745000,
        "grossProfit": 299765000,
        "grossProfitRatio": 0.5587314309,
        "researchAndDevelopmentExpenses": 0,
        "generalAndAdministrativeExpenses": 183779000,
        "sellingAndMarketingExpenses": 0,
        "sellingGeneralAndAdministrativeExpenses": 183779000,
        "otherExpenses": 31969000,
        "operatingExpenses": 215748000,
        "costAndExpenses": 452493000,
        "interestIncome": 0,
        "interestExpense": 31913000,
        "depreciationAndAmortization": 34009000,
        "ebitda": 124074000,
        "ebitdaratio": 0.2312612999,
        "operatingIncome": 84017000,
        "operatingIncomeRatio": 0.1565991314,
        "totalOtherIncomeExpensesNet": -25865000,
        "incomeBeforeTax": 58152000,
        "incomeBeforeTaxRatio": 0.1083894056,
        "incomeTaxExpense": 16877000,
        "netIncome": 41275000,
        "netIncomeRatio": 0.0769323964,
        "eps": 0.19,
        "epsdiluted": 0.19,
        "weightedAverageShsOut": 213101000,
        "weightedAverageShsOutDil": 213101000,
        "link": "https://www.sec.gov/Archives/edgar/data/30697/000003069723000002/0000030697-23-000002-index.htm",
        "finalLink": "https://www.sec.gov/Archives/edgar/data/30697/000003069723000002/wen-20230101.htm"
    },
    {
        "date": "2022-10-02",
        "symbol": "WEN",
        "reportedCurrency": "USD",
        "cik": "0000030697",
        "fillingDate": "2022-11-09",
        "acceptedDate": "2022-11-09 07:18:26",
        "calendarYear": "2022",
        "period": "Q3",
        "revenue": 532569000,
        "costOfRevenue": 355252000,
        "grossProfit": 177317000,
        "grossProfitRatio": 0.332946529,
        "researchAndDevelopmentExpenses": 0,
        "generalAndAdministrativeExpenses": 56100000,
        "sellingAndMarketingExpenses": 0,
        "sellingGeneralAndAdministrativeExpenses": 56100000,
        "otherExpenses": 23082000,
        "operatingExpenses": 79182000,
        "costAndExpenses": 434434000,
        "interestIncome": 0,
        "interestExpense": 31916000,
        "depreciationAndAmortization": 35140000,
        "ebitda": 136185000,
        "ebitdaratio": 0.2557133442,
        "operatingIncome": 98135000,
        "operatingIncomeRatio": 0.1842672029,
        "totalOtherIncomeExpensesNet": -29006000,
        "incomeBeforeTax": 69129000,
        "incomeBeforeTaxRatio": 0.1298028988,
        "incomeTaxExpense": 18587000,
        "netIncome": 50542000,
        "netIncomeRatio": 0.0949022568,
        "eps": 0.24,
        "epsdiluted": 0.24,
        "weightedAverageShsOut": 212805000,
        "weightedAverageShsOutDil": 214601000,
        "link": "https://www.sec.gov/Archives/edgar/data/30697/000003069722000014/0000030697-22-000014-index.htm",
        "finalLink": "https://www.sec.gov/Archives/edgar/data/30697/000003069722000014/wen-20221002.htm"
    },
    {
        "date": "2022-07-03",
        "symbol": "WEN",
        "reportedCurrency": "USD",
        "cik": "0000030697",
        "fillingDate": "2022-08-10",
        "acceptedDate": "2022-08-10 07:15:04",
        "calendarYear": "2022",
        "period": "Q2",
        "revenue": 537783000,
        "costOfRevenue": 387746000,
        "grossProfit": 150037000,
        "grossProfitRatio": 0.2789917123,
        "researchAndDevelopmentExpenses": 0,
        "generalAndAdministrativeExpenses": 24100000,
        "sellingAndMarketingExpenses": 0,
        "sellingGeneralAndAdministrativeExpenses": 24100000,
        "otherExpenses": 29656000,
        "operatingExpenses": 53756000,
        "costAndExpenses": 441502000,
        "interestIncome": 0,
        "interestExpense": 32125000,
        "depreciationAndAmortization": 33428000,
        "ebitda": 130943000,
        "ebitdaratio": 0.2434866851,
        "operatingIncome": 96281000,
        "operatingIncomeRatio": 0.1790331788,
        "totalOtherIncomeExpensesNet": -30891000,
        "incomeBeforeTax": 65390000,
        "incomeBeforeTaxRatio": 0.1215917945,
        "incomeTaxExpense": 17239000,
        "netIncome": 48151000,
        "netIncomeRatio": 0.089536114,
        "eps": 0.23,
        "epsdiluted": 0.22,
        "weightedAverageShsOut": 213673000,
        "weightedAverageShsOutDil": 215242000,
        "link": "https://www.sec.gov/Archives/edgar/data/30697/000003069722000009/0000030697-22-000009-index.htm",
        "finalLink": "https://www.sec.gov/Archives/edgar/data/30697/000003069722000009/wen-20220703.htm"
    },
    {
        "date": "2022-04-03",
        "symbol": "WEN",
        "reportedCurrency": "USD",
        "cik": "0000030697",
        "fillingDate": "2022-05-11",
        "acceptedDate": "2022-05-11 07:14:24",
        "calendarYear": "2022",
        "period": "Q1",
        "revenue": 488643000,
        "costOfRevenue": 329805000,
        "grossProfit": 158838000,
        "grossProfitRatio": 0.3250593992,
        "researchAndDevelopmentExpenses": 0,
        "generalAndAdministrativeExpenses": 56100000,
        "sellingAndMarketingExpenses": 0,
        "sellingGeneralAndAdministrativeExpenses": 56100000,
        "otherExpenses": 27857000,
        "operatingExpenses": 83957000,
        "costAndExpenses": 413762000,
        "interestIncome": 0,
        "interestExpense": 26365000,
        "depreciationAndAmortization": 33231000,
        "ebitda": 110430000,
        "ebitdaratio": 0.2259932098,
        "operatingIncome": 74881000,
        "operatingIncomeRatio": 0.153242756,
        "totalOtherIncomeExpensesNet": -24047000,
        "incomeBeforeTax": 50834000,
        "incomeBeforeTaxRatio": 0.1040309592,
        "incomeTaxExpense": 13432000,
        "netIncome": 37402000,
        "netIncomeRatio": 0.0765425884,
        "eps": 0.17,
        "epsdiluted": 0.17,
        "weightedAverageShsOut": 215619000,
        "weightedAverageShsOutDil": 218167000,
        "link": "https://www.sec.gov/Archives/edgar/data/30697/000003069722000006/0000030697-22-000006-index.htm",
        "finalLink": "https://www.sec.gov/Archives/edgar/data/30697/000003069722000006/wen-20220403.htm"
    },
    {
        "date": "2021-12-31",
        "symbol": "WEN",
        "reportedCurrency": "USD",
        "cik": "0000030697",
        "fillingDate": "2022-03-01",
        "acceptedDate": "2022-03-01 07:15:47",
        "calendarYear": "2021",
        "period": "Q4",
        "revenue": 473203000,
        "costOfRevenue": 302522000,
        "grossProfit": 170681000,
        "grossProfitRatio": 0.3606929795,
        "researchAndDevelopmentExpenses": 0,
        "generalAndAdministrativeExpenses": 64394000,
        "sellingAndMarketingExpenses": 0,
        "sellingGeneralAndAdministrativeExpenses": 64394000,
        "otherExpenses": 29390000,
        "operatingExpenses": 93784000,
        "costAndExpenses": 396306000,
        "interestIncome": 0,
        "interestExpense": 26195000,
        "depreciationAndAmortization": 32297000,
        "ebitda": 109453000,
        "ebitdaratio": 0.231302422,
        "operatingIncome": 76897000,
        "operatingIncomeRatio": 0.1625031963,
        "totalOtherIncomeExpensesNet": -25936000,
        "incomeBeforeTax": 50961000,
        "incomeBeforeTaxRatio": 0.1076937382,
        "incomeTaxExpense": -1170000,
        "netIncome": 52131000,
        "netIncomeRatio": 0.11016625,
        "eps": 0.24,
        "epsdiluted": 0.24,
        "weightedAverageShsOut": 217917000,
        "weightedAverageShsOutDil": 220435000,
        "link": "https://www.sec.gov/Archives/edgar/data/30697/000003069722000003/0000030697-22-000003-index.htm",
        "finalLink": "https://www.sec.gov/Archives/edgar/data/30697/000003069722000003/wen-20220102.htm"
    },
    {
        "date": "2021-10-03",
        "symbol": "WEN",
        "reportedCurrency": "USD",
        "cik": "0000030697",
        "fillingDate": "2021-11-10",
        "acceptedDate": "2021-11-10 07:20:25",
        "calendarYear": "2021",
        "period": "Q3",
        "revenue": 470255000,
        "costOfRevenue": 340398000,
        "grossProfit": 129857000,
        "grossProfitRatio": 0.2761416678,
        "researchAndDevelopmentExpenses": 0,
        "generalAndAdministrativeExpenses": 22300000,
        "sellingAndMarketingExpenses": 0,
        "sellingGeneralAndAdministrativeExpenses": 22300000,
        "otherExpenses": 27362000,
        "operatingExpenses": 49662000,
        "costAndExpenses": 390060000,
        "interestIncome": 0,
        "interestExpense": 26000000,
        "depreciationAndAmortization": 30940000,
        "ebitda": 111306000,
        "ebitdaratio": 0.2366928581,
        "operatingIncome": 80195000,
        "operatingIncomeRatio": 0.1705351352,
        "totalOtherIncomeExpensesNet": -25829000,
        "incomeBeforeTax": 54366000,
        "incomeBeforeTaxRatio": 0.1156096161,
        "incomeTaxExpense": 13195000,
        "netIncome": 41171000,
        "netIncomeRatio": 0.0875503716,
        "eps": 0.19,
        "epsdiluted": 0.18,
        "weightedAverageShsOut": 222373000,
        "weightedAverageShsOutDil": 225058000,
        "link": "https://www.sec.gov/Archives/edgar/data/30697/000003069721000009/0000030697-21-000009-index.htm",
        "finalLink": "https://www.sec.gov/Archives/edgar/data/30697/000003069721000009/wen-20211003.htm"
    },
    {
        "date": "2021-07-04",
        "symbol": "WEN",
        "reportedCurrency": "USD",
        "cik": "0000030697",
        "fillingDate": "2021-08-11",
        "acceptedDate": "2021-08-11 07:18:47",
        "calendarYear": "2021",
        "period": "Q2",
        "revenue": 493337000,
        "costOfRevenue": 348382000,
        "grossProfit": 144955000,
        "grossProfitRatio": 0.2938255189,
        "researchAndDevelopmentExpenses": 0,
        "generalAndAdministrativeExpenses": 19700000,
        "sellingAndMarketingExpenses": 0,
        "sellingGeneralAndAdministrativeExpenses": 19700000,
        "otherExpenses": -1491000,
        "operatingExpenses": 18209000,
        "costAndExpenses": 366591000,
        "interestIncome": 0,
        "interestExpense": 28204000,
        "depreciationAndAmortization": 30761000,
        "ebitda": 139751000,
        "ebitdaratio": 0.2832769486,
        "operatingIncome": 126746000,
        "operatingIncomeRatio": 0.2569156581,
        "totalOtherIncomeExpensesNet": -45960000,
        "incomeBeforeTax": 80786000,
        "incomeBeforeTaxRatio": 0.1637541883,
        "incomeTaxExpense": 15062000,
        "netIncome": 65724000,
        "netIncomeRatio": 0.1332233342,
        "eps": 0.3,
        "epsdiluted": 0.29,
        "weightedAverageShsOut": 221874000,
        "weightedAverageShsOutDil": 225400000,
        "link": "https://www.sec.gov/Archives/edgar/data/30697/000003069721000007/0000030697-21-000007-index.htm",
        "finalLink": "https://www.sec.gov/Archives/edgar/data/30697/000003069721000007/wen-20210704.htm"
    },
    {
        "date": "2021-04-04",
        "symbol": "WEN",
        "reportedCurrency": "USD",
        "cik": "0000030697",
        "fillingDate": "2021-05-12",
        "acceptedDate": "2021-05-12 07:15:39",
        "calendarYear": "2021",
        "period": "Q1",
        "revenue": 460203000,
        "costOfRevenue": 319940000,
        "grossProfit": 140263000,
        "grossProfitRatio": 0.3047850622,
        "researchAndDevelopmentExpenses": 0,
        "generalAndAdministrativeExpenses": 24000000,
        "sellingAndMarketingExpenses": 0,
        "sellingGeneralAndAdministrativeExpenses": 24000000,
        "otherExpenses": 33141000,
        "operatingExpenses": 57141000,
        "costAndExpenses": 377081000,
        "interestIncome": 0,
        "interestExpense": 28786000,
        "depreciationAndAmortization": 31542000,
        "ebitda": 114793000,
        "ebitdaratio": 0.2494399211,
        "operatingIncome": 83122000,
        "operatingIncomeRatio": 0.1806202915,
        "totalOtherIncomeExpensesNet": -28657000,
        "incomeBeforeTax": 54465000,
        "incomeBeforeTaxRatio": 0.1183499456,
        "incomeTaxExpense": 13099000,
        "netIncome": 41366000,
        "netIncomeRatio": 0.0898864197,
        "eps": 0.19,
        "epsdiluted": 0.18,
        "weightedAverageShsOut": 223334000,
        "weightedAverageShsOutDil": 226727000,
        "link": "https://www.sec.gov/Archives/edgar/data/30697/000003069721000005/0000030697-21-000005-index.htm",
        "finalLink": "https://www.sec.gov/Archives/edgar/data/30697/000003069721000005/wen-20210404.htm"
    },
    {
        "date": "2020-12-31",
        "symbol": "WEN",
        "reportedCurrency": "USD",
        "cik": "0000030697",
        "fillingDate": "2021-03-03",
        "acceptedDate": "2021-03-03 07:12:53",
        "calendarYear": "2020",
        "period": "Q4",
        "revenue": 474317000,
        "costOfRevenue": 296370000,
        "grossProfit": 177947000,
        "grossProfitRatio": 0.3751647105,
        "researchAndDevelopmentExpenses": 0,
        "generalAndAdministrativeExpenses": 59323000,
        "sellingAndMarketingExpenses": 0,
        "sellingGeneralAndAdministrativeExpenses": 59323000,
        "otherExpenses": 40057000,
        "operatingExpenses": 99380000,
        "costAndExpenses": 395750000,
        "interestIncome": 0,
        "interestExpense": 31041000,
        "depreciationAndAmortization": 34049000,
        "ebitda": 112727000,
        "ebitdaratio": 0.2376617326,
        "operatingIncome": 78567000,
        "operatingIncomeRatio": 0.1656423868,
        "totalOtherIncomeExpensesNet": -30930000,
        "incomeBeforeTax": 47637000,
        "incomeBeforeTaxRatio": 0.1004328329,
        "incomeTaxExpense": 8903000,
        "netIncome": 38734000,
        "netIncomeRatio": 0.0816626855,
        "eps": 0.17,
        "epsdiluted": 0.17,
        "weightedAverageShsOut": 224139000,
        "weightedAverageShsOutDil": 228521000,
        "link": "https://www.sec.gov/Archives/edgar/data/30697/000003069721000002/0000030697-21-000002-index.htm",
        "finalLink": "https://www.sec.gov/Archives/edgar/data/30697/000003069721000002/wen-20210103.htm"
    },
    {
        "date": "2020-09-27",
        "symbol": "WEN",
        "reportedCurrency": "USD",
        "cik": "0000030697",
        "fillingDate": "2020-11-04",
        "acceptedDate": "2020-11-04 07:14:19",
        "calendarYear": "2020",
        "period": "Q3",
        "revenue": 452242000,
        "costOfRevenue": 289979000,
        "grossProfit": 162263000,
        "grossProfitRatio": 0.3587968389,
        "researchAndDevelopmentExpenses": 0,
        "generalAndAdministrativeExpenses": 47322000,
        "sellingAndMarketingExpenses": 0,
        "sellingGeneralAndAdministrativeExpenses": 47322000,
        "otherExpenses": 33593000,
        "operatingExpenses": 80915000,
        "costAndExpenses": 370894000,
        "interestIncome": 0,
        "interestExpense": 29086000,
        "depreciationAndAmortization": 32966000,
        "ebitda": 114495000,
        "ebitdaratio": 0.2531719743,
        "operatingIncome": 81348000,
        "operatingIncomeRatio": 0.1798771454,
        "totalOtherIncomeExpensesNet": -28905000,
        "incomeBeforeTax": 52443000,
        "incomeBeforeTaxRatio": 0.1159622503,
        "incomeTaxExpense": 12690000,
        "netIncome": 39753000,
        "netIncomeRatio": 0.0879020524,
        "eps": 0.18,
        "epsdiluted": 0.17,
        "weightedAverageShsOut": 223907000,
        "weightedAverageShsOutDil": 228317000,
        "link": "https://www.sec.gov/Archives/edgar/data/30697/000003069720000009/0000030697-20-000009-index.htm",
        "finalLink": "https://www.sec.gov/Archives/edgar/data/30697/000003069720000009/wen-20200927.htm"
    },
    {
        "date": "2020-06-28",
        "symbol": "WEN",
        "reportedCurrency": "USD",
        "cik": "0000030697",
        "fillingDate": "2020-08-05",
        "acceptedDate": "2020-08-05 07:15:56",
        "calendarYear": "2020",
        "period": "Q2",
        "revenue": 402306000,
        "costOfRevenue": 258694000,
        "grossProfit": 143612000,
        "grossProfitRatio": 0.3569720561,
        "researchAndDevelopmentExpenses": 0,
        "generalAndAdministrativeExpenses": 48592000,
        "sellingAndMarketingExpenses": 0,
        "sellingGeneralAndAdministrativeExpenses": 48592000,
        "otherExpenses": 34359000,
        "operatingExpenses": 82951000,
        "costAndExpenses": 341645000,
        "interestIncome": 0,
        "interestExpense": 29085000,
        "depreciationAndAmortization": 34714000,
        "ebitda": 95231000,
        "ebitdaratio": 0.2367128504,
        "operatingIncome": 60661000,
        "operatingIncomeRatio": 0.1507832347,
        "totalOtherIncomeExpensesNet": -29229000,
        "incomeBeforeTax": 31432000,
        "incomeBeforeTaxRatio": 0.078129583,
        "incomeTaxExpense": 6528000,
        "netIncome": 24904000,
        "netIncomeRatio": 0.0619031285,
        "eps": 0.11,
        "epsdiluted": 0.11,
        "weightedAverageShsOut": 223123000,
        "weightedAverageShsOutDil": 227174000,
        "link": "https://www.sec.gov/Archives/edgar/data/30697/000003069720000007/0000030697-20-000007-index.htm",
        "finalLink": "https://www.sec.gov/Archives/edgar/data/30697/000003069720000007/wen-20200628.htm"
    },
    {
        "date": "2020-03-29",
        "symbol": "WEN",
        "reportedCurrency": "USD",
        "cik": "0000030697",
        "fillingDate": "2020-05-06",
        "acceptedDate": "2020-05-06 07:15:54",
        "calendarYear": "2020",
        "period": "Q1",
        "revenue": 404960000,
        "costOfRevenue": 270301000,
        "grossProfit": 134659000,
        "grossProfitRatio": 0.3325241999,
        "researchAndDevelopmentExpenses": 0,
        "generalAndAdministrativeExpenses": 48600000,
        "sellingAndMarketingExpenses": 0,
        "sellingGeneralAndAdministrativeExpenses": 48600000,
        "otherExpenses": 37327000,
        "operatingExpenses": 85927000,
        "costAndExpenses": 356228000,
        "interestIncome": 0,
        "interestExpense": 28525000,
        "depreciationAndAmortization": 31046000,
        "ebitda": 80854000,
        "ebitdaratio": 0.1996592256,
        "operatingIncome": 48732000,
        "operatingIncomeRatio": 0.1203378111,
        "totalOtherIncomeExpensesNet": -27449000,
        "incomeBeforeTax": 21283000,
        "incomeBeforeTaxRatio": 0.052555808,
        "incomeTaxExpense": 6842000,
        "netIncome": 14441000,
        "netIncomeRatio": 0.0356603121,
        "eps": 0.06,
        "epsdiluted": 0.06,
        "weightedAverageShsOut": 223533000,
        "weightedAverageShsOutDil": 228007000,
        "link": "https://www.sec.gov/Archives/edgar/data/30697/000003069720000005/0000030697-20-000005-index.htm",
        "finalLink": "https://www.sec.gov/Archives/edgar/data/30697/000003069720000005/twc10qq12020.htm"
    },
    {
        "date": "2019-12-31",
        "symbol": "WEN",
        "reportedCurrency": "USD",
        "cik": "0000030697",
        "fillingDate": "2020-02-26",
        "acceptedDate": "2020-02-26 07:19:31",
        "calendarYear": "2019",
        "period": "Q4",
        "revenue": 427191000,
        "costOfRevenue": 287469000,
        "grossProfit": 139722000,
        "grossProfitRatio": 0.3270714973,
        "researchAndDevelopmentExpenses": 0,
        "generalAndAdministrativeExpenses": 53940000,
        "sellingAndMarketingExpenses": 0,
        "sellingGeneralAndAdministrativeExpenses": 53940000,
        "otherExpenses": 49065000,
        "operatingExpenses": 103005000,
        "costAndExpenses": 390474000,
        "interestIncome": 0,
        "interestExpense": 29028000,
        "depreciationAndAmortization": 33718000,
        "ebitda": 95293000,
        "ebitdaratio": 0.2230688381,
        "operatingIncome": 36717000,
        "operatingIncomeRatio": 0.0859498444,
        "totalOtherIncomeExpensesNet": -4170000,
        "incomeBeforeTax": 32547000,
        "incomeBeforeTaxRatio": 0.0761884028,
        "incomeTaxExpense": 6014000,
        "netIncome": 26533000,
        "netIncomeRatio": 0.0621103909,
        "eps": 0.12,
        "epsdiluted": 0.11,
        "weightedAverageShsOut": 227441000,
        "weightedAverageShsOutDil": 232594000,
        "link": "https://www.sec.gov/Archives/edgar/data/30697/000003069720000002/0000030697-20-000002-index.htm",
        "finalLink": "https://www.sec.gov/Archives/edgar/data/30697/000003069720000002/twc10k2019.htm"
    },
    {
        "date": "2019-09-29",
        "symbol": "WEN",
        "reportedCurrency": "USD",
        "cik": "0000030697",
        "fillingDate": "2019-11-06",
        "acceptedDate": "2019-11-06 07:13:18",
        "calendarYear": "2019",
        "period": "Q3",
        "revenue": 437880000,
        "costOfRevenue": 282411000,
        "grossProfit": 155469000,
        "grossProfitRatio": 0.3550493286,
        "researchAndDevelopmentExpenses": 0,
        "generalAndAdministrativeExpenses": 46169000,
        "sellingAndMarketingExpenses": 0,
        "sellingGeneralAndAdministrativeExpenses": 46169000,
        "otherExpenses": 30277000,
        "operatingExpenses": 76446000,
        "costAndExpenses": 358857000,
        "interestIncome": 0,
        "interestExpense": 27930000,
        "depreciationAndAmortization": 33306000,
        "ebitda": 114547000,
        "ebitdaratio": 0.2615945008,
        "operatingIncome": 79023000,
        "operatingIncomeRatio": 0.1804672513,
        "totalOtherIncomeExpensesNet": -25712000,
        "incomeBeforeTax": 53311000,
        "incomeBeforeTaxRatio": 0.1217479675,
        "incomeTaxExpense": 7184000,
        "netIncome": 46127000,
        "netIncomeRatio": 0.1053416461,
        "eps": 0.2,
        "epsdiluted": 0.2,
        "weightedAverageShsOut": 230723000,
        "weightedAverageShsOutDil": 235718000,
        "link": "https://www.sec.gov/Archives/edgar/data/30697/000003069719000012/0000030697-19-000012-index.htm",
        "finalLink": "https://www.sec.gov/Archives/edgar/data/30697/000003069719000012/twc10qq32019.htm"
    },
    {
        "date": "2019-06-30",
        "symbol": "WEN",
        "reportedCurrency": "USD",
        "cik": "0000030697",
        "fillingDate": "2019-08-07",
        "acceptedDate": "2019-08-07 07:15:51",
        "calendarYear": "2019",
        "period": "Q2",
        "revenue": 435348000,
        "costOfRevenue": 271852000,
        "grossProfit": 163496000,
        "grossProfitRatio": 0.3755524316,
        "researchAndDevelopmentExpenses": 0,
        "generalAndAdministrativeExpenses": 50784000,
        "sellingAndMarketingExpenses": 0,
        "sellingGeneralAndAdministrativeExpenses": 50784000,
        "otherExpenses": 32139000,
        "operatingExpenses": 82923000,
        "costAndExpenses": 354775000,
        "interestIncome": 0,
        "interestExpense": 29931000,
        "depreciationAndAmortization": 31484000,
        "ebitda": 107154000,
        "ebitdaratio": 0.2461341272,
        "operatingIncome": 80573000,
        "operatingIncomeRatio": 0.1850772256,
        "totalOtherIncomeExpensesNet": -34834000,
        "incomeBeforeTax": 45739000,
        "incomeBeforeTaxRatio": 0.105063076,
        "incomeTaxExpense": 13353000,
        "netIncome": 32386000,
        "netIncomeRatio": 0.0743910619,
        "eps": 0.14,
        "epsdiluted": 0.14,
        "weightedAverageShsOut": 231029000,
        "weightedAverageShsOutDil": 236093000,
        "link": "https://www.sec.gov/Archives/edgar/data/30697/000003069719000010/0000030697-19-000010-index.htm",
        "finalLink": "https://www.sec.gov/Archives/edgar/data/30697/000003069719000010/twc10qq22019.htm"
    },
    {
        "date": "2019-03-31",
        "symbol": "WEN",
        "reportedCurrency": "USD",
        "cik": "0000030697",
        "fillingDate": "2019-05-08",
        "acceptedDate": "2019-05-08 07:23:31",
        "calendarYear": "2019",
        "period": "Q1",
        "revenue": 408583000,
        "costOfRevenue": 295229000,
        "grossProfit": 113354000,
        "grossProfitRatio": 0.2774320028,
        "researchAndDevelopmentExpenses": 0,
        "generalAndAdministrativeExpenses": 15500000,
        "sellingAndMarketingExpenses": 0,
        "sellingGeneralAndAdministrativeExpenses": 15500000,
        "otherExpenses": 31588000,
        "operatingExpenses": 47088000,
        "costAndExpenses": 342317000,
        "interestIncome": 0,
        "interestExpense": 29082000,
        "depreciationAndAmortization": 33185000,
        "ebitda": 102151000,
        "ebitdaratio": 0.2500128493,
        "operatingIncome": 66266000,
        "operatingIncomeRatio": 0.1621849171,
        "totalOtherIncomeExpensesNet": -26382000,
        "incomeBeforeTax": 39884000,
        "incomeBeforeTaxRatio": 0.0976154172,
        "incomeTaxExpense": 7990000,
        "netIncome": 31894000,
        "netIncomeRatio": 0.078060027,
        "eps": 0.14,
        "epsdiluted": 0.14,
        "weightedAverageShsOut": 230584000,
        "weightedAverageShsOutDil": 235894000,
        "link": "https://www.sec.gov/Archives/edgar/data/30697/000003069719000007/0000030697-19-000007-index.htm",
        "finalLink": "https://www.sec.gov/Archives/edgar/data/30697/000003069719000007/twc10qq12019.htm"
    },
    {
        "date": "2018-12-31",
        "symbol": "WEN",
        "reportedCurrency": "USD",
        "cik": "0000030697",
        "fillingDate": "2019-02-27",
        "acceptedDate": "2019-02-27 09:03:57",
        "calendarYear": "2018",
        "period": "Q4",
        "revenue": 397820000,
        "costOfRevenue": 243647000,
        "grossProfit": 154173000,
        "grossProfitRatio": 0.3875446182,
        "researchAndDevelopmentExpenses": 0,
        "generalAndAdministrativeExpenses": 71425000,
        "sellingAndMarketingExpenses": 0,
        "sellingGeneralAndAdministrativeExpenses": 71425000,
        "otherExpenses": 36949000,
        "operatingExpenses": 108374000,
        "costAndExpenses": 352021000,
        "interestIncome": 0,
        "interestExpense": 29679000,
        "depreciationAndAmortization": 34230000,
        "ebitda": 83291000,
        "ebitdaratio": 0.2093685586,
        "operatingIncome": 45799000,
        "operatingIncomeRatio": 0.1151249309,
        "totalOtherIncomeExpensesNet": -26417000,
        "incomeBeforeTax": 19382000,
        "incomeBeforeTaxRatio": 0.0487205269,
        "incomeTaxExpense": 551000,
        "netIncome": 18831000,
        "netIncomeRatio": 0.0473354784,
        "eps": 0.08,
        "epsdiluted": 0.08,
        "weightedAverageShsOut": 234574000,
        "weightedAverageShsOutDil": 240517000,
        "link": "https://www.sec.gov/Archives/edgar/data/30697/000003069719000004/0000030697-19-000004-index.htm",
        "finalLink": "https://www.sec.gov/Archives/edgar/data/30697/000003069719000004/twc10k2018.htm"
    },
    {
        "date": "2018-09-30",
        "symbol": "WEN",
        "reportedCurrency": "USD",
        "cik": "0000030697",
        "fillingDate": "2018-11-06",
        "acceptedDate": "2018-11-06 16:14:44",
        "calendarYear": "2018",
        "period": "Q3",
        "revenue": 400550000,
        "costOfRevenue": 248498000,
        "grossProfit": 152052000,
        "grossProfitRatio": 0.3796080389,
        "researchAndDevelopmentExpenses": 0,
        "generalAndAdministrativeExpenses": 46545000,
        "sellingAndMarketingExpenses": 0,
        "sellingGeneralAndAdministrativeExpenses": 46545000,
        "otherExpenses": 28159000,
        "operatingExpenses": 74704000,
        "costAndExpenses": 323202000,
        "interestIncome": 0,
        "interestExpense": 29625000,
        "depreciationAndAmortization": 29070000,
        "ebitda": 557612000,
        "ebitdaratio": 1.3921158407,
        "operatingIncome": 77348000,
        "operatingIncomeRatio": 0.1931044813,
        "totalOtherIncomeExpensesNet": 421569000,
        "incomeBeforeTax": 498917000,
        "incomeBeforeTaxRatio": 1.2455798277,
        "incomeTaxExpense": 107668000,
        "netIncome": 391249000,
        "netIncomeRatio": 0.9767794283,
        "eps": 1.65,
        "epsdiluted": 1.6,
        "weightedAverageShsOut": 237696000,
        "weightedAverageShsOutDil": 244766000,
        "link": "https://www.sec.gov/Archives/edgar/data/30697/000003069718000012/0000030697-18-000012-index.htm",
        "finalLink": "https://www.sec.gov/Archives/edgar/data/30697/000003069718000012/twc10qq32018.htm"
    },
    {
        "date": "2018-07-01",
        "symbol": "WEN",
        "reportedCurrency": "USD",
        "cik": "0000030697",
        "fillingDate": "2018-08-07",
        "acceptedDate": "2018-08-07 16:16:41",
        "calendarYear": "2018",
        "period": "Q2",
        "revenue": 411002000,
        "costOfRevenue": 254061000,
        "grossProfit": 156941000,
        "grossProfitRatio": 0.3818497234,
        "researchAndDevelopmentExpenses": 0,
        "generalAndAdministrativeExpenses": 49163000,
        "sellingAndMarketingExpenses": 0,
        "sellingGeneralAndAdministrativeExpenses": 49163000,
        "otherExpenses": 36295000,
        "operatingExpenses": 85458000,
        "costAndExpenses": 339519000,
        "interestIncome": 0,
        "interestExpense": 30136000,
        "depreciationAndAmortization": 33427000,
        "ebitda": 105827000,
        "ebitdaratio": 0.257485365,
        "operatingIncome": 71483000,
        "operatingIncomeRatio": 0.1739237279,
        "totalOtherIncomeExpensesNet": -29219000,
        "incomeBeforeTax": 42264000,
        "incomeBeforeTaxRatio": 0.1028316164,
        "incomeTaxExpense": 12388000,
        "netIncome": 29876000,
        "netIncomeRatio": 0.0726906438,
        "eps": 0.13,
        "epsdiluted": 0.12,
        "weightedAverageShsOut": 238991000,
        "weightedAverageShsOutDil": 246152000,
        "link": "https://www.sec.gov/Archives/edgar/data/30697/000003069718000008/0000030697-18-000008-index.htm",
        "finalLink": "https://www.sec.gov/Archives/edgar/data/30697/000003069718000008/twc10qq22018.htm"
    },
    {
        "date": "2018-04-01",
        "symbol": "WEN",
        "reportedCurrency": "USD",
        "cik": "0000030697",
        "fillingDate": "2018-05-08",
        "acceptedDate": "2018-05-08 16:18:12",
        "calendarYear": "2018",
        "period": "Q1",
        "revenue": 380564000,
        "costOfRevenue": 240555000,
        "grossProfit": 140009000,
        "grossProfitRatio": 0.3678986977,
        "researchAndDevelopmentExpenses": 0,
        "generalAndAdministrativeExpenses": 50356000,
        "sellingAndMarketingExpenses": 0,
        "sellingGeneralAndAdministrativeExpenses": 50356000,
        "otherExpenses": 34391000,
        "operatingExpenses": 84747000,
        "costAndExpenses": 325302000,
        "interestIncome": 0,
        "interestExpense": 30178000,
        "depreciationAndAmortization": 32152000,
        "ebitda": 76683000,
        "ebitdaratio": 0.2014983025,
        "operatingIncome": 55262000,
        "operatingIncomeRatio": 0.1452107924,
        "totalOtherIncomeExpensesNet": -40909000,
        "incomeBeforeTax": 14353000,
        "incomeBeforeTaxRatio": 0.0377150755,
        "incomeTaxExpense": -5806000,
        "netIncome": 20159000,
        "netIncomeRatio": 0.0529713793,
        "eps": 0.08,
        "epsdiluted": 0.08,
        "weightedAverageShsOut": 239928000,
        "weightedAverageShsOutDil": 248419000,
        "link": "https://www.sec.gov/Archives/edgar/data/30697/000003069718000006/0000030697-18-000006-index.htm",
        "finalLink": "https://www.sec.gov/Archives/edgar/data/30697/000003069718000006/twc10qq12018.htm"
    },
    {
        "date": "2017-12-31",
        "symbol": "WEN",
        "reportedCurrency": "USD",
        "cik": "0000030697",
        "fillingDate": "2018-02-28",
        "acceptedDate": "2018-02-28 09:03:48",
        "calendarYear": "2017",
        "period": "Q4",
        "revenue": 309247000,
        "costOfRevenue": 150967000,
        "grossProfit": 158280000,
        "grossProfitRatio": 0.5118238819,
        "researchAndDevelopmentExpenses": 0,
        "generalAndAdministrativeExpenses": 51891000,
        "sellingAndMarketingExpenses": 0,
        "sellingGeneralAndAdministrativeExpenses": 51891000,
        "otherExpenses": 39802000,
        "operatingExpenses": 91693000,
        "costAndExpenses": 242660000,
        "interestIncome": 0,
        "interestExpense": 30172000,
        "depreciationAndAmortization": 33997000,
        "ebitda": 101796000,
        "ebitdaratio": 0.3291737672,
        "operatingIncome": 66587000,
        "operatingIncomeRatio": 0.2153197929,
        "totalOtherIncomeExpensesNet": -28960000,
        "incomeBeforeTax": 37627000,
        "incomeBeforeTaxRatio": 0.1216729669,
        "incomeTaxExpense": -121649000,
        "netIncome": 159276000,
        "netIncomeRatio": 0.5150446084,
        "eps": 0.66,
        "epsdiluted": 0.64,
        "weightedAverageShsOut": 241497000,
        "weightedAverageShsOutDil": 249626000,
        "link": "https://www.sec.gov/Archives/edgar/data/30697/000003069718000003/0000030697-18-000003-index.htm",
        "finalLink": "https://www.sec.gov/Archives/edgar/data/30697/000003069718000003/twc10k2017.htm"
    },
    {
        "date": "2017-10-01",
        "symbol": "WEN",
        "reportedCurrency": "USD",
        "cik": "0000030697",
        "fillingDate": "2017-11-08",
        "acceptedDate": "2017-11-08 07:37:59",
        "calendarYear": "2017",
        "period": "Q3",
        "revenue": 308000000,
        "costOfRevenue": 161397000,
        "grossProfit": 146603000,
        "grossProfitRatio": 0.4759837662,
        "researchAndDevelopmentExpenses": 0,
        "generalAndAdministrativeExpenses": 51716000,
        "sellingAndMarketingExpenses": 0,
        "sellingGeneralAndAdministrativeExpenses": 51716000,
        "otherExpenses": 33230000,
        "operatingExpenses": 84946000,
        "costAndExpenses": 246343000,
        "interestIncome": 0,
        "interestExpense": 29977000,
        "depreciationAndAmortization": 31216000,
        "ebitda": 92748000,
        "ebitdaratio": 0.3011298701,
        "operatingIncome": 61657000,
        "operatingIncomeRatio": 0.2001850649,
        "totalOtherIncomeExpensesNet": -30102000,
        "incomeBeforeTax": 31555000,
        "incomeBeforeTaxRatio": 0.1024512987,
        "incomeTaxExpense": 17298000,
        "netIncome": 14257000,
        "netIncomeRatio": 0.046288961,
        "eps": 0.06,
        "epsdiluted": 0.06,
        "weightedAverageShsOut": 243354000,
        "weightedAverageShsOutDil": 251737000,
        "link": "https://www.sec.gov/Archives/edgar/data/30697/000003069717000010/0000030697-17-000010-index.htm",
        "finalLink": "https://www.sec.gov/Archives/edgar/data/30697/000003069717000010/twc10qq32017.htm"
    },
    {
        "date": "2017-07-02",
        "symbol": "WEN",
        "reportedCurrency": "USD",
        "cik": "0000030697",
        "fillingDate": "2017-08-09",
        "acceptedDate": "2017-08-09 07:39:19",
        "calendarYear": "2017",
        "period": "Q2",
        "revenue": 320342000,
        "costOfRevenue": 156267000,
        "grossProfit": 164075000,
        "grossProfitRatio": 0.5121869752,
        "researchAndDevelopmentExpenses": 0,
        "generalAndAdministrativeExpenses": 50059000,
        "sellingAndMarketingExpenses": 0,
        "sellingGeneralAndAdministrativeExpenses": 50059000,
        "otherExpenses": 88222000,
        "operatingExpenses": 138281000,
        "costAndExpenses": 294548000,
        "interestIncome": 0,
        "interestExpense": 28935000,
        "depreciationAndAmortization": 31309000,
        "ebitda": 59947000,
        "ebitdaratio": 0.1871343751,
        "operatingIncome": 25794000,
        "operatingIncomeRatio": 0.080520194,
        "totalOtherIncomeExpensesNet": -26091000,
        "incomeBeforeTax": -297000,
        "incomeBeforeTaxRatio": -0.0009271341,
        "incomeTaxExpense": 1548000,
        "netIncome": -1845000,
        "netIncomeRatio": -0.0057594696,
        "eps": -0.0075,
        "epsdiluted": -0.0075,
        "weightedAverageShsOut": 245261000,
        "weightedAverageShsOutDil": 245261000,
        "link": "https://www.sec.gov/Archives/edgar/data/30697/000003069717000008/0000030697-17-000008-index.htm",
        "finalLink": "https://www.sec.gov/Archives/edgar/data/30697/000003069717000008/twc10qq22017.htm"
    },
    {
        "date": "2017-04-02",
        "symbol": "WEN",
        "reportedCurrency": "USD",
        "cik": "0000030697",
        "fillingDate": "2017-05-10",
        "acceptedDate": "2017-05-10 07:39:49",
        "calendarYear": "2017",
        "period": "Q1",
        "revenue": 285819000,
        "costOfRevenue": 147054000,
        "grossProfit": 138765000,
        "grossProfitRatio": 0.4854995644,
        "researchAndDevelopmentExpenses": 0,
        "generalAndAdministrativeExpenses": 51314000,
        "sellingAndMarketingExpenses": 0,
        "sellingGeneralAndAdministrativeExpenses": 51314000,
        "otherExpenses": 26731000,
        "operatingExpenses": 78045000,
        "costAndExpenses": 225099000,
        "interestIncome": 0,
        "interestExpense": 28975000,
        "depreciationAndAmortization": 29165000,
        "ebitda": 90274000,
        "ebitdaratio": 0.3158432435,
        "operatingIncome": 60720000,
        "operatingIncomeRatio": 0.21244214,
        "totalOtherIncomeExpensesNet": -28586000,
        "incomeBeforeTax": 32134000,
        "incomeBeforeTaxRatio": 0.1124277952,
        "incomeTaxExpense": 9793000,
        "netIncome": 22341000,
        "netIncomeRatio": 0.0781648526,
        "eps": 0.09,
        "epsdiluted": 0.09,
        "weightedAverageShsOut": 246606000,
        "weightedAverageShsOutDil": 254239000,
        "link": "https://www.sec.gov/Archives/edgar/data/30697/000003069717000004/0000030697-17-000004-index.htm",
        "finalLink": "https://www.sec.gov/Archives/edgar/data/30697/000003069717000004/twc10qq12017.htm"
    },
    {
        "date": "2016-12-31",
        "symbol": "WEN",
        "reportedCurrency": "USD",
        "cik": "0000030697",
        "fillingDate": "2017-03-02",
        "acceptedDate": "2017-03-02 09:03:50",
        "calendarYear": "2016",
        "period": "Q4",
        "revenue": 309901000,
        "costOfRevenue": 208625000,
        "grossProfit": 101276000,
        "grossProfitRatio": 0.3268011397,
        "researchAndDevelopmentExpenses": 0,
        "generalAndAdministrativeExpenses": 61161000,
        "sellingAndMarketingExpenses": 0,
        "sellingGeneralAndAdministrativeExpenses": 61161000,
        "otherExpenses": -39100000,
        "operatingExpenses": 22061000,
        "costAndExpenses": 230686000,
        "interestIncome": 0,
        "interestExpense": 29319000,
        "depreciationAndAmortization": 30248000,
        "ebitda": 110139000,
        "ebitdaratio": 0.3554005957,
        "operatingIncome": 79215000,
        "operatingIncomeRatio": 0.2556138896,
        "totalOtherIncomeExpensesNet": -28643000,
        "incomeBeforeTax": 50572000,
        "incomeBeforeTaxRatio": 0.1631875986,
        "incomeTaxExpense": 21681000,
        "netIncome": 28891000,
        "netIncomeRatio": 0.0932265465,
        "eps": 0.11,
        "epsdiluted": 0.11,
        "weightedAverageShsOut": 251730000,
        "weightedAverageShsOutDil": 257026000,
        "link": "https://www.sec.gov/Archives/edgar/data/30697/000003069717000002/0000030697-17-000002-index.htm",
        "finalLink": "https://www.sec.gov/Archives/edgar/data/30697/000003069717000002/twc10k2016.htm"
    },
    {
        "date": "2016-10-02",
        "symbol": "WEN",
        "reportedCurrency": "USD",
        "cik": "0000030697",
        "fillingDate": "2016-11-09",
        "acceptedDate": "2016-11-09 07:39:23",
        "calendarYear": "2016",
        "period": "Q3",
        "revenue": 364012000,
        "costOfRevenue": 204080000,
        "grossProfit": 159932000,
        "grossProfitRatio": 0.439359142,
        "researchAndDevelopmentExpenses": 0,
        "generalAndAdministrativeExpenses": 58938000,
        "sellingAndMarketingExpenses": 0,
        "sellingGeneralAndAdministrativeExpenses": 58938000,
        "otherExpenses": -5094000,
        "operatingExpenses": 53844000,
        "costAndExpenses": 257924000,
        "interestIncome": 0,
        "interestExpense": 28731000,
        "depreciationAndAmortization": 29362000,
        "ebitda": 135948000,
        "ebitdaratio": 0.3734712042,
        "operatingIncome": 106088000,
        "operatingIncomeRatio": 0.2914409415,
        "totalOtherIncomeExpensesNet": -28233000,
        "incomeBeforeTax": 77855000,
        "incomeBeforeTaxRatio": 0.2138803116,
        "incomeTaxExpense": 28965000,
        "netIncome": 48890000,
        "netIncomeRatio": 0.1343087591,
        "eps": 0.19,
        "epsdiluted": 0.18,
        "weightedAverageShsOut": 260976000,
        "weightedAverageShsOutDil": 264808000,
        "link": "https://www.sec.gov/Archives/edgar/data/30697/000003069716000018/0000030697-16-000018-index.htm",
        "finalLink": "https://www.sec.gov/Archives/edgar/data/30697/000003069716000018/twc10qq32016.htm"
    },
    {
        "date": "2016-07-03",
        "symbol": "WEN",
        "reportedCurrency": "USD",
        "cik": "0000030697",
        "fillingDate": "2016-08-10",
        "acceptedDate": "2016-08-10 07:38:31",
        "calendarYear": "2016",
        "period": "Q2",
        "revenue": 382718000,
        "costOfRevenue": 220047000,
        "grossProfit": 162671000,
        "grossProfitRatio": 0.4250414143,
        "researchAndDevelopmentExpenses": 0,
        "generalAndAdministrativeExpenses": 61124000,
        "sellingAndMarketingExpenses": 0,
        "sellingGeneralAndAdministrativeExpenses": 61124000,
        "otherExpenses": 35899000,
        "operatingExpenses": 97023000,
        "costAndExpenses": 317070000,
        "interestIncome": 0,
        "interestExpense": 28643000,
        "depreciationAndAmortization": 31404000,
        "ebitda": 97328000,
        "ebitdaratio": 0.254307349,
        "operatingIncome": 65648000,
        "operatingIncomeRatio": 0.1715309967,
        "totalOtherIncomeExpensesNet": -28367000,
        "incomeBeforeTax": 37281000,
        "incomeBeforeTaxRatio": 0.0974111487,
        "incomeTaxExpense": 10801000,
        "netIncome": 26480000,
        "netIncomeRatio": 0.0691893248,
        "eps": 0.1,
        "epsdiluted": 0.098,
        "weightedAverageShsOut": 265915000,
        "weightedAverageShsOutDil": 270265000,
        "link": "https://www.sec.gov/Archives/edgar/data/30697/000003069716000016/0000030697-16-000016-index.htm",
        "finalLink": "https://www.sec.gov/Archives/edgar/data/30697/000003069716000016/twc10qq22016.htm"
    },
    {
        "date": "2016-04-03",
        "symbol": "WEN",
        "reportedCurrency": "USD",
        "cik": "0000030697",
        "fillingDate": "2016-05-11",
        "acceptedDate": "2016-05-11 07:37:31",
        "calendarYear": "2016",
        "period": "Q1",
        "revenue": 378787000,
        "costOfRevenue": 229393000,
        "grossProfit": 149394000,
        "grossProfitRatio": 0.394401075,
        "researchAndDevelopmentExpenses": 0,
        "generalAndAdministrativeExpenses": 64646000,
        "sellingAndMarketingExpenses": 0,
        "sellingGeneralAndAdministrativeExpenses": 64646000,
        "otherExpenses": 20919000,
        "operatingExpenses": 85565000,
        "costAndExpenses": 314958000,
        "interestIncome": 0,
        "interestExpense": 28109000,
        "depreciationAndAmortization": 33290000,
        "ebitda": 97381000,
        "ebitdaratio": 0.2570864364,
        "operatingIncome": 63829000,
        "operatingIncomeRatio": 0.1685089509,
        "totalOtherIncomeExpensesNet": -27847000,
        "incomeBeforeTax": 35982000,
        "incomeBeforeTaxRatio": 0.0949927004,
        "incomeTaxExpense": 10619000,
        "netIncome": 25363000,
        "netIncomeRatio": 0.0669584753,
        "eps": 0.09,
        "epsdiluted": 0.09,
        "weightedAverageShsOut": 270214000,
        "weightedAverageShsOutDil": 274750000,
        "link": "https://www.sec.gov/Archives/edgar/data/30697/000003069716000014/0000030697-16-000014-index.htm",
        "finalLink": "https://www.sec.gov/Archives/edgar/data/30697/000003069716000014/twc10qq1-16.htm"
    },
    {
        "date": "2015-12-31",
        "symbol": "WEN",
        "reportedCurrency": "USD",
        "cik": "0000030697",
        "fillingDate": "2016-03-03",
        "acceptedDate": "2016-03-03 08:32:46",
        "calendarYear": "2015",
        "period": "Q4",
        "revenue": 464365000,
        "costOfRevenue": 272316000,
        "grossProfit": 192049000,
        "grossProfitRatio": 0.4135733744,
        "researchAndDevelopmentExpenses": 0,
        "generalAndAdministrativeExpenses": 72401000,
        "sellingAndMarketingExpenses": 0,
        "sellingGeneralAndAdministrativeExpenses": 72401000,
        "otherExpenses": 3336000,
        "operatingExpenses": 75737000,
        "costAndExpenses": 348053000,
        "interestIncome": 0,
        "interestExpense": 28185000,
        "depreciationAndAmortization": 35024000,
        "ebitda": 203631000,
        "ebitdaratio": 0.4385149613,
        "operatingIncome": 116312000,
        "operatingIncomeRatio": 0.2504753804,
        "totalOtherIncomeExpensesNet": 24110000,
        "incomeBeforeTax": 140422000,
        "incomeBeforeTaxRatio": 0.3023957447,
        "incomeTaxExpense": 51741000,
        "netIncome": 85856000,
        "netIncomeRatio": 0.184889042,
        "eps": 0.31,
        "epsdiluted": 0.31,
        "weightedAverageShsOut": 273292000,
        "weightedAverageShsOutDil": 278024000,
        "link": "https://www.sec.gov/Archives/edgar/data/30697/000003069716000011/0000030697-16-000011-index.htm",
        "finalLink": "https://www.sec.gov/Archives/edgar/data/30697/000003069716000011/twc10k2015.htm"
    },
    {
        "date": "2015-09-27",
        "symbol": "WEN",
        "reportedCurrency": "USD",
        "cik": "0000030697",
        "fillingDate": "2015-11-04",
        "acceptedDate": "2015-11-04 07:36:59",
        "calendarYear": "2015",
        "period": "Q3",
        "revenue": 464629000,
        "costOfRevenue": 291524000,
        "grossProfit": 173105000,
        "grossProfitRatio": 0.3725660688,
        "researchAndDevelopmentExpenses": 0,
        "generalAndAdministrativeExpenses": 63683000,
        "sellingAndMarketingExpenses": 0,
        "sellingGeneralAndAdministrativeExpenses": 63683000,
        "otherExpenses": 53483000,
        "operatingExpenses": 117166000,
        "costAndExpenses": 408690000,
        "interestIncome": 0,
        "interestExpense": 27938000,
        "depreciationAndAmortization": 39909000,
        "ebitda": 96062000,
        "ebitdaratio": 0.2067499015,
        "operatingIncome": 55939000,
        "operatingIncomeRatio": 0.1203949818,
        "totalOtherIncomeExpensesNet": -27724000,
        "incomeBeforeTax": 28215000,
        "incomeBeforeTaxRatio": 0.0607258695,
        "incomeTaxExpense": 19892000,
        "netIncome": 7584000,
        "netIncomeRatio": 0.0163227005,
        "eps": 0.03,
        "epsdiluted": 0.03,
        "weightedAverageShsOut": 292256000,
        "weightedAverageShsOutDil": 296951000,
        "link": "https://www.sec.gov/Archives/edgar/data/30697/000003069715000009/0000030697-15-000009-index.htm",
        "finalLink": "https://www.sec.gov/Archives/edgar/data/30697/000003069715000009/twc10qq3-15.htm"
    },
    {
        "date": "2015-06-28",
        "symbol": "WEN",
        "reportedCurrency": "USD",
        "cik": "0000030697",
        "fillingDate": "2015-08-05",
        "acceptedDate": "2015-08-05 07:36:46",
        "calendarYear": "2015",
        "period": "Q2",
        "revenue": 489534000,
        "costOfRevenue": 315122000,
        "grossProfit": 174412000,
        "grossProfitRatio": 0.3562816883,
        "researchAndDevelopmentExpenses": 0,
        "generalAndAdministrativeExpenses": 60771000,
        "sellingAndMarketingExpenses": 0,
        "sellingGeneralAndAdministrativeExpenses": 60771000,
        "otherExpenses": 49333000,
        "operatingExpenses": 110104000,
        "costAndExpenses": 425226000,
        "interestIncome": 0,
        "interestExpense": 17201000,
        "depreciationAndAmortization": 41919000,
        "ebitda": 99204000,
        "ebitdaratio": 0.202649867,
        "operatingIncome": 64308000,
        "operatingIncomeRatio": 0.1313657478,
        "totalOtherIncomeExpensesNet": -24224000,
        "incomeBeforeTax": 40084000,
        "incomeBeforeTaxRatio": 0.081881953,
        "incomeTaxExpense": 15259000,
        "netIncome": 40195000,
        "netIncomeRatio": 0.0821086993,
        "eps": 0.11,
        "epsdiluted": 0.11,
        "weightedAverageShsOut": 363766000,
        "weightedAverageShsOutDil": 370542000,
        "link": "https://www.sec.gov/Archives/edgar/data/30697/000003069715000007/0000030697-15-000007-index.htm",
        "finalLink": "https://www.sec.gov/Archives/edgar/data/30697/000003069715000007/twc10qq2-15.htm"
    },
    {
        "date": "2015-03-29",
        "symbol": "WEN",
        "reportedCurrency": "USD",
        "cik": "0000030697",
        "fillingDate": "2015-05-06",
        "acceptedDate": "2015-05-06 07:38:36",
        "calendarYear": "2015",
        "period": "Q1",
        "revenue": 451769000,
        "costOfRevenue": 305111000,
        "grossProfit": 146658000,
        "grossProfitRatio": 0.3246305081,
        "researchAndDevelopmentExpenses": 0,
        "generalAndAdministrativeExpenses": 59698000,
        "sellingAndMarketingExpenses": 0,
        "sellingGeneralAndAdministrativeExpenses": 59698000,
        "otherExpenses": 49049000,
        "operatingExpenses": 108747000,
        "costAndExpenses": 413858000,
        "interestIncome": 0,
        "interestExpense": 12743000,
        "depreciationAndAmortization": 36880000,
        "ebitda": 75030000,
        "ebitdaratio": 0.1660804526,
        "operatingIncome": 37911000,
        "operatingIncomeRatio": 0.0839167805,
        "totalOtherIncomeExpensesNet": -12504000,
        "incomeBeforeTax": 25407000,
        "incomeBeforeTaxRatio": 0.0562389186,
        "incomeTaxExpense": 7257000,
        "netIncome": 27507000,
        "netIncomeRatio": 0.0608873119,
        "eps": 0.08,
        "epsdiluted": 0.07,
        "weightedAverageShsOut": 366584000,
        "weightedAverageShsOutDil": 373208000,
        "link": "https://www.sec.gov/Archives/edgar/data/30697/000003069715000005/0000030697-15-000005-index.htm",
        "finalLink": "https://www.sec.gov/Archives/edgar/data/30697/000003069715000005/twc10qq1-15.htm"
    },
    {
        "date": "2014-12-31",
        "symbol": "WEN",
        "reportedCurrency": "USD",
        "cik": "0000030697",
        "fillingDate": "2015-02-26",
        "acceptedDate": "2015-02-26 08:31:35",
        "calendarYear": "2014",
        "period": "Q4",
        "revenue": 501951000,
        "costOfRevenue": 335019000,
        "grossProfit": 166932000,
        "grossProfitRatio": 0.3325663262,
        "researchAndDevelopmentExpenses": 0,
        "generalAndAdministrativeExpenses": 60135000,
        "sellingAndMarketingExpenses": 0,
        "sellingGeneralAndAdministrativeExpenses": 60135000,
        "otherExpenses": 55080000,
        "operatingExpenses": 115215000,
        "costAndExpenses": 450234000,
        "interestIncome": 0,
        "interestExpense": 12864000,
        "depreciationAndAmortization": 41595000,
        "ebitda": 93512000,
        "ebitdaratio": 0.1862970688,
        "operatingIncome": 51717000,
        "operatingIncomeRatio": 0.1030319693,
        "totalOtherIncomeExpensesNet": -12664000,
        "incomeBeforeTax": 39053000,
        "incomeBeforeTaxRatio": 0.077802415,
        "incomeTaxExpense": 15759000,
        "netIncome": 23294000,
        "netIncomeRatio": 0.0464069202,
        "eps": 0.06,
        "epsdiluted": 0.06,
        "weightedAverageShsOut": 365497000,
        "weightedAverageShsOutDil": 371050000,
        "link": "https://www.sec.gov/Archives/edgar/data/30697/000003069715000003/0000030697-15-000003-index.htm",
        "finalLink": "https://www.sec.gov/Archives/edgar/data/30697/000003069715000003/twc10k2014.htm"
    },
    {
        "date": "2014-09-28",
        "symbol": "WEN",
        "reportedCurrency": "USD",
        "cik": "0000030697",
        "fillingDate": "2014-11-06",
        "acceptedDate": "2014-11-06 07:05:55",
        "calendarYear": "2014",
        "period": "Q3",
        "revenue": 496670000,
        "costOfRevenue": 332645000,
        "grossProfit": 164025000,
        "grossProfitRatio": 0.3302494614,
        "researchAndDevelopmentExpenses": 0,
        "generalAndAdministrativeExpenses": 65173000,
        "sellingAndMarketingExpenses": 0,
        "sellingGeneralAndAdministrativeExpenses": 65173000,
        "otherExpenses": 54608000,
        "operatingExpenses": 119781000,
        "costAndExpenses": 452426000,
        "interestIncome": 0,
        "interestExpense": 13148000,
        "depreciationAndAmortization": 36274000,
        "ebitda": 80889000,
        "ebitdaratio": 0.1628626654,
        "operatingIncome": 44244000,
        "operatingIncomeRatio": 0.0890812813,
        "totalOtherIncomeExpensesNet": -12777000,
        "incomeBeforeTax": 31467000,
        "incomeBeforeTaxRatio": 0.0633559506,
        "incomeTaxExpense": 10334000,
        "netIncome": 22830000,
        "netIncomeRatio": 0.0459661345,
        "eps": 0.06,
        "epsdiluted": 0.06,
        "weightedAverageShsOut": 366880000,
        "weightedAverageShsOutDil": 372152000,
        "link": "https://www.sec.gov/Archives/edgar/data/30697/000003069714000020/0000030697-14-000020-index.htm",
        "finalLink": "https://www.sec.gov/Archives/edgar/data/30697/000003069714000020/twc10qq3-14.htm"
    },
    {
        "date": "2014-06-29",
        "symbol": "WEN",
        "reportedCurrency": "USD",
        "cik": "0000030697",
        "fillingDate": "2014-08-07",
        "acceptedDate": "2014-08-07 07:06:25",
        "calendarYear": "2014",
        "period": "Q2",
        "revenue": 506079000,
        "costOfRevenue": 335141000,
        "grossProfit": 170938000,
        "grossProfitRatio": 0.3377693996,
        "researchAndDevelopmentExpenses": 0,
        "generalAndAdministrativeExpenses": 66433000,
        "sellingAndMarketingExpenses": 0,
        "sellingGeneralAndAdministrativeExpenses": 66433000,
        "otherExpenses": 43336000,
        "operatingExpenses": 109769000,
        "costAndExpenses": 444910000,
        "interestIncome": 0,
        "interestExpense": 13083000,
        "depreciationAndAmortization": 39495000,
        "ebitda": 101520000,
        "ebitdaratio": 0.2006010919,
        "operatingIncome": 61169000,
        "operatingIncomeRatio": 0.120868481,
        "totalOtherIncomeExpensesNet": -12227000,
        "incomeBeforeTax": 48942000,
        "incomeBeforeTaxRatio": 0.0967082214,
        "incomeTaxExpense": 21615000,
        "netIncome": 29007000,
        "netIncomeRatio": 0.0573171382,
        "eps": 0.08,
        "epsdiluted": 0.08,
        "weightedAverageShsOut": 366712000,
        "weightedAverageShsOutDil": 372172000,
        "link": "https://www.sec.gov/Archives/edgar/data/30697/000003069714000018/0000030697-14-000018-index.htm",
        "finalLink": "https://www.sec.gov/Archives/edgar/data/30697/000003069714000018/twc10qq2-14.htm"
    },
    {
        "date": "2014-03-30",
        "symbol": "WEN",
        "reportedCurrency": "USD",
        "cik": "0000030697",
        "fillingDate": "2014-05-08",
        "acceptedDate": "2014-05-08 07:07:34",
        "calendarYear": "2014",
        "period": "Q1",
        "revenue": 523196000,
        "costOfRevenue": 374190000,
        "grossProfit": 149006000,
        "grossProfitRatio": 0.284799578,
        "researchAndDevelopmentExpenses": 0,
        "generalAndAdministrativeExpenses": 70366000,
        "sellingAndMarketingExpenses": 0,
        "sellingGeneralAndAdministrativeExpenses": 70366000,
        "otherExpenses": -10374000,
        "operatingExpenses": 59992000,
        "costAndExpenses": 434182000,
        "interestIncome": 0,
        "interestExpense": 12994000,
        "depreciationAndAmortization": 42496000,
        "ebitda": 132033000,
        "ebitdaratio": 0.2523585807,
        "operatingIncome": 89014000,
        "operatingIncomeRatio": 0.1701350928,
        "totalOtherIncomeExpensesNet": -12471000,
        "incomeBeforeTax": 76543000,
        "incomeBeforeTaxRatio": 0.1462989014,
        "incomeTaxExpense": 30240000,
        "netIncome": 46303000,
        "netIncomeRatio": 0.0885002943,
        "eps": 0.12,
        "epsdiluted": 0.12,
        "weightedAverageShsOut": 381551000,
        "weightedAverageShsOutDil": 389352000,
        "link": "https://www.sec.gov/Archives/edgar/data/30697/000003069714000012/0000030697-14-000012-index.htm",
        "finalLink": "https://www.sec.gov/Archives/edgar/data/30697/000003069714000012/twc10qq1-14.htm"
    },
    {
        "date": "2013-12-31",
        "symbol": "WEN",
        "reportedCurrency": "USD",
        "cik": "0000030697",
        "fillingDate": "2014-02-27",
        "acceptedDate": "2014-02-27 07:37:46",
        "calendarYear": "2013",
        "period": "Q4",
        "revenue": 592405000,
        "costOfRevenue": 436437000,
        "grossProfit": 155968000,
        "grossProfitRatio": 0.2632793444,
        "researchAndDevelopmentExpenses": 0,
        "generalAndAdministrativeExpenses": 77169000,
        "sellingAndMarketingExpenses": 0,
        "sellingGeneralAndAdministrativeExpenses": 77169000,
        "otherExpenses": 49921000,
        "operatingExpenses": 127090000,
        "costAndExpenses": 563527000,
        "interestIncome": 0,
        "interestExpense": 13464000,
        "depreciationAndAmortization": 61295000,
        "ebitda": 104064000,
        "ebitdaratio": 0.1756636085,
        "operatingIncome": 28878000,
        "operatingIncomeRatio": 0.0487470565,
        "totalOtherIncomeExpensesNet": 427000,
        "incomeBeforeTax": 29305000,
        "incomeBeforeTaxRatio": 0.0494678472,
        "incomeTaxExpense": -3620000,
        "netIncome": 33069000,
        "netIncomeRatio": 0.0558216085,
        "eps": 0.08,
        "epsdiluted": 0.08,
        "weightedAverageShsOut": 392088000,
        "weightedAverageShsOutDil": 400416000,
        "link": "https://www.sec.gov/Archives/edgar/data/30697/000003069714000006/0000030697-14-000006-index.htm",
        "finalLink": "https://www.sec.gov/Archives/edgar/data/30697/000003069714000006/twc10k2013.htm"
    },
    {
        "date": "2013-09-29",
        "symbol": "WEN",
        "reportedCurrency": "USD",
        "cik": "0000030697",
        "fillingDate": "2013-11-07",
        "acceptedDate": "2013-11-07 07:36:17",
        "calendarYear": "2013",
        "period": "Q3",
        "revenue": 640779000,
        "costOfRevenue": 469177000,
        "grossProfit": 171602000,
        "grossProfitRatio": 0.2678021596,
        "researchAndDevelopmentExpenses": 0,
        "generalAndAdministrativeExpenses": 76518000,
        "sellingAndMarketingExpenses": 0,
        "sellingGeneralAndAdministrativeExpenses": 76518000,
        "otherExpenses": 68274000,
        "operatingExpenses": 144792000,
        "costAndExpenses": 613969000,
        "interestIncome": 0,
        "interestExpense": 15620000,
        "depreciationAndAmortization": 47454000,
        "ebitda": 76537000,
        "ebitdaratio": 0.1194436771,
        "operatingIncome": 26810000,
        "operatingIncomeRatio": 0.0418396982,
        "totalOtherIncomeExpensesNet": -13347000,
        "incomeBeforeTax": 13463000,
        "incomeBeforeTaxRatio": 0.0210103639,
        "incomeTaxExpense": 15625000,
        "netIncome": -1939000,
        "netIncomeRatio": -0.0030260043,
        "eps": -0.0049,
        "epsdiluted": -0.0049,
        "weightedAverageShsOut": 392579000,
        "weightedAverageShsOutDil": 392579000,
        "link": "https://www.sec.gov/Archives/edgar/data/30697/000003069713000021/0000030697-13-000021-index.htm",
        "finalLink": "https://www.sec.gov/Archives/edgar/data/30697/000003069713000021/twc10qq3-13.htm"
    },
    {
        "date": "2013-06-30",
        "symbol": "WEN",
        "reportedCurrency": "USD",
        "cik": "0000030697",
        "fillingDate": "2013-08-07",
        "acceptedDate": "2013-08-07 08:30:37",
        "calendarYear": "2013",
        "period": "Q2",
        "revenue": 650544000,
        "costOfRevenue": 473298000,
        "grossProfit": 177246000,
        "grossProfitRatio": 0.2724581274,
        "researchAndDevelopmentExpenses": 0,
        "generalAndAdministrativeExpenses": 74795000,
        "sellingAndMarketingExpenses": 0,
        "sellingGeneralAndAdministrativeExpenses": 74795000,
        "otherExpenses": 45461000,
        "operatingExpenses": 120256000,
        "costAndExpenses": 593554000,
        "interestIncome": 0,
        "interestExpense": 18964000,
        "depreciationAndAmortization": 39088000,
        "ebitda": 75107000,
        "ebitdaratio": 0.1154526058,
        "operatingIncome": 56990000,
        "operatingIncomeRatio": 0.0876036056,
        "totalOtherIncomeExpensesNet": -39935000,
        "incomeBeforeTax": 17055000,
        "incomeBeforeTaxRatio": 0.0262165203,
        "incomeTaxExpense": 5053000,
        "netIncome": 12224000,
        "netIncomeRatio": 0.0187904277,
        "eps": 0.03,
        "epsdiluted": 0.03,
        "weightedAverageShsOut": 393174000,
        "weightedAverageShsOutDil": 397884000,
        "link": "https://www.sec.gov/Archives/edgar/data/30697/000003069713000013/0000030697-13-000013-index.htm",
        "finalLink": "https://www.sec.gov/Archives/edgar/data/30697/000003069713000013/twc10qq2-13.htm"
    },
    {
        "date": "2013-03-31",
        "symbol": "WEN",
        "reportedCurrency": "USD",
        "cik": "0000030697",
        "fillingDate": "2013-05-08",
        "acceptedDate": "2013-05-08 07:02:04",
        "calendarYear": "2013",
        "period": "Q1",
        "revenue": 603682000,
        "costOfRevenue": 460828000,
        "grossProfit": 142854000,
        "grossProfitRatio": 0.2366378325,
        "researchAndDevelopmentExpenses": 0,
        "generalAndAdministrativeExpenses": 65310000,
        "sellingAndMarketingExpenses": 0,
        "sellingGeneralAndAdministrativeExpenses": 65310000,
        "otherExpenses": 55080000,
        "operatingExpenses": 120390000,
        "costAndExpenses": 581218000,
        "interestIncome": 0,
        "interestExpense": 20964000,
        "depreciationAndAmortization": 52382000,
        "ebitda": 72575000,
        "ebitdaratio": 0.1202205797,
        "operatingIncome": 22464000,
        "operatingIncomeRatio": 0.0372116445,
        "totalOtherIncomeExpensesNet": -23235000,
        "incomeBeforeTax": -771000,
        "incomeBeforeTaxRatio": -0.0012771625,
        "incomeTaxExpense": -2904000,
        "netIncome": 2133000,
        "netIncomeRatio": 0.0035333172,
        "eps": 0.01,
        "epsdiluted": 0.0054,
        "weightedAverageShsOut": 392498000,
        "weightedAverageShsOutDil": 395694000,
        "link": "https://www.sec.gov/Archives/edgar/data/30697/000003069713000006/0000030697-13-000006-index.htm",
        "finalLink": "https://www.sec.gov/Archives/edgar/data/30697/000003069713000006/twc10qq1-13.htm"
    },
    {
        "date": "2012-12-31",
        "symbol": "WEN",
        "reportedCurrency": "USD",
        "cik": "0000030697",
        "fillingDate": "2013-02-28",
        "acceptedDate": "2013-02-28 07:06:33",
        "calendarYear": "2012",
        "period": "Q4",
        "revenue": 629879000,
        "costOfRevenue": 464276000,
        "grossProfit": 165603000,
        "grossProfitRatio": 0.2629124006,
        "researchAndDevelopmentExpenses": 0,
        "generalAndAdministrativeExpenses": 0,
        "sellingAndMarketingExpenses": 0,
        "sellingGeneralAndAdministrativeExpenses": 68665000,
        "otherExpenses": 64681000,
        "operatingExpenses": 133346000,
        "costAndExpenses": 597622000,
        "interestIncome": 0,
        "interestExpense": 20801000,
        "depreciationAndAmortization": 42117000,
        "ebitda": 81711000,
        "ebitdaratio": 0.1297249154,
        "operatingIncome": 32257000,
        "operatingIncomeRatio": 0.0512114231,
        "totalOtherIncomeExpensesNet": -13464000,
        "incomeBeforeTax": 18793000,
        "incomeBeforeTaxRatio": 0.0298358891,
        "incomeTaxExpense": -6616000,
        "netIncome": 26388000,
        "netIncomeRatio": 0.0418937605,
        "eps": 0.06,
        "epsdiluted": 0.057,
        "weightedAverageShsOut": 391013000,
        "weightedAverageShsOutDil": 392640000,
        "link": "https://www.sec.gov/Archives/edgar/data/30697/000003069713000003/0000030697-13-000003-index.htm",
        "finalLink": "https://www.sec.gov/Archives/edgar/data/30697/000003069713000003/twc10k2012.htm"
    },
    {
        "date": "2012-09-30",
        "symbol": "WEN",
        "reportedCurrency": "USD",
        "cik": "0000030697",
        "fillingDate": "2012-11-08",
        "acceptedDate": "2012-11-08 07:35:02",
        "calendarYear": "2012",
        "period": "Q3",
        "revenue": 636308000,
        "costOfRevenue": 478425000,
        "grossProfit": 157883000,
        "grossProfitRatio": 0.2481235502,
        "researchAndDevelopmentExpenses": 0,
        "generalAndAdministrativeExpenses": 72175000,
        "sellingAndMarketingExpenses": 0,
        "sellingGeneralAndAdministrativeExpenses": 72175000,
        "otherExpenses": 54525000,
        "operatingExpenses": 126700000,
        "costAndExpenses": 605125000,
        "interestIncome": 0,
        "interestExpense": 21566000,
        "depreciationAndAmortization": 42499000,
        "ebitda": 24701000,
        "ebitdaratio": 0.0388192511,
        "operatingIncome": 31183000,
        "operatingIncomeRatio": 0.0490061417,
        "totalOtherIncomeExpensesNet": -70547000,
        "incomeBeforeTax": -39364000,
        "incomeBeforeTaxRatio": -0.0618631229,
        "incomeTaxExpense": -12672000,
        "netIncome": -26162000,
        "netIncomeRatio": -0.0411153089,
        "eps": -0.0686,
        "epsdiluted": -0.067,
        "weightedAverageShsOut": 381314285,
        "weightedAverageShsOutDil": 390406000,
        "link": "https://www.sec.gov/Archives/edgar/data/30697/000003069712000023/0000030697-12-000023-index.htm",
        "finalLink": "https://www.sec.gov/Archives/edgar/data/30697/000003069712000023/twc_wr10qq3-12.htm"
    },
    {
        "date": "2012-07-01",
        "symbol": "WEN",
        "reportedCurrency": "USD",
        "cik": "0000030697",
        "fillingDate": "2012-08-09",
        "acceptedDate": "2012-08-09 08:10:28",
        "calendarYear": "2012",
        "period": "Q2",
        "revenue": 645868000,
        "costOfRevenue": 483080000,
        "grossProfit": 162788000,
        "grossProfitRatio": 0.2520453096,
        "researchAndDevelopmentExpenses": 0,
        "generalAndAdministrativeExpenses": 73345000,
        "sellingAndMarketingExpenses": 0,
        "sellingGeneralAndAdministrativeExpenses": 73345000,
        "otherExpenses": 51052000,
        "operatingExpenses": 124397000,
        "costAndExpenses": 607477000,
        "interestIncome": 0,
        "interestExpense": 28002000,
        "depreciationAndAmortization": 36606000,
        "ebitda": 50442000,
        "ebitdaratio": 0.0780995498,
        "operatingIncome": 38391000,
        "operatingIncomeRatio": 0.0594409384,
        "totalOtherIncomeExpensesNet": -52557000,
        "incomeBeforeTax": -14166000,
        "incomeBeforeTaxRatio": -0.0219332743,
        "incomeTaxExpense": -8673000,
        "netIncome": -5493000,
        "netIncomeRatio": -0.0085048338,
        "eps": -0.0141,
        "epsdiluted": -0.0141,
        "weightedAverageShsOut": 389978000,
        "weightedAverageShsOutDil": 389978000,
        "link": "https://www.sec.gov/Archives/edgar/data/30697/000003069712000020/0000030697-12-000020-index.htm",
        "finalLink": "https://www.sec.gov/Archives/edgar/data/30697/000003069712000020/twc_wr10qq2-12.htm"
    },
    {
        "date": "2012-04-01",
        "symbol": "WEN",
        "reportedCurrency": "USD",
        "cik": "0000030697",
        "fillingDate": "2012-05-08",
        "acceptedDate": "2012-05-08 07:07:18",
        "calendarYear": "2012",
        "period": "Q1",
        "revenue": 593187000,
        "costOfRevenue": 455467000,
        "grossProfit": 137720000,
        "grossProfitRatio": 0.2321696194,
        "researchAndDevelopmentExpenses": 0,
        "generalAndAdministrativeExpenses": 72304000,
        "sellingAndMarketingExpenses": 0,
        "sellingGeneralAndAdministrativeExpenses": 72304000,
        "otherExpenses": 44500000,
        "operatingExpenses": 116804000,
        "costAndExpenses": 572271000,
        "interestIncome": 0,
        "interestExpense": 28235000,
        "depreciationAndAmortization": 32952000,
        "ebitda": 82799000,
        "ebitdaratio": 0.1395833017,
        "operatingIncome": 20916000,
        "operatingIncomeRatio": 0.0352603816,
        "totalOtherIncomeExpensesNet": 696000,
        "incomeBeforeTax": 21612000,
        "incomeBeforeTaxRatio": 0.0364337047,
        "incomeTaxExpense": 6878000,
        "netIncome": 12350000,
        "netIncomeRatio": 0.0208197415,
        "eps": 0.03,
        "epsdiluted": 0.03,
        "weightedAverageShsOut": 389701000,
        "weightedAverageShsOutDil": 392275000,
        "link": "https://www.sec.gov/Archives/edgar/data/30697/000003069712000012/0000030697-12-000012-index.htm",
        "finalLink": "https://www.sec.gov/Archives/edgar/data/30697/000003069712000012/twc_wr10qq1-12.htm"
    },
    {
        "date": "2011-12-31",
        "symbol": "WEN",
        "reportedCurrency": "USD",
        "cik": "0000030697",
        "fillingDate": "2012-03-01",
        "acceptedDate": "2012-03-01 08:04:17",
        "calendarYear": "2011",
        "period": "Q4",
        "revenue": 615018000,
        "costOfRevenue": 454440000,
        "grossProfit": 160578000,
        "grossProfitRatio": 0.2610947972,
        "researchAndDevelopmentExpenses": 0,
        "generalAndAdministrativeExpenses": 0,
        "sellingAndMarketingExpenses": 0,
        "sellingGeneralAndAdministrativeExpenses": 92192000,
        "otherExpenses": 39106000,
        "operatingExpenses": 131298000,
        "costAndExpenses": 585738000,
        "interestIncome": 0,
        "interestExpense": 28195000,
        "depreciationAndAmortization": 32217000,
        "ebitda": 62032000,
        "ebitdaratio": 0.1008620886,
        "operatingIncome": 29280000,
        "operatingIncomeRatio": 0.0476083627,
        "totalOtherIncomeExpensesNet": -27660000,
        "incomeBeforeTax": 1620000,
        "incomeBeforeTaxRatio": 0.0026340692,
        "incomeTaxExpense": -2670000,
        "netIncome": 3984000,
        "netIncomeRatio": 0.0064778592,
        "eps": 0.01,
        "epsdiluted": 0.01,
        "weightedAverageShsOut": 389701000,
        "weightedAverageShsOutDil": 392275000,
        "link": "https://www.sec.gov/Archives/edgar/data/30697/000003069712000007/0000030697-12-000007-index.htm",
        "finalLink": "https://www.sec.gov/Archives/edgar/data/30697/000003069712000007/twc_wr10k2011.htm"
    },
    {
        "date": "2011-10-02",
        "symbol": "WEN",
        "reportedCurrency": "USD",
        "cik": "0000030697",
        "fillingDate": "2011-11-09",
        "acceptedDate": "2011-11-09 08:04:39",
        "calendarYear": "2011",
        "period": "Q3",
        "revenue": 611416000,
        "costOfRevenue": 458000000,
        "grossProfit": 153416000,
        "grossProfitRatio": 0.2509191778,
        "researchAndDevelopmentExpenses": 0,
        "generalAndAdministrativeExpenses": 0,
        "sellingAndMarketingExpenses": 0,
        "sellingGeneralAndAdministrativeExpenses": 89845000,
        "otherExpenses": 31181000,
        "operatingExpenses": 121026000,
        "costAndExpenses": 579026000,
        "interestIncome": 0,
        "interestExpense": 28384000,
        "depreciationAndAmortization": 30816000,
        "ebitda": 63510000,
        "ebitdaratio": 0.103873631,
        "operatingIncome": 32390000,
        "operatingIncomeRatio": 0.0529753883,
        "totalOtherIncomeExpensesNet": -28080000,
        "incomeBeforeTax": 4310000,
        "incomeBeforeTaxRatio": 0.0070492104,
        "incomeTaxExpense": 1766000,
        "netIncome": -3966000,
        "netIncomeRatio": -0.006486582,
        "eps": -0.01,
        "epsdiluted": -0.01,
        "weightedAverageShsOut": 395677000,
        "weightedAverageShsOutDil": 397899000,
        "link": "https://www.sec.gov/Archives/edgar/data/30697/000003069711000065/0000030697-11-000065-index.htm",
        "finalLink": "https://www.sec.gov/Archives/edgar/data/30697/000003069711000065/twc_wr10qq32011.htm"
    },
    {
        "date": "2011-07-03",
        "symbol": "WEN",
        "reportedCurrency": "USD",
        "cik": "0000030697",
        "fillingDate": "2011-08-11",
        "acceptedDate": "2011-08-11 08:34:31",
        "calendarYear": "2011",
        "period": "Q2",
        "revenue": 622459000,
        "costOfRevenue": 464798000,
        "grossProfit": 157661000,
        "grossProfitRatio": 0.2532873651,
        "researchAndDevelopmentExpenses": 0,
        "generalAndAdministrativeExpenses": 0,
        "sellingAndMarketingExpenses": 0,
        "sellingGeneralAndAdministrativeExpenses": 79495000,
        "otherExpenses": 30732000,
        "operatingExpenses": 110227000,
        "costAndExpenses": 575025000,
        "interestIncome": 0,
        "interestExpense": 28089000,
        "depreciationAndAmortization": 39144000,
        "ebitda": 86915000,
        "ebitdaratio": 0.1396316866,
        "operatingIncome": 47434000,
        "operatingIncomeRatio": 0.0762042159,
        "totalOtherIncomeExpensesNet": -27752000,
        "incomeBeforeTax": 19682000,
        "incomeBeforeTaxRatio": 0.0316197533,
        "incomeTaxExpense": 8308000,
        "netIncome": 11266000,
        "netIncomeRatio": 0.018099184,
        "eps": 0.03,
        "epsdiluted": 0.0269,
        "weightedAverageShsOut": 417676000,
        "weightedAverageShsOutDil": 419239000,
        "link": "https://www.sec.gov/Archives/edgar/data/30697/000003069711000054/0000030697-11-000054-index.htm",
        "finalLink": "https://www.sec.gov/Archives/edgar/data/30697/000003069711000054/twc_wr10qq22011.htm"
    },
    {
        "date": "2011-04-03",
        "symbol": "WEN",
        "reportedCurrency": "USD",
        "cik": "0000030697",
        "fillingDate": "2011-05-10",
        "acceptedDate": "2011-05-10 08:42:41",
        "calendarYear": "2011",
        "period": "Q1",
        "revenue": 582465000,
        "costOfRevenue": 438871000,
        "grossProfit": 143594000,
        "grossProfitRatio": 0.2465281176,
        "researchAndDevelopmentExpenses": 0,
        "generalAndAdministrativeExpenses": 0,
        "sellingAndMarketingExpenses": 0,
        "sellingGeneralAndAdministrativeExpenses": 76569000,
        "otherExpenses": 39008000,
        "operatingExpenses": 115577000,
        "costAndExpenses": 554448000,
        "interestIncome": 0,
        "interestExpense": 29442000,
        "depreciationAndAmortization": 43125000,
        "ebitda": 71395000,
        "ebitdaratio": 0.1225738886,
        "operatingIncome": 28017000,
        "operatingIncomeRatio": 0.0481007443,
        "totalOtherIncomeExpensesNet": -29189000,
        "incomeBeforeTax": -1172000,
        "incomeBeforeTaxRatio": -0.0020121381,
        "incomeTaxExpense": -876000,
        "netIncome": -1409000,
        "netIncomeRatio": -0.0024190295,
        "eps": -0.0034,
        "epsdiluted": -0.0034,
        "weightedAverageShsOut": 418520000,
        "weightedAverageShsOutDil": 418520000,
        "link": "https://www.sec.gov/Archives/edgar/data/30697/000003069711000032/0000030697-11-000032-index.htm",
        "finalLink": "https://www.sec.gov/Archives/edgar/data/30697/000003069711000032/wag_war10qq12011.htm"
    },
    {
        "date": "2010-12-31",
        "symbol": "WEN",
        "reportedCurrency": "USD",
        "cik": "0000030697",
        "fillingDate": "2011-03-03",
        "acceptedDate": "2011-03-03 07:03:10",
        "calendarYear": "2010",
        "period": "Q4",
        "revenue": 840732000,
        "costOfRevenue": 643192000,
        "grossProfit": 197540000,
        "grossProfitRatio": 0.2349619141,
        "researchAndDevelopmentExpenses": 0,
        "generalAndAdministrativeExpenses": 0,
        "sellingAndMarketingExpenses": 0,
        "sellingGeneralAndAdministrativeExpenses": 110664000,
        "otherExpenses": 73829000,
        "operatingExpenses": 184493000,
        "costAndExpenses": 827685000,
        "interestIncome": 0,
        "interestExpense": 32694000,
        "depreciationAndAmortization": 44724000,
        "ebitda": 98249000,
        "ebitdaratio": 0.116861259,
        "operatingIncome": 13047000,
        "operatingIncomeRatio": 0.0155186195,
        "totalOtherIncomeExpensesNet": 7784000,
        "incomeBeforeTax": 20831000,
        "incomeBeforeTaxRatio": 0.0247772179,
        "incomeTaxExpense": 31589000,
        "netIncome": -10758000,
        "netIncomeRatio": -0.0127959921,
        "eps": -0.0257,
        "epsdiluted": -0.0257,
        "weightedAverageShsOut": 418084000,
        "weightedAverageShsOutDil": 418520000,
        "link": "https://www.sec.gov/Archives/edgar/data/30697/000003069711000019/0000030697-11-000019-index.htm",
        "finalLink": "https://www.sec.gov/Archives/edgar/data/30697/000003069711000019/form10-k_01022011.htm"
    },
    {
        "date": "2010-10-02",
        "symbol": "WEN",
        "reportedCurrency": "USD",
        "cik": "0000030697",
        "fillingDate": "2010-11-12",
        "acceptedDate": "2010-11-12 07:02:39",
        "calendarYear": "2010",
        "period": "Q3",
        "revenue": 600708000,
        "costOfRevenue": 451319000,
        "grossProfit": 149389000,
        "grossProfitRatio": 0.2486882146,
        "researchAndDevelopmentExpenses": 0,
        "generalAndAdministrativeExpenses": 0,
        "sellingAndMarketingExpenses": 0,
        "sellingGeneralAndAdministrativeExpenses": 73984000,
        "otherExpenses": 55115000,
        "operatingExpenses": 129099000,
        "costAndExpenses": 580418000,
        "interestIncome": 77000,
        "interestExpense": 29159000,
        "depreciationAndAmortization": 46178000,
        "ebitda": 66708000,
        "ebitdaratio": 0.1110489622,
        "operatingIncome": 20290000,
        "operatingIncomeRatio": 0.03377681,
        "totalOtherIncomeExpensesNet": -28919000,
        "incomeBeforeTax": -8629000,
        "incomeBeforeTaxRatio": -0.0143647163,
        "incomeTaxExpense": -7872000,
        "netIncome": -909000,
        "netIncomeRatio": -0.0015132144,
        "eps": -0.0022,
        "epsdiluted": -0.0022,
        "weightedAverageShsOut": 417985000,
        "weightedAverageShsOutDil": 417985000,
        "link": "https://www.sec.gov/Archives/edgar/data/30697/000003069710000071/0000030697-10-000071-index.htm",
        "finalLink": "https://www.sec.gov/Archives/edgar/data/30697/000003069710000071/form10-q_q32010.htm"
    },
    {
        "date": "2010-07-04",
        "symbol": "WEN",
        "reportedCurrency": "USD",
        "cik": "0000030697",
        "fillingDate": "2010-08-12",
        "acceptedDate": "2010-08-12 09:03:53",
        "calendarYear": "2010",
        "period": "Q2",
        "revenue": 607434000,
        "costOfRevenue": 442314000,
        "grossProfit": 165120000,
        "grossProfitRatio": 0.2718320015,
        "researchAndDevelopmentExpenses": 0,
        "generalAndAdministrativeExpenses": 0,
        "sellingAndMarketingExpenses": 0,
        "sellingGeneralAndAdministrativeExpenses": 74081000,
        "otherExpenses": 32092000,
        "operatingExpenses": 106173000,
        "costAndExpenses": 548487000,
        "interestIncome": 5048000,
        "interestExpense": 29516000,
        "depreciationAndAmortization": 44944000,
        "ebitda": 83627000,
        "ebitdaratio": 0.1376725702,
        "operatingIncome": 58947000,
        "operatingIncomeRatio": 0.0970426417,
        "totalOtherIncomeExpensesNet": -49780000,
        "incomeBeforeTax": 9167000,
        "incomeBeforeTaxRatio": 0.0150913515,
        "incomeTaxExpense": 3725000,
        "netIncome": 10742000,
        "netIncomeRatio": 0.0176842258,
        "eps": 0.03,
        "epsdiluted": 0.0252,
        "weightedAverageShsOut": 425594000,
        "weightedAverageShsOutDil": 426567000,
        "link": "https://www.sec.gov/Archives/edgar/data/30697/000003069710000057/0000030697-10-000057-index.htm",
        "finalLink": "https://www.sec.gov/Archives/edgar/data/30697/000003069710000057/form10q_2010q2.htm"
    },
    {
        "date": "2010-03-31",
        "symbol": "WEN",
        "reportedCurrency": "USD",
        "cik": "0000030697",
        "fillingDate": "2010-05-25",
        "acceptedDate": "2010-05-25 17:11:51",
        "calendarYear": "2010",
        "period": "Q1",
        "revenue": 837447000,
        "costOfRevenue": 641422000,
        "grossProfit": 196025000,
        "grossProfitRatio": 0.2340745146,
        "researchAndDevelopmentExpenses": 0,
        "generalAndAdministrativeExpenses": 0,
        "sellingAndMarketingExpenses": 0,
        "sellingGeneralAndAdministrativeExpenses": 110482000,
        "otherExpenses": 59210000,
        "operatingExpenses": 169692000,
        "costAndExpenses": 811114000,
        "interestIncome": 0,
        "interestExpense": 36278000,
        "depreciationAndAmortization": 46326000,
        "ebitda": 74067000,
        "ebitdaratio": 0.088443806,
        "operatingIncome": 26333000,
        "operatingIncomeRatio": 0.031444378,
        "totalOtherIncomeExpensesNet": -34870000,
        "incomeBeforeTax": -8537000,
        "incomeBeforeTaxRatio": -0.010194078,
        "incomeTaxExpense": -5137000,
        "netIncome": -3400000,
        "netIncomeRatio": -0.0040599584,
        "eps": -0.0077,
        "epsdiluted": -0.0077,
        "weightedAverageShsOut": 443326000,
        "weightedAverageShsOutDil": 443326000,
        "link": "https://www.sec.gov/Archives/edgar/data/30697/000095014210000913/0000950142-10-000913-index.htm",
        "finalLink": "https://www.sec.gov/Archives/edgar/data/30697/000095014210000913/ex991form8k_052510.htm"
    },
    {
        "date": "2009-12-31",
        "symbol": "WEN",
        "reportedCurrency": "USD",
        "cik": "0000030697",
        "fillingDate": "2009-12-31",
        "acceptedDate": "2009-12-30 19:00:00",
        "calendarYear": "2009",
        "period": "Q4",
        "revenue": 900943000,
        "costOfRevenue": 682009000,
        "grossProfit": 218934000,
        "grossProfitRatio": 0.2430053844,
        "researchAndDevelopmentExpenses": 0,
        "generalAndAdministrativeExpenses": 0,
        "sellingAndMarketingExpenses": 0,
        "sellingGeneralAndAdministrativeExpenses": 132180000,
        "otherExpenses": 102041000,
        "operatingExpenses": 234221000,
        "costAndExpenses": 916230000,
        "interestIncome": 0,
        "interestExpense": 37037000,
        "depreciationAndAmortization": 46882000,
        "ebitda": 33657000,
        "ebitdaratio": 0.0373575243,
        "operatingIncome": -15287000,
        "operatingIncomeRatio": -0.0169677771,
        "totalOtherIncomeExpensesNet": -34975000,
        "incomeBeforeTax": -50262000,
        "incomeBeforeTaxRatio": -0.055788213,
        "incomeTaxExpense": -35544000,
        "netIncome": -13594000,
        "netIncomeRatio": -0.0150886349,
        "eps": -0.0296,
        "epsdiluted": -0.0296,
        "weightedAverageShsOut": 458806000,
        "weightedAverageShsOutDil": 458806000,
        "link": null,
        "finalLink": null
    },
    {
        "date": "2009-09-30",
        "symbol": "WEN",
        "reportedCurrency": "USD",
        "cik": "0000030697",
        "fillingDate": "2009-09-30",
        "acceptedDate": "2009-09-29 20:00:00",
        "calendarYear": "2009",
        "period": "Q3",
        "revenue": 903221000,
        "costOfRevenue": 684071000,
        "grossProfit": 219150000,
        "grossProfitRatio": 0.2426316483,
        "researchAndDevelopmentExpenses": 0,
        "generalAndAdministrativeExpenses": 0,
        "sellingAndMarketingExpenses": 0,
        "sellingGeneralAndAdministrativeExpenses": 97909000,
        "otherExpenses": 64419000,
        "operatingExpenses": 162328000,
        "costAndExpenses": 846399000,
        "interestIncome": 0,
        "interestExpense": 36457000,
        "depreciationAndAmortization": 47020000,
        "ebitda": 105898000,
        "ebitdaratio": 0.1172448382,
        "operatingIncome": 56822000,
        "operatingIncomeRatio": 0.0629104062,
        "totalOtherIncomeExpensesNet": -34401000,
        "incomeBeforeTax": 22421000,
        "incomeBeforeTaxRatio": 0.0248233821,
        "incomeTaxExpense": 8155000,
        "netIncome": 14688000,
        "netIncomeRatio": 0.0162618008,
        "eps": 0.03,
        "epsdiluted": 0.03,
        "weightedAverageShsOut": 468008000,
        "weightedAverageShsOutDil": 471393000,
        "link": null,
        "finalLink": null
    },
    {
        "date": "2009-06-30",
        "symbol": "WEN",
        "reportedCurrency": "USD",
        "cik": "0000030697",
        "fillingDate": "2009-06-30",
        "acceptedDate": "2009-06-29 20:00:00",
        "calendarYear": "2009",
        "period": "Q2",
        "revenue": 912687000,
        "costOfRevenue": 686462000,
        "grossProfit": 226225000,
        "grossProfitRatio": 0.2478670125,
        "researchAndDevelopmentExpenses": 0,
        "generalAndAdministrativeExpenses": 0,
        "sellingAndMarketingExpenses": 0,
        "sellingGeneralAndAdministrativeExpenses": 112746000,
        "otherExpenses": 56972000,
        "operatingExpenses": 169718000,
        "costAndExpenses": 856180000,
        "interestIncome": 0,
        "interestExpense": 31065000,
        "depreciationAndAmortization": 44687000,
        "ebitda": 99193000,
        "ebitdaratio": 0.1086823851,
        "operatingIncome": 56507000,
        "operatingIncomeRatio": 0.0619127916,
        "totalOtherIncomeExpensesNet": -33066000,
        "incomeBeforeTax": 23441000,
        "incomeBeforeTaxRatio": 0.0256835038,
        "incomeTaxExpense": 8549000,
        "netIncome": 14892000,
        "netIncomeRatio": 0.0163166562,
        "eps": 0.0517,
        "epsdiluted": 0.0517,
        "weightedAverageShsOut": 469237000,
        "weightedAverageShsOutDil": 469237000,
        "link": null,
        "finalLink": null
    },
    {
        "date": "2009-03-31",
        "symbol": "WEN",
        "reportedCurrency": "USD",
        "cik": "0000030697",
        "fillingDate": "2009-03-31",
        "acceptedDate": "2009-03-31 00:00:00",
        "calendarYear": "2009",
        "period": "Q1",
        "revenue": 863984000,
        "costOfRevenue": 675942000,
        "grossProfit": 188042000,
        "grossProfitRatio": 0.2176452342,
        "researchAndDevelopmentExpenses": 0,
        "generalAndAdministrativeExpenses": 0,
        "sellingAndMarketingExpenses": 0,
        "sellingGeneralAndAdministrativeExpenses": 109878000,
        "otherExpenses": 64230000,
        "operatingExpenses": 174108000,
        "costAndExpenses": 850050000,
        "interestIncome": 0,
        "interestExpense": 22149000,
        "depreciationAndAmortization": 51662000,
        "ebitda": 58078000,
        "ebitdaratio": 0.0672211522,
        "operatingIncome": 13934000,
        "operatingIncomeRatio": 0.0161276135,
        "totalOtherIncomeExpensesNet": -29667000,
        "incomeBeforeTax": -15733000,
        "incomeBeforeTaxRatio": -0.018209828,
        "incomeTaxExpense": -4809000,
        "netIncome": -10924000,
        "netIncomeRatio": -0.0126437527,
        "eps": -0.0233,
        "epsdiluted": -0.0233,
        "weightedAverageShsOut": 469237000,
        "weightedAverageShsOutDil": 469237000,
        "link": null,
        "finalLink": null
    },
    {
        "date": "2008-12-31",
        "symbol": "WEN",
        "reportedCurrency": "USD",
        "cik": "0000030697",
        "fillingDate": "2008-12-31",
        "acceptedDate": "2008-12-30 19:00:00",
        "calendarYear": "2008",
        "period": "Q4",
        "revenue": 896522000,
        "costOfRevenue": 759891000,
        "grossProfit": 136631000,
        "grossProfitRatio": 0.1524011681,
        "researchAndDevelopmentExpenses": 0,
        "generalAndAdministrativeExpenses": 0,
        "sellingAndMarketingExpenses": 0,
        "sellingGeneralAndAdministrativeExpenses": 62936000,
        "otherExpenses": 507447000,
        "operatingExpenses": 570383000,
        "costAndExpenses": 1330274000,
        "interestIncome": 0,
        "interestExpense": 0,
        "depreciationAndAmortization": 16647000,
        "ebitda": -406723000,
        "ebitdaratio": -0.4536676177,
        "operatingIncome": -433752000,
        "operatingIncomeRatio": -0.4838163481,
        "totalOtherIncomeExpensesNet": -47466000,
        "incomeBeforeTax": -481218000,
        "incomeBeforeTaxRatio": -0.5367609495,
        "incomeTaxExpense": -87002000,
        "netIncome": -393218000,
        "netIncomeRatio": -0.4386038491,
        "eps": -3.42,
        "epsdiluted": -3.42,
        "weightedAverageShsOut": 115106500,
        "weightedAverageShsOutDil": 115106500,
        "link": null,
        "finalLink": null
    },
    {
        "date": "2008-09-30",
        "symbol": "WEN",
        "reportedCurrency": "USD",
        "cik": "0000030697",
        "fillingDate": "2008-09-30",
        "acceptedDate": "2008-09-29 20:00:00",
        "calendarYear": "2008",
        "period": "Q3",
        "revenue": 310371000,
        "costOfRevenue": 239880000,
        "grossProfit": 70491000,
        "grossProfitRatio": 0.227118513,
        "researchAndDevelopmentExpenses": 0,
        "generalAndAdministrativeExpenses": 36075000,
        "sellingAndMarketingExpenses": 17674000,
        "sellingGeneralAndAdministrativeExpenses": 36075000,
        "otherExpenses": 30619000,
        "operatingExpenses": 66694000,
        "costAndExpenses": 306574000,
        "interestIncome": 0,
        "interestExpense": 13585000,
        "depreciationAndAmortization": 16497000,
        "ebitda": 19654000,
        "ebitdaratio": 0.0633242152,
        "operatingIncome": 3797000,
        "operatingIncomeRatio": 0.0122337461,
        "totalOtherIncomeExpensesNet": -14225000,
        "incomeBeforeTax": -10428000,
        "incomeBeforeTaxRatio": -0.0335984999,
        "incomeTaxExpense": 2938000,
        "netIncome": -12147000,
        "netIncomeRatio": -0.0391370328,
        "eps": -0.12,
        "epsdiluted": -0.12,
        "weightedAverageShsOut": 103825250,
        "weightedAverageShsOutDil": 103825250,
        "link": null,
        "finalLink": null
    },
    {
        "date": "2008-06-30",
        "symbol": "WEN",
        "reportedCurrency": "USD",
        "cik": "0000030697",
        "fillingDate": "2008-06-30",
        "acceptedDate": "2008-06-29 20:00:00",
        "calendarYear": "2008",
        "period": "Q2",
        "revenue": 313014000,
        "costOfRevenue": 244992000,
        "grossProfit": 68022000,
        "grossProfitRatio": 0.2173129636,
        "researchAndDevelopmentExpenses": 0,
        "generalAndAdministrativeExpenses": 42122000,
        "sellingAndMarketingExpenses": 24465000,
        "sellingGeneralAndAdministrativeExpenses": 42122000,
        "otherExpenses": 17652000,
        "operatingExpenses": 59774000,
        "costAndExpenses": 304766000,
        "interestIncome": 0,
        "interestExpense": 13944000,
        "depreciationAndAmortization": 16355000,
        "ebitda": 16628000,
        "ebitdaratio": 0.0531222246,
        "operatingIncome": 8248000,
        "operatingIncomeRatio": 0.0263502591,
        "totalOtherIncomeExpensesNet": -21919000,
        "incomeBeforeTax": -13671000,
        "incomeBeforeTaxRatio": -0.0436753628,
        "incomeTaxExpense": -6766000,
        "netIncome": -6905000,
        "netIncomeRatio": -0.0220597162,
        "eps": -0.0665,
        "epsdiluted": -0.0665,
        "weightedAverageShsOut": 103825250,
        "weightedAverageShsOutDil": 103825250,
        "link": null,
        "finalLink": null
    },
    {
        "date": "2008-03-31",
        "symbol": "WEN",
        "reportedCurrency": "USD",
        "cik": "0000030697",
        "fillingDate": "2008-03-31",
        "acceptedDate": "2008-03-31 00:00:00",
        "calendarYear": "2008",
        "period": "Q1",
        "revenue": 302854000,
        "costOfRevenue": 233445000,
        "grossProfit": 69409000,
        "grossProfitRatio": 0.2291830387,
        "researchAndDevelopmentExpenses": 0,
        "generalAndAdministrativeExpenses": 44911000,
        "sellingAndMarketingExpenses": 20535000,
        "sellingGeneralAndAdministrativeExpenses": 44911000,
        "otherExpenses": 16441000,
        "operatingExpenses": 61352000,
        "costAndExpenses": 294797000,
        "interestIncome": 0,
        "interestExpense": 13491000,
        "depreciationAndAmortization": 15914000,
        "ebitda": -46530000,
        "ebitdaratio": -0.1536383868,
        "operatingIncome": 8057000,
        "operatingIncomeRatio": 0.026603578,
        "totalOtherIncomeExpensesNet": -83992000,
        "incomeBeforeTax": -75935000,
        "incomeBeforeTaxRatio": -0.2507313755,
        "incomeTaxExpense": -8464000,
        "netIncome": -67471000,
        "netIncomeRatio": -0.2227839157,
        "eps": -0.73,
        "epsdiluted": -0.73,
        "weightedAverageShsOut": 92544000,
        "weightedAverageShsOutDil": 92544000,
        "link": null,
        "finalLink": null
    },
    {
        "date": "2007-12-31",
        "symbol": "WEN",
        "reportedCurrency": "USD",
        "cik": "0000030697",
        "fillingDate": "2007-12-31",
        "acceptedDate": "2007-12-30 19:00:00",
        "calendarYear": "2007",
        "period": "Q4",
        "revenue": 320637000,
        "costOfRevenue": 209804000,
        "grossProfit": 110833000,
        "grossProfitRatio": 0.3456650355,
        "researchAndDevelopmentExpenses": 0,
        "generalAndAdministrativeExpenses": 49808000,
        "sellingAndMarketingExpenses": 19954000,
        "sellingGeneralAndAdministrativeExpenses": 69762000,
        "otherExpenses": -16856000,
        "operatingExpenses": 52906000,
        "costAndExpenses": 262710000,
        "interestIncome": 0,
        "interestExpense": 0,
        "depreciationAndAmortization": 19440000,
        "ebitda": 81530000,
        "ebitdaratio": 0.2542750837,
        "operatingIncome": 57927000,
        "operatingIncomeRatio": 0.1806622442,
        "totalOtherIncomeExpensesNet": -9878000,
        "incomeBeforeTax": 48049000,
        "incomeBeforeTaxRatio": 0.1498548202,
        "incomeTaxExpense": 16031000,
        "netIncome": 33312000,
        "netIncomeRatio": 0.1038931876,
        "eps": 0.53,
        "epsdiluted": 0.53,
        "weightedAverageShsOut": 90689474,
        "weightedAverageShsOutDil": 90689474,
        "link": null,
        "finalLink": null
    },
    {
        "date": "2007-09-30",
        "symbol": "WEN",
        "reportedCurrency": "USD",
        "cik": "0000030697",
        "fillingDate": "2007-09-30",
        "acceptedDate": "2007-09-30 00:00:00",
        "calendarYear": "2007",
        "period": "Q3",
        "revenue": 324213000,
        "costOfRevenue": 217502000,
        "grossProfit": 106711000,
        "grossProfitRatio": 0.3291385601,
        "researchAndDevelopmentExpenses": 0,
        "generalAndAdministrativeExpenses": 42009000,
        "sellingAndMarketingExpenses": 20929000,
        "sellingGeneralAndAdministrativeExpenses": 62938000,
        "otherExpenses": 21829000,
        "operatingExpenses": 84767000,
        "costAndExpenses": 302269000,
        "interestIncome": 0,
        "interestExpense": 0,
        "depreciationAndAmortization": 20554000,
        "ebitda": 44305000,
        "ebitdaratio": 0.1366539898,
        "operatingIncome": 21944000,
        "operatingIncomeRatio": 0.0676838992,
        "totalOtherIncomeExpensesNet": 0,
        "incomeBeforeTax": 6473000,
        "incomeBeforeTaxRatio": 0.0199652697,
        "incomeTaxExpense": 4174000,
        "netIncome": 3731000,
        "netIncomeRatio": 0.0115078667,
        "eps": 0.04,
        "epsdiluted": 0.04,
        "weightedAverageShsOut": 93275000,
        "weightedAverageShsOutDil": 93275000,
        "link": null,
        "finalLink": null
    },
    {
        "date": "2007-07-01",
        "symbol": "WEN",
        "reportedCurrency": "USD",
        "cik": "0000030697",
        "fillingDate": "2007-08-10",
        "acceptedDate": "2007-08-10 13:17:25",
        "calendarYear": "2007",
        "period": "Q2",
        "revenue": 316821000,
        "costOfRevenue": 211195000,
        "grossProfit": 105626000,
        "grossProfitRatio": 0.3333933041,
        "researchAndDevelopmentExpenses": 0,
        "generalAndAdministrativeExpenses": 55975000,
        "sellingAndMarketingExpenses": 20658000,
        "sellingGeneralAndAdministrativeExpenses": 76633000,
        "otherExpenses": 97448000,
        "operatingExpenses": 174081000,
        "costAndExpenses": 385276000,
        "interestIncome": 0,
        "interestExpense": 0,
        "depreciationAndAmortization": 18906000,
        "ebitda": 29495000,
        "ebitdaratio": 0.0930967329,
        "operatingIncome": -68455000,
        "operatingIncomeRatio": -0.2160683793,
        "totalOtherIncomeExpensesNet": 5497000,
        "incomeBeforeTax": -62958000,
        "incomeBeforeTaxRatio": -0.198717888,
        "incomeTaxExpense": -36002000,
        "netIncome": -28023000,
        "netIncomeRatio": -0.0884505762,
        "eps": -0.3,
        "epsdiluted": -0.3,
        "weightedAverageShsOut": 93410000,
        "weightedAverageShsOutDil": 93410000,
        "link": "https://www.sec.gov/Archives/edgar/data/30697/000003069707000232/0000030697-07-000232-index.htm",
        "finalLink": "https://www.sec.gov/Archives/edgar/data/30697/000003069707000232/july10q07.txt"
    },
    {
        "date": "2007-04-01",
        "symbol": "WEN",
        "reportedCurrency": "USD",
        "cik": "0000030697",
        "fillingDate": "2007-05-11",
        "acceptedDate": "2007-05-11 16:11:55",
        "calendarYear": "2007",
        "period": "Q1",
        "revenue": 302046000,
        "costOfRevenue": 201862000,
        "grossProfit": 100184000,
        "grossProfitRatio": 0.3316845778,
        "researchAndDevelopmentExpenses": 0,
        "generalAndAdministrativeExpenses": 57583000,
        "sellingAndMarketingExpenses": 17729000,
        "sellingGeneralAndAdministrativeExpenses": 75312000,
        "otherExpenses": 16388000,
        "operatingExpenses": 91700000,
        "costAndExpenses": 293562000,
        "interestIncome": 0,
        "interestExpense": 0,
        "depreciationAndAmortization": 16460000,
        "ebitda": 25347000,
        "ebitdaratio": 0.0839176814,
        "operatingIncome": 8484000,
        "operatingIncomeRatio": 0.0280884369,
        "totalOtherIncomeExpensesNet": 9366000,
        "incomeBeforeTax": 17850000,
        "incomeBeforeTaxRatio": 0.0590969587,
        "incomeTaxExpense": 7443000,
        "netIncome": 7061000,
        "netIncomeRatio": 0.0233772339,
        "eps": 0.07,
        "epsdiluted": 0.07,
        "weightedAverageShsOut": 82312000,
        "weightedAverageShsOutDil": 82312000,
        "link": "https://www.sec.gov/Archives/edgar/data/30697/000003069707000109/0000030697-07-000109-index.htm",
        "finalLink": "https://www.sec.gov/Archives/edgar/data/30697/000003069707000109/april10q07.txt"
    },
    {
        "date": "2006-12-31",
        "symbol": "WEN",
        "reportedCurrency": "USD",
        "cik": "0000030697",
        "fillingDate": "2007-03-01",
        "acceptedDate": "2007-03-01 17:13:59",
        "calendarYear": "2006",
        "period": "Q4",
        "revenue": 331429000,
        "costOfRevenue": 288907000,
        "grossProfit": 42522000,
        "grossProfitRatio": 0.128298972,
        "researchAndDevelopmentExpenses": 0,
        "generalAndAdministrativeExpenses": 61595000,
        "sellingAndMarketingExpenses": 18754000,
        "sellingGeneralAndAdministrativeExpenses": 1110000,
        "otherExpenses": -60957000,
        "operatingExpenses": 19392000,
        "costAndExpenses": 312192000,
        "interestIncome": 0,
        "interestExpense": 114088000,
        "depreciationAndAmortization": 14609000,
        "ebitda": 33996000,
        "ebitdaratio": 0.1025740053,
        "operatingIncome": 19857000,
        "operatingIncomeRatio": 0.0599132846,
        "totalOtherIncomeExpensesNet": -8356000,
        "incomeBeforeTax": 11501000,
        "incomeBeforeTaxRatio": 0.0347012482,
        "incomeTaxExpense": 8190000,
        "netIncome": -1667000,
        "netIncomeRatio": -0.0050297349,
        "eps": 0.03,
        "epsdiluted": 0.01999999999999999,
        "weightedAverageShsOut": 84092308,
        "weightedAverageShsOutDil": 84092308,
        "link": null,
        "finalLink": null
    },
    {
        "date": "2006-10-01",
        "symbol": "WEN",
        "reportedCurrency": "USD",
        "cik": "0000030697",
        "fillingDate": "2006-11-13",
        "acceptedDate": "2006-11-13 16:15:39",
        "calendarYear": "2006",
        "period": "Q3",
        "revenue": 311877000,
        "costOfRevenue": 205202000,
        "grossProfit": 106675000,
        "grossProfitRatio": 0.3420418947,
        "researchAndDevelopmentExpenses": 0,
        "generalAndAdministrativeExpenses": 55871000,
        "sellingAndMarketingExpenses": 19882000,
        "sellingGeneralAndAdministrativeExpenses": 75753000,
        "otherExpenses": 18464000,
        "operatingExpenses": 94217000,
        "costAndExpenses": 299419000,
        "interestIncome": 0,
        "interestExpense": 0,
        "depreciationAndAmortization": 17475000,
        "ebitda": 32098000,
        "ebitdaratio": 0.1029187789,
        "operatingIncome": 12458000,
        "operatingIncomeRatio": 0.0399452348,
        "totalOtherIncomeExpensesNet": 0,
        "incomeBeforeTax": 1180000,
        "incomeBeforeTaxRatio": 0.0037835429,
        "incomeTaxExpense": -344000,
        "netIncome": 548000,
        "netIncomeRatio": 0.001757103,
        "eps": 0.01,
        "epsdiluted": 0.01,
        "weightedAverageShsOut": 81775000,
        "weightedAverageShsOutDil": 81775000,
        "link": "https://www.sec.gov/Archives/edgar/data/30697/000003069706000188/0000030697-06-000188-index.htm",
        "finalLink": "https://www.sec.gov/Archives/edgar/data/30697/000003069706000188/oct10q06.txt"
    },
    {
        "date": "2006-07-02",
        "symbol": "WEN",
        "reportedCurrency": "USD",
        "cik": "0000030697",
        "fillingDate": "2006-08-11",
        "acceptedDate": "2006-08-11 14:03:35",
        "calendarYear": "2006",
        "period": "Q2",
        "revenue": 307829000,
        "costOfRevenue": 200285000,
        "grossProfit": 107544000,
        "grossProfitRatio": 0.3493627956,
        "researchAndDevelopmentExpenses": 0,
        "generalAndAdministrativeExpenses": 58563000,
        "sellingAndMarketingExpenses": 19881000,
        "sellingGeneralAndAdministrativeExpenses": 78444000,
        "otherExpenses": 16184000,
        "operatingExpenses": 94628000,
        "costAndExpenses": 294913000,
        "interestIncome": 0,
        "interestExpense": 0,
        "depreciationAndAmortization": 14982000,
        "ebitda": 28673000,
        "ebitdaratio": 0.0931458699,
        "operatingIncome": 12916000,
        "operatingIncomeRatio": 0.04195836,
        "totalOtherIncomeExpensesNet": -4684000,
        "incomeBeforeTax": 8232000,
        "incomeBeforeTaxRatio": 0.0267421198,
        "incomeTaxExpense": 2532000,
        "netIncome": 3092000,
        "netIncomeRatio": 0.0100445377,
        "eps": 0.03,
        "epsdiluted": 0.03,
        "weightedAverageShsOut": 103066667,
        "weightedAverageShsOutDil": 103066667,
        "link": "https://www.sec.gov/Archives/edgar/data/30697/000003069706000144/0000030697-06-000144-index.htm",
        "finalLink": "https://www.sec.gov/Archives/edgar/data/30697/000003069706000144/aug10q06.txt"
    },
    {
        "date": "2006-04-02",
        "symbol": "WEN",
        "reportedCurrency": "USD",
        "cik": "0000030697",
        "fillingDate": "2006-05-12",
        "acceptedDate": "2006-05-12 13:15:24",
        "calendarYear": "2006",
        "period": "Q1",
        "revenue": 292143000,
        "costOfRevenue": 198094000,
        "grossProfit": 94049000,
        "grossProfitRatio": 0.3219279599,
        "researchAndDevelopmentExpenses": 0,
        "generalAndAdministrativeExpenses": 60367000,
        "sellingAndMarketingExpenses": 20102000,
        "sellingGeneralAndAdministrativeExpenses": 80469000,
        "otherExpenses": 14184000,
        "operatingExpenses": 94653000,
        "costAndExpenses": 292747000,
        "interestIncome": 0,
        "interestExpense": 0,
        "depreciationAndAmortization": 13607000,
        "ebitda": 13806000,
        "ebitdaratio": 0.0472576786,
        "operatingIncome": -604000,
        "operatingIncomeRatio": -0.0020674807,
        "totalOtherIncomeExpensesNet": -14977000,
        "incomeBeforeTax": -15581000,
        "incomeBeforeTaxRatio": -0.0533334703,
        "incomeTaxExpense": -5766000,
        "netIncome": -12905000,
        "netIncomeRatio": -0.0441735725,
        "eps": -0.2,
        "epsdiluted": -0.19,
        "weightedAverageShsOut": 65553000,
        "weightedAverageShsOutDil": 69226000,
        "link": "https://www.sec.gov/Archives/edgar/data/30697/000003069706000098/0000030697-06-000098-index.htm",
        "finalLink": "https://www.sec.gov/Archives/edgar/data/30697/000003069706000098/apr10qapr06.txt"
    },
    {
        "date": "2005-12-31",
        "symbol": "WEN",
        "reportedCurrency": "USD",
        "cik": "0000030697",
        "fillingDate": "2006-04-03",
        "acceptedDate": "2006-04-03 14:46:26",
        "calendarYear": "2005",
        "period": "Q4",
        "revenue": 305558000,
        "costOfRevenue": 201029000,
        "grossProfit": 104529000,
        "grossProfitRatio": 0.3420921724,
        "researchAndDevelopmentExpenses": 0,
        "generalAndAdministrativeExpenses": 80082000,
        "sellingAndMarketingExpenses": 19312000,
        "sellingGeneralAndAdministrativeExpenses": 99394000,
        "otherExpenses": 46238000,
        "operatingExpenses": 145632000,
        "costAndExpenses": 346661000,
        "interestIncome": 0,
        "interestExpense": 0,
        "depreciationAndAmortization": 12498000,
        "ebitda": -12788000,
        "ebitdaratio": -0.0418513016,
        "operatingIncome": -41103000,
        "operatingIncomeRatio": -0.1345178329,
        "totalOtherIncomeExpensesNet": 19914000,
        "incomeBeforeTax": -21189000,
        "incomeBeforeTaxRatio": -0.0693452634,
        "incomeTaxExpense": -4886000,
        "netIncome": -16245000,
        "netIncomeRatio": -0.0531650292,
        "eps": -0.25,
        "epsdiluted": -0.23,
        "weightedAverageShsOut": 65553000,
        "weightedAverageShsOutDil": 69226000,
        "link": "https://www.sec.gov/Archives/edgar/data/30697/000095011706001568/0000950117-06-001568-index.htm",
        "finalLink": "https://www.sec.gov/Archives/edgar/data/30697/000095011706001568/a41693.htm"
    },
    {
        "date": "2005-10-02",
        "symbol": "WEN",
        "reportedCurrency": "USD",
        "cik": "0000030697",
        "fillingDate": "2005-11-14",
        "acceptedDate": "2005-11-14 16:14:10",
        "calendarYear": "2005",
        "period": "Q3",
        "revenue": 240356000,
        "costOfRevenue": 152772000,
        "grossProfit": 87584000,
        "grossProfitRatio": 0.3643928173,
        "researchAndDevelopmentExpenses": 0,
        "generalAndAdministrativeExpenses": 56527000,
        "sellingAndMarketingExpenses": 15150000,
        "sellingGeneralAndAdministrativeExpenses": 71677000,
        "otherExpenses": 10043000,
        "operatingExpenses": 81720000,
        "costAndExpenses": 234492000,
        "interestIncome": 0,
        "interestExpense": 0,
        "depreciationAndAmortization": 10908000,
        "ebitda": 16772000,
        "ebitdaratio": 0.0697798266,
        "operatingIncome": 5864000,
        "operatingIncomeRatio": 0.0243971442,
        "totalOtherIncomeExpensesNet": -60476000,
        "incomeBeforeTax": -54612000,
        "incomeBeforeTaxRatio": -0.2272129674,
        "incomeTaxExpense": -14657000,
        "netIncome": -42480000,
        "netIncomeRatio": -0.1767378389,
        "eps": -0.58,
        "epsdiluted": -0.58,
        "weightedAverageShsOut": 73241379,
        "weightedAverageShsOutDil": 73241379,
        "link": "https://www.sec.gov/Archives/edgar/data/30697/000003069705000245/0000030697-05-000245-index.htm",
        "finalLink": "https://www.sec.gov/Archives/edgar/data/30697/000003069705000245/oct10q.txt"
    },
    {
        "date": "2005-07-03",
        "symbol": "WEN",
        "reportedCurrency": "USD",
        "cik": "0000030697",
        "fillingDate": "2005-08-12",
        "acceptedDate": "2005-08-12 12:09:20",
        "calendarYear": "2005",
        "period": "Q2",
        "revenue": 93723000,
        "costOfRevenue": 45652000,
        "grossProfit": 48071000,
        "grossProfitRatio": 0.51290505,
        "researchAndDevelopmentExpenses": 0,
        "generalAndAdministrativeExpenses": 35374000,
        "sellingAndMarketingExpenses": 4427000,
        "sellingGeneralAndAdministrativeExpenses": 39801000,
        "otherExpenses": 5541000,
        "operatingExpenses": 45342000,
        "costAndExpenses": 90994000,
        "interestIncome": 0,
        "interestExpense": 0,
        "depreciationAndAmortization": 6168000,
        "ebitda": 8897000,
        "ebitdaratio": 0.0949286728,
        "operatingIncome": 2729000,
        "operatingIncomeRatio": 0.0291177192,
        "totalOtherIncomeExpensesNet": -1228000,
        "incomeBeforeTax": 1501000,
        "incomeBeforeTaxRatio": 0.0160152791,
        "incomeTaxExpense": 497000,
        "netIncome": 419000,
        "netIncomeRatio": 0.0044706209,
        "eps": 0.01,
        "epsdiluted": 0.01,
        "weightedAverageShsOut": 23749000,
        "weightedAverageShsOutDil": 23749000,
        "link": "https://www.sec.gov/Archives/edgar/data/30697/000003069705000219/0000030697-05-000219-index.htm",
        "finalLink": "https://www.sec.gov/Archives/edgar/data/30697/000003069705000219/july10q.txt"
    },
    {
        "date": "2005-03-04",
        "symbol": "WEN",
        "reportedCurrency": "USD",
        "cik": "0000030697",
        "fillingDate": "2005-05-12",
        "acceptedDate": "2005-05-12 16:49:06",
        "calendarYear": "2005",
        "period": "Q1",
        "revenue": 87697000,
        "costOfRevenue": 43338000,
        "grossProfit": 44359000,
        "grossProfitRatio": 0.5058211797,
        "researchAndDevelopmentExpenses": 0,
        "generalAndAdministrativeExpenses": 33814000,
        "sellingAndMarketingExpenses": 4583000,
        "sellingGeneralAndAdministrativeExpenses": 38397000,
        "otherExpenses": 5526000,
        "operatingExpenses": 43923000,
        "costAndExpenses": 87261000,
        "interestIncome": 0,
        "interestExpense": 0,
        "depreciationAndAmortization": 6163000,
        "ebitda": 6599000,
        "ebitdaratio": 0.075247728,
        "operatingIncome": 436000,
        "operatingIncomeRatio": 0.0049716638,
        "totalOtherIncomeExpensesNet": 7181000,
        "incomeBeforeTax": 7617000,
        "incomeBeforeTaxRatio": 0.0868558788,
        "incomeTaxExpense": 2513000,
        "netIncome": 2679000,
        "netIncomeRatio": 0.0305483654,
        "eps": 0.04,
        "epsdiluted": 0.04,
        "weightedAverageShsOut": 65553000,
        "weightedAverageShsOutDil": 69226000,
        "link": "https://www.sec.gov/Archives/edgar/data/30697/000003069705000108/0000030697-05-000108-index.htm",
        "finalLink": "https://www.sec.gov/Archives/edgar/data/30697/000003069705000108/apr10q.txt"
    },
    {
        "date": "2004-12-31",
        "symbol": "WEN",
        "reportedCurrency": "USD",
        "cik": "0000030697",
        "fillingDate": "2005-03-18",
        "acceptedDate": "2005-03-18 17:10:20",
        "calendarYear": "2004",
        "period": "Q4",
        "revenue": 95963000,
        "costOfRevenue": 48458000,
        "grossProfit": 47505000,
        "grossProfitRatio": 0.4950345446,
        "researchAndDevelopmentExpenses": 0,
        "generalAndAdministrativeExpenses": 41087000,
        "sellingAndMarketingExpenses": 3820000,
        "sellingGeneralAndAdministrativeExpenses": 44907000,
        "otherExpenses": 8666000,
        "operatingExpenses": 53573000,
        "costAndExpenses": 102031000,
        "interestIncome": 0,
        "interestExpense": 0,
        "depreciationAndAmortization": 9339000,
        "ebitda": 3271000,
        "ebitdaratio": 0.034086054,
        "operatingIncome": -6068000,
        "operatingIncomeRatio": -0.0632327043,
        "totalOtherIncomeExpensesNet": 2168000,
        "incomeBeforeTax": -3900000,
        "incomeBeforeTaxRatio": -0.0406406636,
        "incomeTaxExpense": -924000,
        "netIncome": -3599000,
        "netIncomeRatio": -0.037504038,
        "eps": -0.0549,
        "epsdiluted": -0.052,
        "weightedAverageShsOut": 65553000,
        "weightedAverageShsOutDil": 69226000,
        "link": "https://www.sec.gov/Archives/edgar/data/30697/000095011705001030/0000950117-05-001030-index.htm",
        "finalLink": "https://www.sec.gov/Archives/edgar/data/30697/000095011705001030/a39433.txt"
    },
    {
        "date": "2004-09-26",
        "symbol": "WEN",
        "reportedCurrency": "USD",
        "cik": "0000030697",
        "fillingDate": "2004-11-05",
        "acceptedDate": "2004-11-05 15:06:09",
        "calendarYear": "2004",
        "period": "Q3",
        "revenue": 85960000,
        "costOfRevenue": 42944000,
        "grossProfit": 43016000,
        "grossProfitRatio": 0.5004187994,
        "researchAndDevelopmentExpenses": 0,
        "generalAndAdministrativeExpenses": 28713000,
        "sellingAndMarketingExpenses": 3971000,
        "sellingGeneralAndAdministrativeExpenses": 32684000,
        "otherExpenses": 4804000,
        "operatingExpenses": 37488000,
        "costAndExpenses": 80432000,
        "interestIncome": 0,
        "interestExpense": 0,
        "depreciationAndAmortization": 5464000,
        "ebitda": 10992000,
        "ebitdaratio": 0.1278734295,
        "operatingIncome": 5528000,
        "operatingIncomeRatio": 0.0643089809,
        "totalOtherIncomeExpensesNet": -9334000,
        "incomeBeforeTax": -3806000,
        "incomeBeforeTaxRatio": -0.0442764076,
        "incomeTaxExpense": -15618000,
        "netIncome": 21972000,
        "netIncomeRatio": 0.2556072592,
        "eps": 0.32,
        "epsdiluted": 0.31,
        "weightedAverageShsOut": 23144000,
        "weightedAverageShsOutDil": 23995000,
        "link": "https://www.sec.gov/Archives/edgar/data/30697/000003069704000146/0000030697-04-000146-index.htm",
        "finalLink": "https://www.sec.gov/Archives/edgar/data/30697/000003069704000146/form10q.txt"
    },
    {
        "date": "2004-06-27",
        "symbol": "WEN",
        "reportedCurrency": "USD",
        "cik": "0000030697",
        "fillingDate": "2004-08-06",
        "acceptedDate": "2004-08-06 11:21:42",
        "calendarYear": "2004",
        "period": "Q2",
        "revenue": 77465000,
        "costOfRevenue": 41604000,
        "grossProfit": 35861000,
        "grossProfitRatio": 0.4629316466,
        "researchAndDevelopmentExpenses": 0,
        "generalAndAdministrativeExpenses": 24472000,
        "sellingAndMarketingExpenses": 4629000,
        "sellingGeneralAndAdministrativeExpenses": 29101000,
        "otherExpenses": 3464000,
        "operatingExpenses": 32565000,
        "costAndExpenses": 74169000,
        "interestIncome": 0,
        "interestExpense": 0,
        "depreciationAndAmortization": 4107000,
        "ebitda": 7403000,
        "ebitdaratio": 0.0955657394,
        "operatingIncome": 3296000,
        "operatingIncomeRatio": 0.0425482476,
        "totalOtherIncomeExpensesNet": -4532000,
        "incomeBeforeTax": -1236000,
        "incomeBeforeTaxRatio": -0.0159555928,
        "incomeTaxExpense": 50000,
        "netIncome": -1276000,
        "netIncomeRatio": -0.0164719551,
        "eps": -0.0572,
        "epsdiluted": -0.0572,
        "weightedAverageShsOut": 22319000,
        "weightedAverageShsOutDil": 22319000,
        "link": "https://www.sec.gov/Archives/edgar/data/30697/000003069704000108/0000030697-04-000108-index.htm",
        "finalLink": "https://www.sec.gov/Archives/edgar/data/30697/000003069704000108/edgar-10q062704.txt"
    },
    {
        "date": "2004-03-28",
        "symbol": "WEN",
        "reportedCurrency": "USD",
        "cik": "0000030697",
        "fillingDate": "2004-05-07",
        "acceptedDate": "2004-05-07 10:41:47",
        "calendarYear": "2004",
        "period": "Q1",
        "revenue": 69191000,
        "costOfRevenue": 37385000,
        "grossProfit": 31806000,
        "grossProfitRatio": 0.459684063,
        "researchAndDevelopmentExpenses": 0,
        "generalAndAdministrativeExpenses": 24310000,
        "sellingAndMarketingExpenses": 4167000,
        "sellingGeneralAndAdministrativeExpenses": 28477000,
        "otherExpenses": 3351000,
        "operatingExpenses": 31828000,
        "costAndExpenses": 69213000,
        "interestIncome": 0,
        "interestExpense": 0,
        "depreciationAndAmortization": 4002000,
        "ebitda": 3980000,
        "ebitdaratio": 0.057521932,
        "operatingIncome": -22000,
        "operatingIncomeRatio": -0.0003179604,
        "totalOtherIncomeExpensesNet": -4125000,
        "incomeBeforeTax": -4147000,
        "incomeBeforeTaxRatio": -0.0599355407,
        "incomeTaxExpense": -991000,
        "netIncome": -3156000,
        "netIncomeRatio": -0.0456128687,
        "eps": -0.16,
        "epsdiluted": -0.16,
        "weightedAverageShsOut": 19992000,
        "weightedAverageShsOutDil": 19992000,
        "link": "https://www.sec.gov/Archives/edgar/data/30697/000095011704001771/0000950117-04-001771-index.htm",
        "finalLink": "https://www.sec.gov/Archives/edgar/data/30697/000095011704001771/a37628.txt"
    },
    {
        "date": "2003-12-31",
        "symbol": "WEN",
        "reportedCurrency": "USD",
        "cik": "0000030697",
        "fillingDate": "2004-03-12",
        "acceptedDate": "2004-03-12 11:25:07",
        "calendarYear": "2003",
        "period": "Q4",
        "revenue": 74451000,
        "costOfRevenue": 39473000,
        "grossProfit": 34978000,
        "grossProfitRatio": 0.4698123598,
        "researchAndDevelopmentExpenses": 0,
        "generalAndAdministrativeExpenses": 0,
        "sellingAndMarketingExpenses": 0,
        "sellingGeneralAndAdministrativeExpenses": 24922000,
        "otherExpenses": 25875000,
        "operatingExpenses": 50797000,
        "costAndExpenses": 90270000,
        "interestIncome": 0,
        "interestExpense": 0,
        "depreciationAndAmortization": 4543000,
        "ebitda": -11276000,
        "ebitdaratio": -0.1514553196,
        "operatingIncome": -15819000,
        "operatingIncomeRatio": -0.2124753193,
        "totalOtherIncomeExpensesNet": 3276000,
        "incomeBeforeTax": -12543000,
        "incomeBeforeTaxRatio": -0.168473224,
        "incomeTaxExpense": -2356000,
        "netIncome": -7935000,
        "netIncomeRatio": -0.1065801668,
        "eps": -0.4,
        "epsdiluted": -0.4,
        "weightedAverageShsOut": 19796000,
        "weightedAverageShsOutDil": 19992000,
        "link": "https://www.sec.gov/Archives/edgar/data/30697/000095011704000962/0000950117-04-000962-index.htm",
        "finalLink": "https://www.sec.gov/Archives/edgar/data/30697/000095011704000962/a37216.txt"
    },
    {
        "date": "2003-09-28",
        "symbol": "WEN",
        "reportedCurrency": "USD",
        "cik": "0000030697",
        "fillingDate": "2003-11-12",
        "acceptedDate": "2003-11-12 15:16:35",
        "calendarYear": "2003",
        "period": "Q3",
        "revenue": 74635000,
        "costOfRevenue": 38295000,
        "grossProfit": 36340000,
        "grossProfitRatio": 0.4869029276,
        "researchAndDevelopmentExpenses": 0,
        "generalAndAdministrativeExpenses": 23402000,
        "sellingAndMarketingExpenses": 4412000,
        "sellingGeneralAndAdministrativeExpenses": 27814000,
        "otherExpenses": 3379000,
        "operatingExpenses": 31193000,
        "costAndExpenses": 69488000,
        "interestIncome": 0,
        "interestExpense": 0,
        "depreciationAndAmortization": 4044000,
        "ebitda": 6197000,
        "ebitdaratio": 0.0830307496,
        "operatingIncome": 5147000,
        "operatingIncomeRatio": 0.0689622831,
        "totalOtherIncomeExpensesNet": -3600000,
        "incomeBeforeTax": 1547000,
        "incomeBeforeTaxRatio": 0.0207275407,
        "incomeTaxExpense": 1052000,
        "netIncome": 495000,
        "netIncomeRatio": 0.0066322771,
        "eps": 0.01,
        "epsdiluted": 0.01,
        "weightedAverageShsOut": 19628000,
        "weightedAverageShsOutDil": 19628000,
        "link": "https://www.sec.gov/Archives/edgar/data/30697/000003069703000200/0000030697-03-000200-index.htm",
        "finalLink": "https://www.sec.gov/Archives/edgar/data/30697/000003069703000200/nov10q.txt"
    },
    {
        "date": "2003-07-31",
        "symbol": "WEN",
        "reportedCurrency": "USD",
        "cik": "0000030697",
        "fillingDate": "2003-08-13",
        "acceptedDate": "2003-08-13 14:49:08",
        "calendarYear": "2003",
        "period": "Q2",
        "revenue": 74800000,
        "costOfRevenue": 37589000,
        "grossProfit": 37211000,
        "grossProfitRatio": 0.497473262,
        "researchAndDevelopmentExpenses": 0,
        "generalAndAdministrativeExpenses": 23899000,
        "sellingAndMarketingExpenses": 4043000,
        "sellingGeneralAndAdministrativeExpenses": 27942000,
        "otherExpenses": 3414000,
        "operatingExpenses": 31356000,
        "costAndExpenses": 68945000,
        "interestIncome": 0,
        "interestExpense": 0,
        "depreciationAndAmortization": 3964000,
        "ebitda": 9819000,
        "ebitdaratio": 0.1312700535,
        "operatingIncome": 5855000,
        "operatingIncomeRatio": 0.0782754011,
        "totalOtherIncomeExpensesNet": 0,
        "incomeBeforeTax": -1341000,
        "incomeBeforeTaxRatio": -0.0179278075,
        "incomeTaxExpense": 195000,
        "netIncome": -1424000,
        "netIncomeRatio": -0.0190374332,
        "eps": -0.0706,
        "epsdiluted": -0.0706,
        "weightedAverageShsOut": 20175000,
        "weightedAverageShsOutDil": 20175000,
        "link": "https://www.sec.gov/Archives/edgar/data/30697/000003069703000139/0000030697-03-000139-index.htm",
        "finalLink": "https://www.sec.gov/Archives/edgar/data/30697/000003069703000139/aug10q.txt"
    },
    {
        "date": "2003-03-30",
        "symbol": "WEN",
        "reportedCurrency": "USD",
        "cik": "0000030697",
        "fillingDate": "2003-05-12",
        "acceptedDate": "2003-05-12 16:59:40",
        "calendarYear": "2003",
        "period": "Q1",
        "revenue": 69734000,
        "costOfRevenue": 36255000,
        "grossProfit": 33479000,
        "grossProfitRatio": 0.4800957926,
        "researchAndDevelopmentExpenses": 0,
        "generalAndAdministrativeExpenses": 23380000,
        "sellingAndMarketingExpenses": 3100000,
        "sellingGeneralAndAdministrativeExpenses": 26480000,
        "otherExpenses": 3383000,
        "operatingExpenses": 29863000,
        "costAndExpenses": 66118000,
        "interestIncome": 0,
        "interestExpense": 0,
        "depreciationAndAmortization": 3834000,
        "ebitda": 7450000,
        "ebitdaratio": 0.1068345427,
        "operatingIncome": 3616000,
        "operatingIncomeRatio": 0.0518541888,
        "totalOtherIncomeExpensesNet": -5852000,
        "incomeBeforeTax": -2236000,
        "incomeBeforeTaxRatio": -0.032064703,
        "incomeTaxExpense": -262000,
        "netIncome": -1974000,
        "netIncomeRatio": -0.0283075688,
        "eps": -0.0967,
        "epsdiluted": -0.0967,
        "weightedAverageShsOut": 20413000,
        "weightedAverageShsOutDil": 20413000,
        "link": "https://www.sec.gov/Archives/edgar/data/30697/000003069703000087/0000030697-03-000087-index.htm",
        "finalLink": "https://www.sec.gov/Archives/edgar/data/30697/000003069703000087/april10q.txt"
    },
    {
        "date": "2002-12-31",
        "symbol": "WEN",
        "reportedCurrency": "USD",
        "cik": "0000030697",
        "fillingDate": "2003-03-28",
        "acceptedDate": "2003-03-28 13:37:21",
        "calendarYear": "2002",
        "period": "Q4",
        "revenue": 24893000,
        "costOfRevenue": 0,
        "grossProfit": 0,
        "grossProfitRatio": 0,
        "researchAndDevelopmentExpenses": 0,
        "generalAndAdministrativeExpenses": 0,
        "sellingAndMarketingExpenses": 0,
        "sellingGeneralAndAdministrativeExpenses": 15776000,
        "otherExpenses": 1690000,
        "operatingExpenses": 17466000,
        "costAndExpenses": 17466000,
        "interestIncome": 0,
        "interestExpense": 0,
        "depreciationAndAmortization": 2150000,
        "ebitda": 9577000,
        "ebitdaratio": 0.38472663,
        "operatingIncome": 7427000,
        "operatingIncomeRatio": 0.2983569678,
        "totalOtherIncomeExpensesNet": -5849000,
        "incomeBeforeTax": 1578000,
        "incomeBeforeTaxRatio": 0.0633913148,
        "incomeTaxExpense": 223000,
        "netIncome": 12455000,
        "netIncomeRatio": 0.5003414615,
        "eps": 0.0664,
        "epsdiluted": 0.0664,
        "weightedAverageShsOut": 20413000,
        "weightedAverageShsOutDil": 20413000,
        "link": "https://www.sec.gov/Archives/edgar/data/30697/000095011703001185/0000950117-03-001185-index.htm",
        "finalLink": "https://www.sec.gov/Archives/edgar/data/30697/000095011703001185/a34823.txt"
    },
    {
        "date": "2002-09-29",
        "symbol": "WEN",
        "reportedCurrency": "USD",
        "cik": "0000030697",
        "fillingDate": "2002-11-12",
        "acceptedDate": "2002-11-12 14:48:21",
        "calendarYear": "2002",
        "period": "Q3",
        "revenue": 25671000,
        "costOfRevenue": 0,
        "grossProfit": 0,
        "grossProfitRatio": 0,
        "researchAndDevelopmentExpenses": 0,
        "generalAndAdministrativeExpenses": 0,
        "sellingAndMarketingExpenses": 0,
        "sellingGeneralAndAdministrativeExpenses": 23359000,
        "otherExpenses": 1605000,
        "operatingExpenses": 24964000,
        "costAndExpenses": 24964000,
        "interestIncome": 0,
        "interestExpense": 0,
        "depreciationAndAmortization": 2073000,
        "ebitda": 2780000,
        "ebitdaratio": 0.108293405,
        "operatingIncome": 707000,
        "operatingIncomeRatio": 0.0275408048,
        "totalOtherIncomeExpensesNet": -5844000,
        "incomeBeforeTax": -5137000,
        "incomeBeforeTaxRatio": -0.2001090725,
        "incomeTaxExpense": -2582000,
        "netIncome": -2555000,
        "netIncomeRatio": -0.099528651,
        "eps": -0.12,
        "epsdiluted": -0.12,
        "weightedAverageShsOut": 21206000,
        "weightedAverageShsOutDil": 21206000,
        "link": "https://www.sec.gov/Archives/edgar/data/30697/000003069702000095/0000030697-02-000095-index.htm",
        "finalLink": "https://www.sec.gov/Archives/edgar/data/30697/000003069702000095/november10q2002.txt"
    },
    {
        "date": "2002-06-30",
        "symbol": "WEN",
        "reportedCurrency": "USD",
        "cik": "0000030697",
        "fillingDate": "2002-08-13",
        "acceptedDate": "2002-08-13 17:25:15",
        "calendarYear": "2002",
        "period": "Q2",
        "revenue": 24837000,
        "costOfRevenue": 0,
        "grossProfit": 0,
        "grossProfitRatio": 0,
        "researchAndDevelopmentExpenses": 0,
        "generalAndAdministrativeExpenses": 0,
        "sellingAndMarketingExpenses": 0,
        "sellingGeneralAndAdministrativeExpenses": 19331000,
        "otherExpenses": 1674000,
        "operatingExpenses": 21005000,
        "costAndExpenses": 21005000,
        "interestIncome": 0,
        "interestExpense": 0,
        "depreciationAndAmortization": 2152000,
        "ebitda": 5984000,
        "ebitdaratio": 0.2409308693,
        "operatingIncome": 3832000,
        "operatingIncomeRatio": 0.1542859444,
        "totalOtherIncomeExpensesNet": -12610000,
        "incomeBeforeTax": -8778000,
        "incomeBeforeTaxRatio": -0.3534243266,
        "incomeTaxExpense": -1267000,
        "netIncome": -7511000,
        "netIncomeRatio": -0.3024117244,
        "eps": -0.34,
        "epsdiluted": -0.34,
        "weightedAverageShsOut": 22278000,
        "weightedAverageShsOutDil": 22278000,
        "link": "https://www.sec.gov/Archives/edgar/data/30697/000003069702000077/0000030697-02-000077-index.htm",
        "finalLink": "https://www.sec.gov/Archives/edgar/data/30697/000003069702000077/june2002q.txt"
    },
    {
        "date": "2002-03-31",
        "symbol": "WEN",
        "reportedCurrency": "USD",
        "cik": "0000030697",
        "fillingDate": "2002-05-15",
        "acceptedDate": "2002-05-15 09:09:53",
        "calendarYear": "2002",
        "period": "Q1",
        "revenue": 27873000,
        "costOfRevenue": 0,
        "grossProfit": 0,
        "grossProfitRatio": 0,
        "researchAndDevelopmentExpenses": 0,
        "generalAndAdministrativeExpenses": 0,
        "sellingAndMarketingExpenses": 0,
        "sellingGeneralAndAdministrativeExpenses": 19506000,
        "otherExpenses": 1581000,
        "operatingExpenses": 21087000,
        "costAndExpenses": 21087000,
        "interestIncome": 0,
        "interestExpense": 0,
        "depreciationAndAmortization": 2067000,
        "ebitda": 8853000,
        "ebitdaratio": 0.3176192014,
        "operatingIncome": 6786000,
        "operatingIncomeRatio": 0.2434614143,
        "totalOtherIncomeExpensesNet": -7535000,
        "incomeBeforeTax": -749000,
        "incomeBeforeTaxRatio": -0.0268718832,
        "incomeTaxExpense": 297000,
        "netIncome": -1046000,
        "netIncomeRatio": -0.0375273562,
        "eps": -0.0512,
        "epsdiluted": -0.0512,
        "weightedAverageShsOut": 20422000,
        "weightedAverageShsOutDil": 20422000,
        "link": "https://www.sec.gov/Archives/edgar/data/30697/000003069702000071/0000030697-02-000071-index.htm",
        "finalLink": "https://www.sec.gov/Archives/edgar/data/30697/000003069702000071/march200210q.txt"
    },
    {
        "date": "2001-12-31",
        "symbol": "WEN",
        "reportedCurrency": "USD",
        "cik": "0000030697",
        "fillingDate": "2002-03-27",
        "acceptedDate": "2002-03-27 00:00:00",
        "calendarYear": "2001",
        "period": "Q4",
        "revenue": 69288000,
        "costOfRevenue": 0,
        "grossProfit": 0,
        "grossProfitRatio": 0,
        "researchAndDevelopmentExpenses": 0,
        "generalAndAdministrativeExpenses": 0,
        "sellingAndMarketingExpenses": 0,
        "sellingGeneralAndAdministrativeExpenses": 19180000,
        "otherExpenses": 37039000,
        "operatingExpenses": 56219000,
        "costAndExpenses": 56219000,
        "interestIncome": 0,
        "interestExpense": 0,
        "depreciationAndAmortization": 2283000,
        "ebitda": 14852000,
        "ebitdaratio": 0.2143516915,
        "operatingIncome": 13069000,
        "operatingIncomeRatio": 0.1886185198,
        "totalOtherIncomeExpensesNet": -11493000,
        "incomeBeforeTax": 1576000,
        "incomeBeforeTaxRatio": 0.0227456414,
        "incomeTaxExpense": 10000,
        "netIncome": 6499000,
        "netIncomeRatio": 0.0937969057,
        "eps": 0.0767,
        "epsdiluted": 0.0767,
        "weightedAverageShsOut": 20422000,
        "weightedAverageShsOutDil": 20422000,
        "link": "https://www.sec.gov/Archives/edgar/data/30697/000095011702000649/0000950117-02-000649-index.htm",
        "finalLink": "https://www.sec.gov/Archives/edgar/data/30697/000095011702000649/a32324.txt"
    },
    {
        "date": "2001-09-30",
        "symbol": "WEN",
        "reportedCurrency": "USD",
        "cik": "0000030697",
        "fillingDate": "2001-11-13",
        "acceptedDate": "2001-11-13 00:00:00",
        "calendarYear": "2001",
        "period": "Q3",
        "revenue": 23914000,
        "costOfRevenue": 0,
        "grossProfit": 0,
        "grossProfitRatio": 0,
        "researchAndDevelopmentExpenses": 0,
        "generalAndAdministrativeExpenses": 0,
        "sellingAndMarketingExpenses": 0,
        "sellingGeneralAndAdministrativeExpenses": 21141000,
        "otherExpenses": 1554000,
        "operatingExpenses": 22695000,
        "costAndExpenses": 22695000,
        "interestIncome": 0,
        "interestExpense": 0,
        "depreciationAndAmortization": 2053000,
        "ebitda": 3272000,
        "ebitdaratio": 0.136823618,
        "operatingIncome": 1219000,
        "operatingIncomeRatio": 0.0509743247,
        "totalOtherIncomeExpensesNet": -2433000,
        "incomeBeforeTax": -1214000,
        "incomeBeforeTaxRatio": -0.0507652421,
        "incomeTaxExpense": 554000,
        "netIncome": -1768000,
        "netIncomeRatio": -0.0739315882,
        "eps": -0.0751,
        "epsdiluted": -0.0712,
        "weightedAverageShsOut": 23542000,
        "weightedAverageShsOutDil": 24841000,
        "link": "https://www.sec.gov/Archives/edgar/data/30697/000003069701500072/0000030697-01-500072-index.htm",
        "finalLink": "https://www.sec.gov/Archives/edgar/data/30697/000003069701500072/september10q2001.txt"
    },
    {
        "date": "2001-07-01",
        "symbol": "WEN",
        "reportedCurrency": "USD",
        "cik": "0000030697",
        "fillingDate": "2001-08-14",
        "acceptedDate": "2001-08-14 00:00:00",
        "calendarYear": "2001",
        "period": "Q2",
        "revenue": 39625000,
        "costOfRevenue": 0,
        "grossProfit": 0,
        "grossProfitRatio": 0,
        "researchAndDevelopmentExpenses": 0,
        "generalAndAdministrativeExpenses": 0,
        "sellingAndMarketingExpenses": 0,
        "sellingGeneralAndAdministrativeExpenses": 24300000,
        "otherExpenses": 1411000,
        "operatingExpenses": 25711000,
        "costAndExpenses": 25711000,
        "interestIncome": 0,
        "interestExpense": 0,
        "depreciationAndAmortization": 1783000,
        "ebitda": 15697000,
        "ebitdaratio": 0.3961388013,
        "operatingIncome": 13914000,
        "operatingIncomeRatio": 0.3511419558,
        "totalOtherIncomeExpensesNet": -11014000,
        "incomeBeforeTax": 2900000,
        "incomeBeforeTaxRatio": 0.0731861199,
        "incomeTaxExpense": 1940000,
        "netIncome": 39477000,
        "netIncomeRatio": 0.9962649842,
        "eps": 1.77,
        "epsdiluted": 1.68,
        "weightedAverageShsOut": 22299000,
        "weightedAverageShsOutDil": 23504000,
        "link": "https://www.sec.gov/Archives/edgar/data/30697/000003069701500052/0000030697-01-500052-index.htm",
        "finalLink": "https://www.sec.gov/Archives/edgar/data/30697/000003069701500052/try701q.txt"
    },
    {
        "date": "2001-04-01",
        "symbol": "WEN",
        "reportedCurrency": "USD",
        "cik": "0000030697",
        "fillingDate": "2001-05-15",
        "acceptedDate": "2001-05-15 00:00:00",
        "calendarYear": "2001",
        "period": "Q1",
        "revenue": 36677000,
        "costOfRevenue": 0,
        "grossProfit": 0,
        "grossProfitRatio": 0,
        "researchAndDevelopmentExpenses": 0,
        "generalAndAdministrativeExpenses": 0,
        "sellingAndMarketingExpenses": 0,
        "sellingGeneralAndAdministrativeExpenses": 12734000,
        "otherExpenses": 1754000,
        "operatingExpenses": 14488000,
        "costAndExpenses": 14488000,
        "interestIncome": 0,
        "interestExpense": 0,
        "depreciationAndAmortization": 2453000,
        "ebitda": 24642000,
        "ebitdaratio": 0.6718652016,
        "operatingIncome": 22189000,
        "operatingIncomeRatio": 0.6049840499,
        "totalOtherIncomeExpensesNet": -7789000,
        "incomeBeforeTax": 14400000,
        "incomeBeforeTaxRatio": 0.3926166262,
        "incomeTaxExpense": 6192000,
        "netIncome": 8208000,
        "netIncomeRatio": 0.2237914769,
        "eps": 0.37,
        "epsdiluted": 0.37,
        "weightedAverageShsOut": 22258000,
        "weightedAverageShsOutDil": 23535000,
        "link": "https://www.sec.gov/Archives/edgar/data/30697/000003069701500027/0000030697-01-500027-index.htm",
        "finalLink": "https://www.sec.gov/Archives/edgar/data/30697/000003069701500027/fina401q.txt"
    },
    {
        "date": "2000-12-31",
        "symbol": "WEN",
        "reportedCurrency": "USD",
        "cik": "0000030697",
        "fillingDate": "2001-04-02",
        "acceptedDate": "2001-04-02 00:00:00",
        "calendarYear": "2000",
        "period": "Q4",
        "revenue": 23989000,
        "costOfRevenue": 0,
        "grossProfit": 0,
        "grossProfitRatio": 0,
        "researchAndDevelopmentExpenses": 0,
        "generalAndAdministrativeExpenses": 0,
        "sellingAndMarketingExpenses": 0,
        "sellingGeneralAndAdministrativeExpenses": 32252000,
        "otherExpenses": 1247000,
        "operatingExpenses": 33499000,
        "costAndExpenses": 33499000,
        "interestIncome": 0,
        "interestExpense": 0,
        "depreciationAndAmortization": 1368000,
        "ebitda": -8142000,
        "ebitdaratio": -0.3394055609,
        "operatingIncome": -9510000,
        "operatingIncomeRatio": -0.3964316979,
        "totalOtherIncomeExpensesNet": -26112000,
        "incomeBeforeTax": -35622000,
        "incomeBeforeTaxRatio": -1.4849305932,
        "incomeTaxExpense": -3015000,
        "netIncome": 451271000,
        "netIncomeRatio": 18.8115803076,
        "eps": -1.46,
        "epsdiluted": -1.39,
        "weightedAverageShsOut": 22258000,
        "weightedAverageShsOutDil": 23535000,
        "link": "https://www.sec.gov/Archives/edgar/data/30697/000095011701000685/0000950117-01-000685-index.htm",
        "finalLink": "https://www.sec.gov/Archives/edgar/data/30697/000095011701000685/0000950117-01-000685-0001.txt"
    },
    {
        "date": "2000-10-01",
        "symbol": "WEN",
        "reportedCurrency": "USD",
        "cik": "0000030697",
        "fillingDate": "2000-11-20",
        "acceptedDate": "2000-11-20 00:00:00",
        "calendarYear": "2000",
        "period": "Q3",
        "revenue": 22468000,
        "costOfRevenue": 0,
        "grossProfit": 0,
        "grossProfitRatio": 0,
        "researchAndDevelopmentExpenses": 0,
        "generalAndAdministrativeExpenses": 0,
        "sellingAndMarketingExpenses": 0,
        "sellingGeneralAndAdministrativeExpenses": 16842000,
        "otherExpenses": 1352000,
        "operatingExpenses": 18194000,
        "costAndExpenses": 18194000,
        "interestIncome": 0,
        "interestExpense": 0,
        "depreciationAndAmortization": -20109000,
        "ebitda": -49973000,
        "ebitdaratio": -2.2241855083,
        "operatingIncome": -29864000,
        "operatingIncomeRatio": -1.3291792772,
        "totalOtherIncomeExpensesNet": 6649000,
        "incomeBeforeTax": 10923000,
        "incomeBeforeTaxRatio": 0.4861580915,
        "incomeTaxExpense": 4218000,
        "netIncome": 3368000,
        "netIncomeRatio": 0.149902083,
        "eps": 0.15,
        "epsdiluted": 0.14,
        "weightedAverageShsOut": 22867000,
        "weightedAverageShsOutDil": 24292000,
        "link": "https://www.sec.gov/Archives/edgar/data/30697/000003069700000113/0000030697-00-000113-index.htm",
        "finalLink": "https://www.sec.gov/Archives/edgar/data/30697/000003069700000113/0000030697-00-000113-0001.txt"
    },
    {
        "date": "2000-07-02",
        "symbol": "WEN",
        "reportedCurrency": "USD",
        "cik": "0000030697",
        "fillingDate": "2000-08-16",
        "acceptedDate": "2000-08-16 00:00:00",
        "calendarYear": "2000",
        "period": "Q2",
        "revenue": 266169000,
        "costOfRevenue": 125379000,
        "grossProfit": 140790000,
        "grossProfitRatio": 0.5289496523,
        "researchAndDevelopmentExpenses": 0,
        "generalAndAdministrativeExpenses": 0,
        "sellingAndMarketingExpenses": 0,
        "sellingGeneralAndAdministrativeExpenses": 100261000,
        "otherExpenses": 12247000,
        "operatingExpenses": 112508000,
        "costAndExpenses": 237887000,
        "interestIncome": 0,
        "interestExpense": 0,
        "depreciationAndAmortization": 12247000,
        "ebitda": 40529000,
        "ebitdaratio": 0.15226792,
        "operatingIncome": 28282000,
        "operatingIncomeRatio": 0.1062557999,
        "totalOtherIncomeExpensesNet": -18080000,
        "incomeBeforeTax": 10202000,
        "incomeBeforeTaxRatio": 0.0383290316,
        "incomeTaxExpense": 5612000,
        "netIncome": 4590000,
        "netIncomeRatio": 0.0172446829,
        "eps": 0.19,
        "epsdiluted": 0.18,
        "weightedAverageShsOut": 22010000,
        "weightedAverageShsOutDil": 22010000,
        "link": "https://www.sec.gov/Archives/edgar/data/30697/000003069700000081/0000030697-00-000081-index.htm",
        "finalLink": "https://www.sec.gov/Archives/edgar/data/30697/000003069700000081/0000030697-00-000081-0001.txt"
    },
    {
        "date": "2000-04-02",
        "symbol": "WEN",
        "reportedCurrency": "USD",
        "cik": "0000030697",
        "fillingDate": "2000-05-17",
        "acceptedDate": "2000-05-17 00:00:00",
        "calendarYear": "2000",
        "period": "Q1",
        "revenue": 190018000,
        "costOfRevenue": 86478000,
        "grossProfit": 103540000,
        "grossProfitRatio": 0.5448957467,
        "researchAndDevelopmentExpenses": 0,
        "generalAndAdministrativeExpenses": 0,
        "sellingAndMarketingExpenses": 0,
        "sellingGeneralAndAdministrativeExpenses": 78804000,
        "otherExpenses": 11928000,
        "operatingExpenses": 90732000,
        "costAndExpenses": 177210000,
        "interestIncome": 0,
        "interestExpense": 0,
        "depreciationAndAmortization": 11928000,
        "ebitda": 24736000,
        "ebitdaratio": 0.1301771411,
        "operatingIncome": 12808000,
        "operatingIncomeRatio": 0.0674041407,
        "totalOtherIncomeExpensesNet": -6765000,
        "incomeBeforeTax": 6043000,
        "incomeBeforeTaxRatio": 0.0318022503,
        "incomeTaxExpense": 3323000,
        "netIncome": 2720000,
        "netIncomeRatio": 0.0143144334,
        "eps": 0.11,
        "epsdiluted": 0.11,
        "weightedAverageShsOut": 23919000,
        "weightedAverageShsOutDil": 23919000,
        "link": "https://www.sec.gov/Archives/edgar/data/30697/000003069700000073/0000030697-00-000073-index.html",
        "finalLink": "https://www.sec.gov/Archives/edgar/data/30697/000003069700000073/"
    },
    {
        "date": "1999-12-31",
        "symbol": "WEN",
        "reportedCurrency": "USD",
        "cik": "0000030697",
        "fillingDate": "2000-04-03",
        "acceptedDate": "2000-04-03 00:00:00",
        "calendarYear": "1999",
        "period": "Q4",
        "revenue": 91200000,
        "costOfRevenue": 75000000,
        "grossProfit": 16200000,
        "grossProfitRatio": 0.1776315789,
        "researchAndDevelopmentExpenses": 0,
        "generalAndAdministrativeExpenses": 0,
        "sellingAndMarketingExpenses": 0,
        "sellingGeneralAndAdministrativeExpenses": 69800000,
        "otherExpenses": 12500000,
        "operatingExpenses": 82300000,
        "costAndExpenses": 157300000,
        "interestIncome": 0,
        "interestExpense": 0,
        "depreciationAndAmortization": 12500000,
        "ebitda": -53600000,
        "ebitdaratio": -0.5877192982,
        "operatingIncome": -66100000,
        "operatingIncomeRatio": -0.7247807018,
        "totalOtherIncomeExpensesNet": 67000000,
        "incomeBeforeTax": 900000,
        "incomeBeforeTaxRatio": 0.0098684211,
        "incomeTaxExpense": -1200000,
        "netIncome": 5000000,
        "netIncomeRatio": 0.0548245614,
        "eps": 0.0878,
        "epsdiluted": 0.0878,
        "weightedAverageShsOut": 23720000,
        "weightedAverageShsOutDil": 23919000,
        "link": "https://www.sec.gov/Archives/edgar/data/30697/000095011700000855/0000950117-00-000855-index.html",
        "finalLink": "https://www.sec.gov/Archives/edgar/data/30697/000095011700000855/"
    },
    {
        "date": "1999-10-03",
        "symbol": "WEN",
        "reportedCurrency": "USD",
        "cik": "0000030697",
        "fillingDate": "1999-11-22",
        "acceptedDate": "1999-11-22 00:00:00",
        "calendarYear": "1999",
        "period": "Q3",
        "revenue": 20900000,
        "costOfRevenue": 122700000,
        "grossProfit": 128000000,
        "grossProfitRatio": 6.1244019139,
        "researchAndDevelopmentExpenses": 0,
        "generalAndAdministrativeExpenses": 0,
        "sellingAndMarketingExpenses": 0,
        "sellingGeneralAndAdministrativeExpenses": 17200000,
        "otherExpenses": -216036000,
        "operatingExpenses": -198836000,
        "costAndExpenses": 18500000,
        "interestIncome": 0,
        "interestExpense": 0,
        "depreciationAndAmortization": -29434000,
        "ebitda": 4466000,
        "ebitdaratio": 0.2136842105,
        "operatingIncome": 33900000,
        "operatingIncomeRatio": 1.6220095694,
        "totalOtherIncomeExpensesNet": 3700000,
        "incomeBeforeTax": 6100000,
        "incomeBeforeTaxRatio": 0.2918660287,
        "incomeTaxExpense": 2800000,
        "netIncome": 14400000,
        "netIncomeRatio": 0.6889952153,
        "eps": 0.58,
        "epsdiluted": 0.55,
        "weightedAverageShsOut": 24588000,
        "weightedAverageShsOutDil": 25662000,
        "link": "https://www.sec.gov/Archives/edgar/data/30697/000003069799000071/0000030697-99-000071-index.html",
        "finalLink": "https://www.sec.gov/Archives/edgar/data/30697/000003069799000071/"
    },
    {
        "date": "1999-07-04",
        "symbol": "WEN",
        "reportedCurrency": "USD",
        "cik": "0000030697",
        "fillingDate": "1999-08-23",
        "acceptedDate": "1999-08-23 00:00:00",
        "calendarYear": "1999",
        "period": "Q2",
        "revenue": 250800000,
        "costOfRevenue": 118300000,
        "grossProfit": 132500000,
        "grossProfitRatio": 0.5283094099,
        "researchAndDevelopmentExpenses": 0,
        "generalAndAdministrativeExpenses": 0,
        "sellingAndMarketingExpenses": 0,
        "sellingGeneralAndAdministrativeExpenses": 94200000,
        "otherExpenses": 11500000,
        "operatingExpenses": 105700000,
        "costAndExpenses": 224000000,
        "interestIncome": 0,
        "interestExpense": 0,
        "depreciationAndAmortization": 11500000,
        "ebitda": 38300000,
        "ebitdaratio": 0.1527113238,
        "operatingIncome": 26800000,
        "operatingIncomeRatio": 0.1068580542,
        "totalOtherIncomeExpensesNet": -14600000,
        "incomeBeforeTax": 12200000,
        "incomeBeforeTaxRatio": 0.0486443381,
        "incomeTaxExpense": 7000000,
        "netIncome": 4200000,
        "netIncomeRatio": 0.0167464115,
        "eps": 0.16,
        "epsdiluted": 0.15,
        "weightedAverageShsOut": 26250000,
        "weightedAverageShsOutDil": 28000000,
        "link": "https://www.sec.gov/Archives/edgar/data/30697/000003069799000063/0000030697-99-000063-index.html",
        "finalLink": "https://www.sec.gov/Archives/edgar/data/30697/000003069799000063/"
    },
    {
        "date": "1999-04-04",
        "symbol": "WEN",
        "reportedCurrency": "USD",
        "cik": "0000030697",
        "fillingDate": "1999-05-19",
        "acceptedDate": "1999-05-19 00:00:00",
        "calendarYear": "1999",
        "period": "Q1",
        "revenue": 178200000,
        "costOfRevenue": 80100000,
        "grossProfit": 98100000,
        "grossProfitRatio": 0.5505050505,
        "researchAndDevelopmentExpenses": 0,
        "generalAndAdministrativeExpenses": 0,
        "sellingAndMarketingExpenses": 0,
        "sellingGeneralAndAdministrativeExpenses": 73900000,
        "otherExpenses": 11500000,
        "operatingExpenses": 85400000,
        "costAndExpenses": 165500000,
        "interestIncome": 0,
        "interestExpense": 0,
        "depreciationAndAmortization": 11500000,
        "ebitda": 24200000,
        "ebitdaratio": 0.1358024691,
        "operatingIncome": 12700000,
        "operatingIncomeRatio": 0.0712682379,
        "totalOtherIncomeExpensesNet": -15900000,
        "incomeBeforeTax": -3200000,
        "incomeBeforeTaxRatio": -0.0179573513,
        "incomeTaxExpense": -2000000,
        "netIncome": -13300000,
        "netIncomeRatio": -0.0746352413,
        "eps": -0.46,
        "epsdiluted": -0.46,
        "weightedAverageShsOut": 28913043,
        "weightedAverageShsOutDil": 28913043,
        "link": "https://www.sec.gov/Archives/edgar/data/30697/000003069799000045/0000030697-99-000045-index.html",
        "finalLink": "https://www.sec.gov/Archives/edgar/data/30697/"
    },
    {
        "date": "1998-12-31",
        "symbol": "WEN",
        "reportedCurrency": "USD",
        "cik": "0000030697",
        "fillingDate": "1999-04-06",
        "acceptedDate": "1999-04-06 00:00:00",
        "calendarYear": "1998",
        "period": "Q4",
        "revenue": 141000000,
        "costOfRevenue": 97100000,
        "grossProfit": 43900000,
        "grossProfitRatio": 0.3113475177,
        "researchAndDevelopmentExpenses": 0,
        "generalAndAdministrativeExpenses": 0,
        "sellingAndMarketingExpenses": 0,
        "sellingGeneralAndAdministrativeExpenses": 34200000,
        "otherExpenses": 11400000,
        "operatingExpenses": 45600000,
        "costAndExpenses": 142700000,
        "interestIncome": 0,
        "interestExpense": 0,
        "depreciationAndAmortization": 11400000,
        "ebitda": 9700000,
        "ebitdaratio": 0.0687943262,
        "operatingIncome": -1700000,
        "operatingIncomeRatio": -0.0120567376,
        "totalOtherIncomeExpensesNet": 5000000,
        "incomeBeforeTax": 3300000,
        "incomeBeforeTaxRatio": 0.0234042553,
        "incomeTaxExpense": 3200000,
        "netIncome": 100000,
        "netIncomeRatio": 0.0007092199,
        "eps": 0.0035,
        "epsdiluted": 0.0035,
        "weightedAverageShsOut": 28670809,
        "weightedAverageShsOutDil": 28913043,
        "link": "https://www.sec.gov/Archives/edgar/data/30697/000003069799000029/0000030697-99-000029-index.html",
        "finalLink": "https://www.sec.gov/Archives/edgar/data/30697/"
    },
    {
        "date": "1998-09-27",
        "symbol": "WEN",
        "reportedCurrency": "USD",
        "cik": "0000030697",
        "fillingDate": "1998-11-12",
        "acceptedDate": "1998-11-12 00:00:00",
        "calendarYear": "1998",
        "period": "Q3",
        "revenue": 247000000,
        "costOfRevenue": 120000000,
        "grossProfit": 127000000,
        "grossProfitRatio": 0.5141700405,
        "researchAndDevelopmentExpenses": 0,
        "generalAndAdministrativeExpenses": 0,
        "sellingAndMarketingExpenses": 0,
        "sellingGeneralAndAdministrativeExpenses": 86800000,
        "otherExpenses": 11500000,
        "operatingExpenses": 98300000,
        "costAndExpenses": 218300000,
        "interestIncome": 0,
        "interestExpense": 0,
        "depreciationAndAmortization": 11500000,
        "ebitda": 40200000,
        "ebitdaratio": 0.1627530364,
        "operatingIncome": 28700000,
        "operatingIncomeRatio": 0.116194332,
        "totalOtherIncomeExpensesNet": -19400000,
        "incomeBeforeTax": 9300000,
        "incomeBeforeTaxRatio": 0.0376518219,
        "incomeTaxExpense": 5500000,
        "netIncome": 2300000,
        "netIncomeRatio": 0.0093117409,
        "eps": 0.07,
        "epsdiluted": 0.07,
        "weightedAverageShsOut": 32857143,
        "weightedAverageShsOutDil": 32857143,
        "link": "https://www.sec.gov/Archives/edgar/data/30697/000003069798000124/0000030697-98-000124-index.html",
        "finalLink": "https://www.sec.gov/Archives/edgar/data/30697/"
    },
    {
        "date": "1998-06-28",
        "symbol": "WEN",
        "reportedCurrency": "USD",
        "cik": "0000030697",
        "fillingDate": "1998-08-12",
        "acceptedDate": "1998-08-12 00:00:00",
        "calendarYear": "1998",
        "period": "Q2",
        "revenue": 232900000,
        "costOfRevenue": 111600000,
        "grossProfit": 121300000,
        "grossProfitRatio": 0.5208243881,
        "researchAndDevelopmentExpenses": 0,
        "generalAndAdministrativeExpenses": 0,
        "sellingAndMarketingExpenses": 0,
        "sellingGeneralAndAdministrativeExpenses": 86900000,
        "otherExpenses": 11600000,
        "operatingExpenses": 98500000,
        "costAndExpenses": 210100000,
        "interestIncome": 0,
        "interestExpense": 0,
        "depreciationAndAmortization": 11600000,
        "ebitda": 34400000,
        "ebitdaratio": 0.1477028768,
        "operatingIncome": 22800000,
        "operatingIncomeRatio": 0.0978960927,
        "totalOtherIncomeExpensesNet": -5100000,
        "incomeBeforeTax": 17700000,
        "incomeBeforeTaxRatio": 0.0759982825,
        "incomeTaxExpense": 8200000,
        "netIncome": 8100000,
        "netIncomeRatio": 0.0347788751,
        "eps": 0.26,
        "epsdiluted": 0.25,
        "weightedAverageShsOut": 31153846,
        "weightedAverageShsOutDil": 32400000,
        "link": "https://www.sec.gov/Archives/edgar/data/30697/000003069798000098/0000030697-98-000098-index.html",
        "finalLink": "https://www.sec.gov/Archives/edgar/data/30697/"
    },
    {
        "date": "1998-03-29",
        "symbol": "WEN",
        "reportedCurrency": "USD",
        "cik": "0000030697",
        "fillingDate": "1998-05-13",
        "acceptedDate": "1998-05-13 00:00:00",
        "calendarYear": "1998",
        "period": "Q1",
        "revenue": 172100000,
        "costOfRevenue": 68500000,
        "grossProfit": 103600000,
        "grossProfitRatio": 0.6019755956,
        "researchAndDevelopmentExpenses": 0,
        "generalAndAdministrativeExpenses": 0,
        "sellingAndMarketingExpenses": 0,
        "sellingGeneralAndAdministrativeExpenses": 82400000,
        "otherExpenses": 11300000,
        "operatingExpenses": 93700000,
        "costAndExpenses": 162200000,
        "interestIncome": 0,
        "interestExpense": 0,
        "depreciationAndAmortization": 11300000,
        "ebitda": 21200000,
        "ebitdaratio": 0.1231841952,
        "operatingIncome": 9900000,
        "operatingIncomeRatio": 0.0575246949,
        "totalOtherIncomeExpensesNet": -6700000,
        "incomeBeforeTax": 3200000,
        "incomeBeforeTaxRatio": 0.0185938408,
        "incomeTaxExpense": 1600000,
        "netIncome": 4200000,
        "netIncomeRatio": 0.024404416,
        "eps": 0.13,
        "epsdiluted": 0.13,
        "weightedAverageShsOut": 32307692,
        "weightedAverageShsOutDil": 32307692,
        "link": "https://www.sec.gov/Archives/edgar/data/30697/000003069798000090/0000030697-98-000090-index.html",
        "finalLink": "https://www.sec.gov/Archives/edgar/data/30697/"
    },
    {
        "date": "1997-12-31",
        "symbol": "WEN",
        "reportedCurrency": "USD",
        "cik": "0000030697",
        "fillingDate": "1998-03-26",
        "acceptedDate": "1998-03-26 00:00:00",
        "calendarYear": "1997",
        "period": "Q4",
        "revenue": 88300000,
        "costOfRevenue": 57700000,
        "grossProfit": 30600000,
        "grossProfitRatio": 0.3465458664,
        "researchAndDevelopmentExpenses": 0,
        "generalAndAdministrativeExpenses": 0,
        "sellingAndMarketingExpenses": 0,
        "sellingGeneralAndAdministrativeExpenses": 33900000,
        "otherExpenses": 11400000,
        "operatingExpenses": 45300000,
        "costAndExpenses": 103000000,
        "interestIncome": 0,
        "interestExpense": 0,
        "depreciationAndAmortization": 11400000,
        "ebitda": -3300000,
        "ebitdaratio": -0.0373725934,
        "operatingIncome": -14700000,
        "operatingIncomeRatio": -0.1664779162,
        "totalOtherIncomeExpensesNet": 16500000,
        "incomeBeforeTax": 1800000,
        "incomeBeforeTaxRatio": 0.020385051,
        "incomeTaxExpense": 1000000,
        "netIncome": 20700000,
        "netIncomeRatio": 0.2344280861,
        "eps": 0.0248,
        "epsdiluted": 0.0248,
        "weightedAverageShsOut": 32307692,
        "weightedAverageShsOutDil": 32307692,
        "link": "https://www.sec.gov/Archives/edgar/data/30697/000003069798000080/0000030697-98-000080-index.html",
        "finalLink": "https://www.sec.gov/Archives/edgar/data/30697/"
    },
    {
        "date": "1997-09-28",
        "symbol": "WEN",
        "reportedCurrency": "USD",
        "cik": "0000030697",
        "fillingDate": "1997-11-12",
        "acceptedDate": "1997-11-12 00:00:00",
        "calendarYear": "1997",
        "period": "Q3",
        "revenue": 258600000,
        "costOfRevenue": 118600000,
        "grossProfit": 140000000,
        "grossProfitRatio": 0.5413766435,
        "researchAndDevelopmentExpenses": 0,
        "generalAndAdministrativeExpenses": 0,
        "sellingAndMarketingExpenses": 0,
        "sellingGeneralAndAdministrativeExpenses": 102400000,
        "otherExpenses": 14000000,
        "operatingExpenses": 116400000,
        "costAndExpenses": 235000000,
        "interestIncome": 0,
        "interestExpense": 0,
        "depreciationAndAmortization": 14900000,
        "ebitda": 42100000,
        "ebitdaratio": 0.1627996906,
        "operatingIncome": 23600000,
        "operatingIncomeRatio": 0.0912606342,
        "totalOtherIncomeExpensesNet": -10200000,
        "incomeBeforeTax": 13400000,
        "incomeBeforeTaxRatio": 0.0518174787,
        "incomeTaxExpense": 3100000,
        "netIncome": 10900000,
        "netIncomeRatio": 0.0421500387,
        "eps": 0.36,
        "epsdiluted": 0.35,
        "weightedAverageShsOut": 30277778,
        "weightedAverageShsOutDil": 31142857,
        "link": "https://www.sec.gov/Archives/edgar/data/30697/000003069797000082/0000030697-97-000082-index.html",
        "finalLink": "https://www.sec.gov/Archives/edgar/data/30697/"
    },
    {
        "date": "1997-06-29",
        "symbol": "WEN",
        "reportedCurrency": "USD",
        "cik": "0000030697",
        "fillingDate": "1997-08-18",
        "acceptedDate": "1997-08-18 00:00:00",
        "calendarYear": "1997",
        "period": "Q2",
        "revenue": 208300000,
        "costOfRevenue": 103100000,
        "grossProfit": 105200000,
        "grossProfitRatio": 0.5050408065,
        "researchAndDevelopmentExpenses": 0,
        "generalAndAdministrativeExpenses": 0,
        "sellingAndMarketingExpenses": 0,
        "sellingGeneralAndAdministrativeExpenses": 126200000,
        "otherExpenses": 10100000,
        "operatingExpenses": 136300000,
        "costAndExpenses": 239400000,
        "interestIncome": 0,
        "interestExpense": 0,
        "depreciationAndAmortization": 10000000,
        "ebitda": -21000000,
        "ebitdaratio": -0.1008161306,
        "operatingIncome": -31100000,
        "operatingIncomeRatio": -0.1493038886,
        "totalOtherIncomeExpensesNet": -13700000,
        "incomeBeforeTax": -44800000,
        "incomeBeforeTaxRatio": -0.2150744119,
        "incomeTaxExpense": -12800000,
        "netIncome": -34200000,
        "netIncomeRatio": -0.1641862698,
        "eps": -1.14,
        "epsdiluted": -1.14,
        "weightedAverageShsOut": 30000000,
        "weightedAverageShsOutDil": 30000000,
        "link": "https://www.sec.gov/Archives/edgar/data/30697/000003069797000074/0000030697-97-000074-index.html",
        "finalLink": "https://www.sec.gov/Archives/edgar/data/30697/"
    },
    {
        "date": "1997-03-30",
        "symbol": "WEN",
        "reportedCurrency": "USD",
        "cik": "0000030697",
        "fillingDate": "1997-05-14",
        "acceptedDate": "1997-05-14 00:00:00",
        "calendarYear": "1997",
        "period": "Q1",
        "revenue": 189200000,
        "costOfRevenue": 102900000,
        "grossProfit": 86300000,
        "grossProfitRatio": 0.4561310782,
        "researchAndDevelopmentExpenses": 0,
        "generalAndAdministrativeExpenses": 0,
        "sellingAndMarketingExpenses": 0,
        "sellingGeneralAndAdministrativeExpenses": 60400000,
        "otherExpenses": 8000000,
        "operatingExpenses": 68400000,
        "costAndExpenses": 171300000,
        "interestIncome": 0,
        "interestExpense": 0,
        "depreciationAndAmortization": 8000000,
        "ebitda": 25900000,
        "ebitdaratio": 0.1368921776,
        "operatingIncome": 17900000,
        "operatingIncomeRatio": 0.0946088795,
        "totalOtherIncomeExpensesNet": -16700000,
        "incomeBeforeTax": 1200000,
        "incomeBeforeTaxRatio": 0.0063424947,
        "incomeTaxExpense": 2800000,
        "netIncome": -1100000,
        "netIncomeRatio": -0.0058139535,
        "eps": -0.0436,
        "epsdiluted": -0.0436,
        "weightedAverageShsOut": 27500000,
        "weightedAverageShsOutDil": 27500000,
        "link": "https://www.sec.gov/Archives/edgar/data/30697/000003069797000050/0000030697-97-000050-index.html",
        "finalLink": "https://www.sec.gov/Archives/edgar/data/30697/"
    },
    {
        "date": "1996-12-31",
        "symbol": "WEN",
        "reportedCurrency": "USD",
        "cik": "0000030697",
        "fillingDate": "1997-03-31",
        "acceptedDate": "1997-03-31 00:00:00",
        "calendarYear": "1996",
        "period": "Q4",
        "revenue": 207300000,
        "costOfRevenue": 115700000,
        "grossProfit": 91600000,
        "grossProfitRatio": 0.4418716836,
        "researchAndDevelopmentExpenses": 0,
        "generalAndAdministrativeExpenses": 0,
        "sellingAndMarketingExpenses": 0,
        "sellingGeneralAndAdministrativeExpenses": 67900000,
        "otherExpenses": 12300000,
        "operatingExpenses": 80200000,
        "costAndExpenses": 195900000,
        "interestIncome": 0,
        "interestExpense": 0,
        "depreciationAndAmortization": 12300000,
        "ebitda": 23700000,
        "ebitdaratio": 0.1143270622,
        "operatingIncome": 11400000,
        "operatingIncomeRatio": 0.0549927641,
        "totalOtherIncomeExpensesNet": -88900000,
        "incomeBeforeTax": -77500000,
        "incomeBeforeTaxRatio": -0.3738543174,
        "incomeTaxExpense": -23500000,
        "netIncome": -54000000,
        "netIncomeRatio": -0.2604920405,
        "eps": -1.8,
        "epsdiluted": -1.8,
        "weightedAverageShsOut": 30000000,
        "weightedAverageShsOutDil": 30000000,
        "link": "https://www.sec.gov/Archives/edgar/data/30697/000003069797000035/0000030697-97-000035-index.html",
        "finalLink": "https://www.sec.gov/Archives/edgar/data/30697/"
    },
    {
        "date": "1996-09-30",
        "symbol": "WEN",
        "reportedCurrency": "USD",
        "cik": "0000030697",
        "fillingDate": "1996-11-14",
        "acceptedDate": "1996-11-14 00:00:00",
        "calendarYear": "1996",
        "period": "Q3",
        "revenue": 206400000,
        "costOfRevenue": 116900000,
        "grossProfit": 89500000,
        "grossProfitRatio": 0.433624031,
        "researchAndDevelopmentExpenses": 0,
        "generalAndAdministrativeExpenses": 0,
        "sellingAndMarketingExpenses": 0,
        "sellingGeneralAndAdministrativeExpenses": 66400000,
        "otherExpenses": 11700000,
        "operatingExpenses": 78100000,
        "costAndExpenses": 195000000,
        "interestIncome": 0,
        "interestExpense": 0,
        "depreciationAndAmortization": 11700000,
        "ebitda": 23100000,
        "ebitdaratio": 0.1119186047,
        "operatingIncome": 11400000,
        "operatingIncomeRatio": 0.0552325581,
        "totalOtherIncomeExpensesNet": 65000000,
        "incomeBeforeTax": 76400000,
        "incomeBeforeTaxRatio": 0.3701550388,
        "incomeTaxExpense": 29100000,
        "netIncome": 50400000,
        "netIncomeRatio": 0.2441860465,
        "eps": 1.69,
        "epsdiluted": 1.69,
        "weightedAverageShsOut": 29822485,
        "weightedAverageShsOutDil": 29822485,
        "link": "https://www.sec.gov/Archives/edgar/data/30697/000003069796000043/0000030697-96-000043-index.html",
        "finalLink": "https://www.sec.gov/Archives/edgar/data/30697/"
    },
    {
        "date": "1996-06-30",
        "symbol": "WEN",
        "reportedCurrency": "USD",
        "cik": "0000030697",
        "fillingDate": "1996-08-14",
        "acceptedDate": "1996-08-14 00:00:00",
        "calendarYear": "1996",
        "period": "Q2",
        "revenue": 246500000,
        "costOfRevenue": 146400000,
        "grossProfit": 100100000,
        "grossProfitRatio": 0.4060851927,
        "researchAndDevelopmentExpenses": 0,
        "generalAndAdministrativeExpenses": 0,
        "sellingAndMarketingExpenses": 0,
        "sellingGeneralAndAdministrativeExpenses": 69200000,
        "otherExpenses": 13100000,
        "operatingExpenses": 82300000,
        "costAndExpenses": 228700000,
        "interestIncome": 0,
        "interestExpense": 0,
        "depreciationAndAmortization": 13100000,
        "ebitda": 30900000,
        "ebitdaratio": 0.1253549696,
        "operatingIncome": 17800000,
        "operatingIncomeRatio": 0.0722109533,
        "totalOtherIncomeExpensesNet": -18500000,
        "incomeBeforeTax": -700000,
        "incomeBeforeTaxRatio": -0.0028397566,
        "incomeTaxExpense": 2900000,
        "netIncome": -10800000,
        "netIncomeRatio": -0.0438133874,
        "eps": -0.36,
        "epsdiluted": -0.36,
        "weightedAverageShsOut": 30000000,
        "weightedAverageShsOutDil": 30000000,
        "link": "https://www.sec.gov/Archives/edgar/data/30697/000003069796000033/0000030697-96-000033-index.html",
        "finalLink": "https://www.sec.gov/Archives/edgar/data/30697/"
    },
    {
        "date": "1996-03-31",
        "symbol": "WEN",
        "reportedCurrency": "USD",
        "cik": "0000030697",
        "fillingDate": "1996-05-15",
        "acceptedDate": "1996-05-15 00:00:00",
        "calendarYear": "1996",
        "period": "Q1",
        "revenue": 328900000,
        "costOfRevenue": 220300000,
        "grossProfit": 108600000,
        "grossProfitRatio": 0.3301915476,
        "researchAndDevelopmentExpenses": 0,
        "generalAndAdministrativeExpenses": 0,
        "sellingAndMarketingExpenses": 0,
        "sellingGeneralAndAdministrativeExpenses": 67500000,
        "otherExpenses": 15600000,
        "operatingExpenses": 83100000,
        "costAndExpenses": 303400000,
        "interestIncome": 0,
        "interestExpense": 0,
        "depreciationAndAmortization": 15600000,
        "ebitda": 41100000,
        "ebitdaratio": 0.1249619945,
        "operatingIncome": 25500000,
        "operatingIncomeRatio": 0.0775311645,
        "totalOtherIncomeExpensesNet": -21000000,
        "incomeBeforeTax": 4500000,
        "incomeBeforeTaxRatio": 0.0136819702,
        "incomeTaxExpense": 2700000,
        "netIncome": 400000,
        "netIncomeRatio": 0.0012161751,
        "eps": 0.01,
        "epsdiluted": 0.01,
        "weightedAverageShsOut": 30284000,
        "weightedAverageShsOutDil": 30284000,
        "link": "https://www.sec.gov/Archives/edgar/data/30697/000003069796000016/0000030697-96-000016-index.html",
        "finalLink": "https://www.sec.gov/Archives/edgar/data/30697/"
    },
    {
        "date": "1995-12-31",
        "symbol": "WEN",
        "reportedCurrency": "USD",
        "cik": "0000030697",
        "fillingDate": "1996-04-01",
        "acceptedDate": "1996-04-01 00:00:00",
        "calendarYear": "1995",
        "period": "Q4",
        "revenue": 315100000,
        "costOfRevenue": 228600000,
        "grossProfit": 86500000,
        "grossProfitRatio": 0.2745160267,
        "researchAndDevelopmentExpenses": 0,
        "generalAndAdministrativeExpenses": 0,
        "sellingAndMarketingExpenses": 0,
        "sellingGeneralAndAdministrativeExpenses": 101200000,
        "otherExpenses": 3900000,
        "operatingExpenses": 105100000,
        "costAndExpenses": 333700000,
        "interestIncome": 0,
        "interestExpense": 0,
        "depreciationAndAmortization": 3900000,
        "ebitda": -14700000,
        "ebitdaratio": -0.0466518566,
        "operatingIncome": -18600000,
        "operatingIncomeRatio": -0.0590288797,
        "totalOtherIncomeExpensesNet": -24700000,
        "incomeBeforeTax": -43300000,
        "incomeBeforeTaxRatio": -0.1374166931,
        "incomeTaxExpense": -4300000,
        "netIncome": -39000000,
        "netIncomeRatio": -0.1237702317,
        "eps": -1.29,
        "epsdiluted": -1.29,
        "weightedAverageShsOut": 30284000,
        "weightedAverageShsOutDil": 30284000,
        "link": "https://www.sec.gov/Archives/edgar/data/30697/000003069796000011/0000030697-96-000011-index.html",
        "finalLink": "https://www.sec.gov/Archives/edgar/data/30697/"
    },
    {
        "date": "1995-09-30",
        "symbol": "WEN",
        "reportedCurrency": "USD",
        "cik": "0000030697",
        "fillingDate": "1995-11-14",
        "acceptedDate": "1995-11-14 00:00:00",
        "calendarYear": "1995",
        "period": "Q3",
        "revenue": 291900000,
        "costOfRevenue": 196000000,
        "grossProfit": 95900000,
        "grossProfitRatio": 0.3285371703,
        "researchAndDevelopmentExpenses": 0,
        "generalAndAdministrativeExpenses": 0,
        "sellingAndMarketingExpenses": 0,
        "sellingGeneralAndAdministrativeExpenses": 68500000,
        "otherExpenses": 14700000,
        "operatingExpenses": 83200000,
        "costAndExpenses": 279200000,
        "interestIncome": 0,
        "interestExpense": 0,
        "depreciationAndAmortization": 14700000,
        "ebitda": 27400000,
        "ebitdaratio": 0.0938677629,
        "operatingIncome": 12700000,
        "operatingIncomeRatio": 0.0435080507,
        "totalOtherIncomeExpensesNet": -22200000,
        "incomeBeforeTax": -9500000,
        "incomeBeforeTaxRatio": -0.0325453923,
        "incomeTaxExpense": -3700000,
        "netIncome": -5800000,
        "netIncomeRatio": -0.0198698184,
        "eps": -0.19,
        "epsdiluted": -0.19,
        "weightedAverageShsOut": 30526316,
        "weightedAverageShsOutDil": 30526316,
        "link": "https://www.sec.gov/Archives/edgar/data/30697/000003069795000035/0000030697-95-000035-index.html",
        "finalLink": "https://www.sec.gov/Archives/edgar/data/30697/"
    },
    {
        "date": "1995-06-30",
        "symbol": "WEN",
        "reportedCurrency": "USD",
        "cik": "0000030697",
        "fillingDate": "1995-08-14",
        "acceptedDate": "1995-08-14 00:00:00",
        "calendarYear": "1995",
        "period": "Q2",
        "revenue": 279300000,
        "costOfRevenue": 190700000,
        "grossProfit": 88600000,
        "grossProfitRatio": 0.3172216255,
        "researchAndDevelopmentExpenses": 0,
        "generalAndAdministrativeExpenses": 0,
        "sellingAndMarketingExpenses": 0,
        "sellingGeneralAndAdministrativeExpenses": 63300000,
        "otherExpenses": 13100000,
        "operatingExpenses": 76400000,
        "costAndExpenses": 267100000,
        "interestIncome": 0,
        "interestExpense": 0,
        "depreciationAndAmortization": 13000000,
        "ebitda": 25300000,
        "ebitdaratio": 0.0905836019,
        "operatingIncome": 12200000,
        "operatingIncomeRatio": 0.0436806301,
        "totalOtherIncomeExpensesNet": -10300000,
        "incomeBeforeTax": 1900000,
        "incomeBeforeTaxRatio": 0.0068027211,
        "incomeTaxExpense": 900000,
        "netIncome": 1000000,
        "netIncomeRatio": 0.0035803795,
        "eps": 0.03,
        "epsdiluted": 0.03,
        "weightedAverageShsOut": 33333333,
        "weightedAverageShsOutDil": 33333333,
        "link": "https://www.sec.gov/Archives/edgar/data/30697/000003069795000021/0000030697-95-000021-index.html",
        "finalLink": "https://www.sec.gov/Archives/edgar/data/30697/"
    },
    {
        "date": "1995-03-31",
        "symbol": "WEN",
        "reportedCurrency": "USD",
        "cik": "0000030697",
        "fillingDate": "1995-05-15",
        "acceptedDate": "1995-05-15 00:00:00",
        "calendarYear": "1995",
        "period": "Q1",
        "revenue": 298000000,
        "costOfRevenue": 197600000,
        "grossProfit": 100400000,
        "grossProfitRatio": 0.3369127517,
        "researchAndDevelopmentExpenses": 0,
        "generalAndAdministrativeExpenses": 0,
        "sellingAndMarketingExpenses": 0,
        "sellingGeneralAndAdministrativeExpenses": 60300000,
        "otherExpenses": 15300000,
        "operatingExpenses": 75600000,
        "costAndExpenses": 273200000,
        "interestIncome": 0,
        "interestExpense": 0,
        "depreciationAndAmortization": 15300000,
        "ebitda": 40100000,
        "ebitdaratio": 0.1345637584,
        "operatingIncome": 24800000,
        "operatingIncomeRatio": 0.0832214765,
        "totalOtherIncomeExpensesNet": -12000000,
        "incomeBeforeTax": 12800000,
        "incomeBeforeTaxRatio": 0.0429530201,
        "incomeTaxExpense": 6100000,
        "netIncome": 6700000,
        "netIncomeRatio": 0.0224832215,
        "eps": 0.23,
        "epsdiluted": 0.22,
        "weightedAverageShsOut": 29130435,
        "weightedAverageShsOutDil": 30454545,
        "link": "https://www.sec.gov/Archives/edgar/data/30697/000003069795000014/0000030697-95-000014-index.html",
        "finalLink": "https://www.sec.gov/Archives/edgar/data/30697/"
    },
    {
        "date": "1994-12-31",
        "symbol": "WEN",
        "reportedCurrency": "USD",
        "cik": "0000030697",
        "fillingDate": "1995-03-31",
        "acceptedDate": "1995-03-31 00:00:00",
        "calendarYear": "1994",
        "period": "Q4",
        "revenue": 268900000,
        "costOfRevenue": 175500000,
        "grossProfit": 93400000,
        "grossProfitRatio": 0.347341019,
        "researchAndDevelopmentExpenses": 0,
        "generalAndAdministrativeExpenses": 0,
        "sellingAndMarketingExpenses": 0,
        "sellingGeneralAndAdministrativeExpenses": 63400000,
        "otherExpenses": 12900000,
        "operatingExpenses": 76300000,
        "costAndExpenses": 251800000,
        "interestIncome": 0,
        "interestExpense": 0,
        "depreciationAndAmortization": 12900000,
        "ebitda": 30000000,
        "ebitdaratio": 0.1115656378,
        "operatingIncome": 17100000,
        "operatingIncomeRatio": 0.0635924135,
        "totalOtherIncomeExpensesNet": -27100000,
        "incomeBeforeTax": -10000000,
        "incomeBeforeTaxRatio": -0.0371885459,
        "incomeTaxExpense": -3600000,
        "netIncome": -12400000,
        "netIncomeRatio": -0.046113797,
        "eps": -0.43,
        "epsdiluted": -0.41,
        "weightedAverageShsOut": 29130435,
        "weightedAverageShsOutDil": 30454545,
        "link": "https://www.sec.gov/Archives/edgar/data/30697/000003069795000008/0000030697-95-000008-index.html",
        "finalLink": "https://www.sec.gov/Archives/edgar/data/30697/"
    },
    {
        "date": "1994-09-30",
        "symbol": "WEN",
        "reportedCurrency": "USD",
        "cik": "0000030697",
        "fillingDate": "1994-11-14",
        "acceptedDate": "1994-11-14 00:00:00",
        "calendarYear": "1994",
        "period": "Q3",
        "revenue": 256100000,
        "costOfRevenue": 170300000,
        "grossProfit": 85800000,
        "grossProfitRatio": 0.3350253807,
        "researchAndDevelopmentExpenses": 0,
        "generalAndAdministrativeExpenses": 0,
        "sellingAndMarketingExpenses": 0,
        "sellingGeneralAndAdministrativeExpenses": 61500000,
        "otherExpenses": 12900000,
        "operatingExpenses": 74400000,
        "costAndExpenses": 244700000,
        "interestIncome": 0,
        "interestExpense": 0,
        "depreciationAndAmortization": 12900000,
        "ebitda": 24300000,
        "ebitdaratio": 0.0948848106,
        "operatingIncome": 11400000,
        "operatingIncomeRatio": 0.0445138618,
        "totalOtherIncomeExpensesNet": -17000000,
        "incomeBeforeTax": -5600000,
        "incomeBeforeTaxRatio": -0.0218664584,
        "incomeTaxExpense": -2700000,
        "netIncome": -2900000,
        "netIncomeRatio": -0.0113237017,
        "eps": -0.12,
        "epsdiluted": -0.12,
        "weightedAverageShsOut": 24444444,
        "weightedAverageShsOutDil": 24444444,
        "link": "https://www.sec.gov/Archives/edgar/data/30697/000003069794000027/0000030697-94-000027-index.html",
        "finalLink": "https://www.sec.gov/Archives/edgar/data/30697/"
    },
    {
        "date": "1994-06-30",
        "symbol": "WEN",
        "reportedCurrency": "USD",
        "cik": "0000030697",
        "fillingDate": "1994-08-15",
        "acceptedDate": "1994-08-15 00:00:00",
        "calendarYear": "1994",
        "period": "Q2",
        "revenue": 267400000,
        "costOfRevenue": 178600000,
        "grossProfit": 88800000,
        "grossProfitRatio": 0.3320867614,
        "researchAndDevelopmentExpenses": 0,
        "generalAndAdministrativeExpenses": 0,
        "sellingAndMarketingExpenses": 0,
        "sellingGeneralAndAdministrativeExpenses": 59200000,
        "otherExpenses": 13200000,
        "operatingExpenses": 72400000,
        "costAndExpenses": 251000000,
        "interestIncome": 0,
        "interestExpense": 0,
        "depreciationAndAmortization": 13200000,
        "ebitda": 29600000,
        "ebitdaratio": 0.1106955871,
        "operatingIncome": 16400000,
        "operatingIncomeRatio": 0.0613313388,
        "totalOtherIncomeExpensesNet": -17200000,
        "incomeBeforeTax": -800000,
        "incomeBeforeTaxRatio": -0.0029917726,
        "incomeTaxExpense": 800000,
        "netIncome": -1600000,
        "netIncomeRatio": -0.0059835453,
        "eps": -0.065,
        "epsdiluted": -0.065,
        "weightedAverageShsOut": 24615385,
        "weightedAverageShsOutDil": 24615385,
        "link": "https://www.sec.gov/Archives/edgar/data/30697/000003069794000018/0000030697-94-000018-index.html",
        "finalLink": "https://www.sec.gov/Archives/edgar/data/30697/"
    },
    {
        "date": "1994-03-31",
        "symbol": "WEN",
        "reportedCurrency": "USD",
        "cik": "0000030697",
        "fillingDate": "1994-05-16",
        "acceptedDate": "1994-05-16 00:00:00",
        "calendarYear": "1994",
        "period": "Q1",
        "revenue": 270100000,
        "costOfRevenue": 173900000,
        "grossProfit": 96200000,
        "grossProfitRatio": 0.3561643836,
        "researchAndDevelopmentExpenses": 0,
        "generalAndAdministrativeExpenses": 0,
        "sellingAndMarketingExpenses": 0,
        "sellingGeneralAndAdministrativeExpenses": 52200000,
        "otherExpenses": 12500000,
        "operatingExpenses": 64700000,
        "costAndExpenses": 238600000,
        "interestIncome": 0,
        "interestExpense": 0,
        "depreciationAndAmortization": 12500000,
        "ebitda": 44000000,
        "ebitdaratio": 0.1629026287,
        "operatingIncome": 31500000,
        "operatingIncomeRatio": 0.1166234728,
        "totalOtherIncomeExpensesNet": -15700000,
        "incomeBeforeTax": 15800000,
        "incomeBeforeTaxRatio": 0.058496853,
        "incomeTaxExpense": 7000000,
        "netIncome": 8800000,
        "netIncomeRatio": 0.0325805257,
        "eps": 0.34,
        "epsdiluted": 0.33,
        "weightedAverageShsOut": 21470588,
        "weightedAverageShsOutDil": 22121212,
        "link": "https://www.sec.gov/Archives/edgar/data/30697/000003069794000008/0000030697-94-000008-index.html",
        "finalLink": "https://www.sec.gov/Archives/edgar/data/30697/"
    },
    {
        "date": "1993-10-31",
        "symbol": "WEN",
        "reportedCurrency": "USD",
        "cik": "0000030697",
        "fillingDate": "1993-10-31",
        "acceptedDate": "1993-10-31 00:00:00",
        "calendarYear": "1993",
        "period": "Q3",
        "revenue": 243400000,
        "costOfRevenue": 169200000,
        "grossProfit": 74200000,
        "grossProfitRatio": 0.3048479869,
        "researchAndDevelopmentExpenses": 0,
        "generalAndAdministrativeExpenses": 0,
        "sellingAndMarketingExpenses": 0,
        "sellingGeneralAndAdministrativeExpenses": 72500000,
        "otherExpenses": 11800000,
        "operatingExpenses": 84300000,
        "costAndExpenses": 253500000,
        "interestIncome": 0,
        "interestExpense": 0,
        "depreciationAndAmortization": 11400000,
        "ebitda": 1700000,
        "ebitdaratio": 0.0069843878,
        "operatingIncome": -10100000,
        "operatingIncomeRatio": -0.0414954807,
        "totalOtherIncomeExpensesNet": -5000000,
        "incomeBeforeTax": -15100000,
        "incomeBeforeTaxRatio": -0.0620377979,
        "incomeTaxExpense": 4500000,
        "netIncome": -27800000,
        "netIncomeRatio": -0.1142152835,
        "eps": -1.31,
        "epsdiluted": -1.31,
        "weightedAverageShsOut": 21231884,
        "weightedAverageShsOutDil": 21231884,
        "link": null,
        "finalLink": null
    },
    {
        "date": "1993-07-31",
        "symbol": "WEN",
        "reportedCurrency": "USD",
        "cik": "0000030697",
        "fillingDate": "1993-07-31",
        "acceptedDate": "1993-07-31 00:00:00",
        "calendarYear": "1993",
        "period": "Q2",
        "revenue": 264100000,
        "costOfRevenue": 175700000,
        "grossProfit": 88400000,
        "grossProfitRatio": 0.3347216963,
        "researchAndDevelopmentExpenses": 0,
        "generalAndAdministrativeExpenses": 0,
        "sellingAndMarketingExpenses": 0,
        "sellingGeneralAndAdministrativeExpenses": 58000000,
        "otherExpenses": 12100000,
        "operatingExpenses": 70100000,
        "costAndExpenses": 245800000,
        "interestIncome": 0,
        "interestExpense": 0,
        "depreciationAndAmortization": 12100000,
        "ebitda": 30400000,
        "ebitdaratio": 0.1151079137,
        "operatingIncome": 18300000,
        "operatingIncomeRatio": 0.0692919349,
        "totalOtherIncomeExpensesNet": -16100000,
        "incomeBeforeTax": 2200000,
        "incomeBeforeTaxRatio": 0.008330178,
        "incomeTaxExpense": 1800000,
        "netIncome": 600000,
        "netIncomeRatio": 0.0022718667,
        "eps": -0.04,
        "epsdiluted": -0.04,
        "weightedAverageShsOut": 21302000,
        "weightedAverageShsOutDil": 21302000,
        "link": null,
        "finalLink": null
    },
    {
        "date": "1993-04-30",
        "symbol": "WEN",
        "reportedCurrency": "USD",
        "cik": "0000030697",
        "fillingDate": "1993-04-30",
        "acceptedDate": "1993-04-30 00:00:00",
        "calendarYear": "1993",
        "period": "Q1",
        "revenue": 99800000,
        "costOfRevenue": 0,
        "grossProfit": 0,
        "grossProfitRatio": 0,
        "researchAndDevelopmentExpenses": 0,
        "generalAndAdministrativeExpenses": 0,
        "sellingAndMarketingExpenses": 0,
        "sellingGeneralAndAdministrativeExpenses": 0,
        "otherExpenses": 99800000,
        "operatingExpenses": 99800000,
        "costAndExpenses": 99800000,
        "interestIncome": 0,
        "interestExpense": 0,
        "depreciationAndAmortization": 0,
        "ebitda": -924000000,
        "ebitdaratio": -9.2585170341,
        "operatingIncome": -924000000,
        "operatingIncomeRatio": -9.2585170341,
        "totalOtherIncomeExpensesNet": 0,
        "incomeBeforeTax": 0,
        "incomeBeforeTaxRatio": 0,
        "incomeTaxExpense": 0,
        "netIncome": -56600000,
        "netIncomeRatio": -0.5671342685,
        "eps": -2.66,
        "epsdiluted": -2.66,
        "weightedAverageShsOut": 21302000,
        "weightedAverageShsOutDil": 21302000,
        "link": null,
        "finalLink": null
    },
    {
        "date": "1993-01-31",
        "symbol": "WEN",
        "reportedCurrency": "USD",
        "cik": "0000030697",
        "fillingDate": "1993-01-31",
        "acceptedDate": "1993-01-31 00:00:00",
        "calendarYear": "1992",
        "period": "Q4",
        "revenue": 332500000,
        "costOfRevenue": 0,
        "grossProfit": 0,
        "grossProfitRatio": 0,
        "researchAndDevelopmentExpenses": 0,
        "generalAndAdministrativeExpenses": 0,
        "sellingAndMarketingExpenses": 0,
        "sellingGeneralAndAdministrativeExpenses": 0,
        "otherExpenses": 332500000,
        "operatingExpenses": 332500000,
        "costAndExpenses": 332500000,
        "interestIncome": 0,
        "interestExpense": 0,
        "depreciationAndAmortization": 0,
        "ebitda": 332500000,
        "ebitdaratio": 1,
        "operatingIncome": 332500000,
        "operatingIncomeRatio": 1,
        "totalOtherIncomeExpensesNet": 0,
        "incomeBeforeTax": 0,
        "incomeBeforeTaxRatio": 0,
        "incomeTaxExpense": 0,
        "netIncome": -900000,
        "netIncomeRatio": -0.0027067669,
        "eps": -0.04,
        "epsdiluted": -0.04,
        "weightedAverageShsOut": 22500000,
        "weightedAverageShsOutDil": 22500000,
        "link": null,
        "finalLink": null
    },
    {
        "date": "1992-10-31",
        "symbol": "WEN",
        "reportedCurrency": "USD",
        "cik": "0000030697",
        "fillingDate": "1992-10-31",
        "acceptedDate": "1992-10-31 00:00:00",
        "calendarYear": "1992",
        "period": "Q3",
        "revenue": 308500000,
        "costOfRevenue": 0,
        "grossProfit": 0,
        "grossProfitRatio": 0,
        "researchAndDevelopmentExpenses": 0,
        "generalAndAdministrativeExpenses": 0,
        "sellingAndMarketingExpenses": 0,
        "sellingGeneralAndAdministrativeExpenses": 0,
        "otherExpenses": 308500000,
        "operatingExpenses": 308500000,
        "costAndExpenses": 308500000,
        "interestIncome": 0,
        "interestExpense": 0,
        "depreciationAndAmortization": 0,
        "ebitda": 308500000,
        "ebitdaratio": 1,
        "operatingIncome": 308500000,
        "operatingIncomeRatio": 1,
        "totalOtherIncomeExpensesNet": 0,
        "incomeBeforeTax": 0,
        "incomeBeforeTaxRatio": 0,
        "incomeTaxExpense": 0,
        "netIncome": -1200000,
        "netIncomeRatio": -0.0038897893,
        "eps": -0.05,
        "epsdiluted": -0.05,
        "weightedAverageShsOut": 24000000,
        "weightedAverageShsOutDil": 24000000,
        "link": null,
        "finalLink": null
    },
    {
        "date": "1992-07-31",
        "symbol": "WEN",
        "reportedCurrency": "USD",
        "cik": "0000030697",
        "fillingDate": "1992-07-31",
        "acceptedDate": "1992-07-31 00:00:00",
        "calendarYear": "1992",
        "period": "Q2",
        "revenue": 317500000,
        "costOfRevenue": 0,
        "grossProfit": 0,
        "grossProfitRatio": 0,
        "researchAndDevelopmentExpenses": 0,
        "generalAndAdministrativeExpenses": 0,
        "sellingAndMarketingExpenses": 0,
        "sellingGeneralAndAdministrativeExpenses": 0,
        "otherExpenses": 317500000,
        "operatingExpenses": 317500000,
        "costAndExpenses": 317500000,
        "interestIncome": 0,
        "interestExpense": 0,
        "depreciationAndAmortization": 0,
        "ebitda": 317500000,
        "ebitdaratio": 1,
        "operatingIncome": 317500000,
        "operatingIncomeRatio": 1,
        "totalOtherIncomeExpensesNet": 0,
        "incomeBeforeTax": 0,
        "incomeBeforeTaxRatio": 0,
        "incomeTaxExpense": 0,
        "netIncome": -1200000,
        "netIncomeRatio": -0.0037795276,
        "eps": -0.04,
        "epsdiluted": -0.04,
        "weightedAverageShsOut": 30000000,
        "weightedAverageShsOutDil": 30000000,
        "link": null,
        "finalLink": null
    },
    {
        "date": "1992-04-30",
        "symbol": "WEN",
        "reportedCurrency": "USD",
        "cik": "0000030697",
        "fillingDate": "1992-04-30",
        "acceptedDate": "1992-04-30 00:00:00",
        "calendarYear": "1992",
        "period": "Q1",
        "revenue": 280300000,
        "costOfRevenue": 0,
        "grossProfit": 0,
        "grossProfitRatio": 0,
        "researchAndDevelopmentExpenses": 0,
        "generalAndAdministrativeExpenses": 0,
        "sellingAndMarketingExpenses": 0,
        "sellingGeneralAndAdministrativeExpenses": 0,
        "otherExpenses": 280300000,
        "operatingExpenses": 280300000,
        "costAndExpenses": 280300000,
        "interestIncome": 0,
        "interestExpense": 0,
        "depreciationAndAmortization": 0,
        "ebitda": -900400000,
        "ebitdaratio": -3.2122725651,
        "operatingIncome": -900400000,
        "operatingIncomeRatio": -3.2122725651,
        "totalOtherIncomeExpensesNet": 0,
        "incomeBeforeTax": 0,
        "incomeBeforeTaxRatio": 0,
        "incomeTaxExpense": 0,
        "netIncome": 1700000,
        "netIncomeRatio": 0.0060649304,
        "eps": 0.06,
        "epsdiluted": 0.06,
        "weightedAverageShsOut": 30000000,
        "weightedAverageShsOutDil": 30000000,
        "link": null,
        "finalLink": null
    },
    {
        "date": "1992-01-31",
        "symbol": "WEN",
        "reportedCurrency": "USD",
        "cik": "0000030697",
        "fillingDate": "1992-01-31",
        "acceptedDate": "1992-01-31 00:00:00",
        "calendarYear": "1991",
        "period": "Q4",
        "revenue": 338900000,
        "costOfRevenue": 0,
        "grossProfit": 0,
        "grossProfitRatio": 0,
        "researchAndDevelopmentExpenses": 0,
        "generalAndAdministrativeExpenses": 0,
        "sellingAndMarketingExpenses": 0,
        "sellingGeneralAndAdministrativeExpenses": 0,
        "otherExpenses": 338900000,
        "operatingExpenses": 338900000,
        "costAndExpenses": 338900000,
        "interestIncome": 0,
        "interestExpense": 0,
        "depreciationAndAmortization": 0,
        "ebitda": 338900000,
        "ebitdaratio": 1,
        "operatingIncome": 338900000,
        "operatingIncomeRatio": 1,
        "totalOtherIncomeExpensesNet": 0,
        "incomeBeforeTax": 0,
        "incomeBeforeTaxRatio": 0,
        "incomeTaxExpense": 0,
        "netIncome": -1400000,
        "netIncomeRatio": -0.0041310121,
        "eps": -0.05,
        "epsdiluted": -0.05,
        "weightedAverageShsOut": 25833333,
        "weightedAverageShsOutDil": 25833333,
        "link": null,
        "finalLink": null
    },
    {
        "date": "1991-10-31",
        "symbol": "WEN",
        "reportedCurrency": "USD",
        "cik": "0000030697",
        "fillingDate": "1991-10-31",
        "acceptedDate": "1991-10-31 00:00:00",
        "calendarYear": "1991",
        "period": "Q3",
        "revenue": 303100000,
        "costOfRevenue": 0,
        "grossProfit": 0,
        "grossProfitRatio": 0,
        "researchAndDevelopmentExpenses": 0,
        "generalAndAdministrativeExpenses": 0,
        "sellingAndMarketingExpenses": 0,
        "sellingGeneralAndAdministrativeExpenses": 0,
        "otherExpenses": 303100000,
        "operatingExpenses": 303100000,
        "costAndExpenses": 303100000,
        "interestIncome": 0,
        "interestExpense": 0,
        "depreciationAndAmortization": 0,
        "ebitda": 303100000,
        "ebitdaratio": 1,
        "operatingIncome": 303100000,
        "operatingIncomeRatio": 1,
        "totalOtherIncomeExpensesNet": 0,
        "incomeBeforeTax": 0,
        "incomeBeforeTaxRatio": 0,
        "incomeTaxExpense": 0,
        "netIncome": -4700000,
        "netIncomeRatio": -0.0155064335,
        "eps": -0.18,
        "epsdiluted": -0.18,
        "weightedAverageShsOut": 25833333,
        "weightedAverageShsOutDil": 25833333,
        "link": null,
        "finalLink": null
    },
    {
        "date": "1991-07-31",
        "symbol": "WEN",
        "reportedCurrency": "USD",
        "cik": "0000030697",
        "fillingDate": "1991-07-31",
        "acceptedDate": "1991-07-31 00:00:00",
        "calendarYear": "1991",
        "period": "Q2",
        "revenue": 302800000,
        "costOfRevenue": 221900000,
        "grossProfit": 80900000,
        "grossProfitRatio": 0.2671730515,
        "researchAndDevelopmentExpenses": 0,
        "generalAndAdministrativeExpenses": 0,
        "sellingAndMarketingExpenses": 0,
        "sellingGeneralAndAdministrativeExpenses": 50900000,
        "otherExpenses": 12500000,
        "operatingExpenses": 63400000,
        "costAndExpenses": 285300000,
        "interestIncome": 0,
        "interestExpense": 0,
        "depreciationAndAmortization": 12500000,
        "ebitda": 30000000,
        "ebitdaratio": 0.0990752972,
        "operatingIncome": 17500000,
        "operatingIncomeRatio": 0.0577939234,
        "totalOtherIncomeExpensesNet": -21000000,
        "incomeBeforeTax": -3500000,
        "incomeBeforeTaxRatio": -0.0115587847,
        "incomeTaxExpense": -400000,
        "netIncome": -3100000,
        "netIncomeRatio": -0.0102377807,
        "eps": -0.12,
        "epsdiluted": -0.12,
        "weightedAverageShsOut": 25833333,
        "weightedAverageShsOutDil": 25833333,
        "link": null,
        "finalLink": null
    },
    {
        "date": "1991-04-30",
        "symbol": "WEN",
        "reportedCurrency": "USD",
        "cik": "0000030697",
        "fillingDate": "1991-04-30",
        "acceptedDate": "1991-04-30 00:00:00",
        "calendarYear": "1991",
        "period": "Q1",
        "revenue": 297600000,
        "costOfRevenue": 0,
        "grossProfit": 0,
        "grossProfitRatio": 0,
        "researchAndDevelopmentExpenses": 0,
        "generalAndAdministrativeExpenses": 0,
        "sellingAndMarketingExpenses": 0,
        "sellingGeneralAndAdministrativeExpenses": 0,
        "otherExpenses": 297600000,
        "operatingExpenses": 297600000,
        "costAndExpenses": 297600000,
        "interestIncome": 0,
        "interestExpense": 0,
        "depreciationAndAmortization": 0,
        "ebitda": -869600000,
        "ebitdaratio": -2.9220430108,
        "operatingIncome": -869600000,
        "operatingIncomeRatio": -2.9220430108,
        "totalOtherIncomeExpensesNet": 0,
        "incomeBeforeTax": 0,
        "incomeBeforeTaxRatio": 0,
        "incomeTaxExpense": 0,
        "netIncome": -9900000,
        "netIncomeRatio": -0.033266129,
        "eps": -0.38,
        "epsdiluted": -0.38,
        "weightedAverageShsOut": 25529412,
        "weightedAverageShsOutDil": 25833333,
        "link": null,
        "finalLink": null
    },
    {
        "date": "1991-01-31",
        "symbol": "WEN",
        "reportedCurrency": "USD",
        "cik": "0000030697",
        "fillingDate": "1991-01-31",
        "acceptedDate": "1991-01-31 00:00:00",
        "calendarYear": "1990",
        "period": "Q4",
        "revenue": 308600000,
        "costOfRevenue": 238800000,
        "grossProfit": 69800000,
        "grossProfitRatio": 0.2261827609,
        "researchAndDevelopmentExpenses": 0,
        "generalAndAdministrativeExpenses": 0,
        "sellingAndMarketingExpenses": 0,
        "sellingGeneralAndAdministrativeExpenses": 0,
        "otherExpenses": 76900000,
        "operatingExpenses": 76900000,
        "costAndExpenses": 315700000,
        "interestIncome": 0,
        "interestExpense": 0,
        "depreciationAndAmortization": 0,
        "ebitda": 320100000,
        "ebitdaratio": 1.037265068,
        "operatingIncome": 320100000,
        "operatingIncomeRatio": 1.037265068,
        "totalOtherIncomeExpensesNet": 0,
        "incomeBeforeTax": 0,
        "incomeBeforeTaxRatio": 0,
        "incomeTaxExpense": 0,
        "netIncome": -5100000,
        "netIncomeRatio": -0.0165262476,
        "eps": -0.2,
        "epsdiluted": -0.2,
        "weightedAverageShsOut": 26000000,
        "weightedAverageShsOutDil": 26000000,
        "link": null,
        "finalLink": null
    },
    {
        "date": "1990-10-31",
        "symbol": "WEN",
        "reportedCurrency": "USD",
        "cik": "0000030697",
        "fillingDate": "1990-10-31",
        "acceptedDate": "1990-10-31 00:00:00",
        "calendarYear": "1990",
        "period": "Q3",
        "revenue": 300500000,
        "costOfRevenue": 222000000,
        "grossProfit": 78500000,
        "grossProfitRatio": 0.2612312812,
        "researchAndDevelopmentExpenses": 0,
        "generalAndAdministrativeExpenses": 0,
        "sellingAndMarketingExpenses": 0,
        "sellingGeneralAndAdministrativeExpenses": 49800000,
        "otherExpenses": 12100000,
        "operatingExpenses": 61900000,
        "costAndExpenses": 283900000,
        "interestIncome": 0,
        "interestExpense": 0,
        "depreciationAndAmortization": 12100000,
        "ebitda": 28700000,
        "ebitdaratio": 0.0955074875,
        "operatingIncome": 16600000,
        "operatingIncomeRatio": 0.0552412646,
        "totalOtherIncomeExpensesNet": -15500000,
        "incomeBeforeTax": 1100000,
        "incomeBeforeTaxRatio": 0.0036605657,
        "incomeTaxExpense": 1400000,
        "netIncome": -300000,
        "netIncomeRatio": -0.0009983361,
        "eps": -0.01,
        "epsdiluted": -0.01,
        "weightedAverageShsOut": 30000000,
        "weightedAverageShsOutDil": 30000000,
        "link": null,
        "finalLink": null
    },
    {
        "date": "1990-07-31",
        "symbol": "WEN",
        "reportedCurrency": "USD",
        "cik": "0000030697",
        "fillingDate": "1990-07-31",
        "acceptedDate": "1990-07-31 00:00:00",
        "calendarYear": "1990",
        "period": "Q2",
        "revenue": 297200000,
        "costOfRevenue": 218200000,
        "grossProfit": 79000000,
        "grossProfitRatio": 0.2658142665,
        "researchAndDevelopmentExpenses": 0,
        "generalAndAdministrativeExpenses": 0,
        "sellingAndMarketingExpenses": 0,
        "sellingGeneralAndAdministrativeExpenses": 51300000,
        "otherExpenses": 12000000,
        "operatingExpenses": 63300000,
        "costAndExpenses": 281500000,
        "interestIncome": 0,
        "interestExpense": 0,
        "depreciationAndAmortization": 12000000,
        "ebitda": 27700000,
        "ebitdaratio": 0.0932032301,
        "operatingIncome": 15700000,
        "operatingIncomeRatio": 0.0528263795,
        "totalOtherIncomeExpensesNet": -17200000,
        "incomeBeforeTax": -1500000,
        "incomeBeforeTaxRatio": -0.0050471063,
        "incomeTaxExpense": 800000,
        "netIncome": -2300000,
        "netIncomeRatio": -0.0077388964,
        "eps": -0.09,
        "epsdiluted": -0.09,
        "weightedAverageShsOut": 25555556,
        "weightedAverageShsOutDil": 25555556,
        "link": null,
        "finalLink": null
    },
    {
        "date": "1990-04-30",
        "symbol": "WEN",
        "reportedCurrency": "USD",
        "cik": "0000030697",
        "fillingDate": "1990-04-30",
        "acceptedDate": "1990-04-30 00:00:00",
        "calendarYear": "1990",
        "period": "Q1",
        "revenue": 309000000,
        "costOfRevenue": 242200000,
        "grossProfit": 66800000,
        "grossProfitRatio": 0.2161812298,
        "researchAndDevelopmentExpenses": 0,
        "generalAndAdministrativeExpenses": 0,
        "sellingAndMarketingExpenses": 0,
        "sellingGeneralAndAdministrativeExpenses": 33100000,
        "otherExpenses": 10800000,
        "operatingExpenses": 43900000,
        "costAndExpenses": 286100000,
        "interestIncome": 0,
        "interestExpense": 0,
        "depreciationAndAmortization": 10800000,
        "ebitda": 33700000,
        "ebitdaratio": 0.1090614887,
        "operatingIncome": 22900000,
        "operatingIncomeRatio": 0.0741100324,
        "totalOtherIncomeExpensesNet": -43400000,
        "incomeBeforeTax": -20500000,
        "incomeBeforeTaxRatio": -0.0663430421,
        "incomeTaxExpense": -6000000,
        "netIncome": -14500000,
        "netIncomeRatio": -0.0469255663,
        "eps": -0.57,
        "epsdiluted": -0.57,
        "weightedAverageShsOut": 25555556,
        "weightedAverageShsOutDil": 25555556,
        "link": null,
        "finalLink": null
    },
    {
        "date": "1990-01-31",
        "symbol": "WEN",
        "reportedCurrency": "USD",
        "cik": "0000030697",
        "fillingDate": "1990-01-31",
        "acceptedDate": "1990-01-31 00:00:00",
        "calendarYear": "1989",
        "period": "Q4",
        "revenue": 324000000,
        "costOfRevenue": 233300000,
        "grossProfit": 90700000,
        "grossProfitRatio": 0.2799382716,
        "researchAndDevelopmentExpenses": 0,
        "generalAndAdministrativeExpenses": 0,
        "sellingAndMarketingExpenses": 0,
        "sellingGeneralAndAdministrativeExpenses": 52100000,
        "otherExpenses": 12200000,
        "operatingExpenses": 64300000,
        "costAndExpenses": 297600000,
        "interestIncome": 0,
        "interestExpense": 0,
        "depreciationAndAmortization": 12200000,
        "ebitda": 38600000,
        "ebitdaratio": 0.1191358025,
        "operatingIncome": 26400000,
        "operatingIncomeRatio": 0.0814814815,
        "totalOtherIncomeExpensesNet": -16300000,
        "incomeBeforeTax": 10100000,
        "incomeBeforeTaxRatio": 0.0311728395,
        "incomeTaxExpense": 4400000,
        "netIncome": 5700000,
        "netIncomeRatio": 0.0175925926,
        "eps": 0.22,
        "epsdiluted": 0.22,
        "weightedAverageShsOut": 25909091,
        "weightedAverageShsOutDil": 25909091,
        "link": null,
        "finalLink": null
    },
    {
        "date": "1989-10-31",
        "symbol": "WEN",
        "reportedCurrency": "USD",
        "cik": "0000030697",
        "fillingDate": "1989-10-31",
        "acceptedDate": "1989-10-31 00:00:00",
        "calendarYear": "1989",
        "period": "Q3",
        "revenue": 295800000,
        "costOfRevenue": 0,
        "grossProfit": 0,
        "grossProfitRatio": 0,
        "researchAndDevelopmentExpenses": 0,
        "generalAndAdministrativeExpenses": 0,
        "sellingAndMarketingExpenses": 0,
        "sellingGeneralAndAdministrativeExpenses": 0,
        "otherExpenses": 295800000,
        "operatingExpenses": 295800000,
        "costAndExpenses": 295800000,
        "interestIncome": 0,
        "interestExpense": 0,
        "depreciationAndAmortization": 0,
        "ebitda": 295800000,
        "ebitdaratio": 1,
        "operatingIncome": 295800000,
        "operatingIncomeRatio": 1,
        "totalOtherIncomeExpensesNet": 0,
        "incomeBeforeTax": 0,
        "incomeBeforeTaxRatio": 0,
        "incomeTaxExpense": 0,
        "netIncome": -800000,
        "netIncomeRatio": -0.0027045301,
        "eps": -0.03,
        "epsdiluted": -0.03,
        "weightedAverageShsOut": 25791000,
        "weightedAverageShsOutDil": 25791000,
        "link": null,
        "finalLink": null
    },
    {
        "date": "1989-07-31",
        "symbol": "WEN",
        "reportedCurrency": "USD",
        "cik": "0000030697",
        "fillingDate": "1989-07-31",
        "acceptedDate": "1989-07-31 00:00:00",
        "calendarYear": "1989",
        "period": "Q2",
        "revenue": 302400000,
        "costOfRevenue": 0,
        "grossProfit": 0,
        "grossProfitRatio": 0,
        "researchAndDevelopmentExpenses": 0,
        "generalAndAdministrativeExpenses": 0,
        "sellingAndMarketingExpenses": 0,
        "sellingGeneralAndAdministrativeExpenses": 0,
        "otherExpenses": 302400000,
        "operatingExpenses": 302400000,
        "costAndExpenses": 302400000,
        "interestIncome": 0,
        "interestExpense": 0,
        "depreciationAndAmortization": 0,
        "ebitda": 302400000,
        "ebitdaratio": 1,
        "operatingIncome": 302400000,
        "operatingIncomeRatio": 1,
        "totalOtherIncomeExpensesNet": 0,
        "incomeBeforeTax": 0,
        "incomeBeforeTaxRatio": 0,
        "incomeTaxExpense": 0,
        "netIncome": -3300000,
        "netIncomeRatio": -0.0109126984,
        "eps": -0.2,
        "epsdiluted": -0.2,
        "weightedAverageShsOut": 16464000,
        "weightedAverageShsOutDil": 16464000,
        "link": null,
        "finalLink": null
    },
    {
        "date": "1989-04-30",
        "symbol": "WEN",
        "reportedCurrency": "USD",
        "cik": "0000030697",
        "fillingDate": "1989-04-30",
        "acceptedDate": "1989-04-30 00:00:00",
        "calendarYear": "1989",
        "period": "Q1",
        "revenue": 299200000,
        "costOfRevenue": 0,
        "grossProfit": 0,
        "grossProfitRatio": 0,
        "researchAndDevelopmentExpenses": 0,
        "generalAndAdministrativeExpenses": 0,
        "sellingAndMarketingExpenses": 0,
        "sellingGeneralAndAdministrativeExpenses": 0,
        "otherExpenses": 299200000,
        "operatingExpenses": 299200000,
        "costAndExpenses": 299200000,
        "interestIncome": 0,
        "interestExpense": 0,
        "depreciationAndAmortization": 0,
        "ebitda": -811000000,
        "ebitdaratio": -2.7105614973,
        "operatingIncome": -811000000,
        "operatingIncomeRatio": -2.7105614973,
        "totalOtherIncomeExpensesNet": 0,
        "incomeBeforeTax": 0,
        "incomeBeforeTaxRatio": 0,
        "incomeTaxExpense": 0,
        "netIncome": -8200000,
        "netIncomeRatio": -0.0274064171,
        "eps": -0.4980563654,
        "epsdiluted": -0.4980563654,
        "weightedAverageShsOut": 16464000,
        "weightedAverageShsOutDil": 16464000,
        "link": null,
        "finalLink": null
    },
    {
        "date": "1989-01-31",
        "symbol": "WEN",
        "reportedCurrency": "USD",
        "cik": "0000030697",
        "fillingDate": "1989-01-31",
        "acceptedDate": "1989-01-31 00:00:00",
        "calendarYear": "1988",
        "period": "Q4",
        "revenue": 306800000,
        "costOfRevenue": 0,
        "grossProfit": 0,
        "grossProfitRatio": 0,
        "researchAndDevelopmentExpenses": 0,
        "generalAndAdministrativeExpenses": 0,
        "sellingAndMarketingExpenses": 0,
        "sellingGeneralAndAdministrativeExpenses": 0,
        "otherExpenses": 306800000,
        "operatingExpenses": 306800000,
        "costAndExpenses": 306800000,
        "interestIncome": 0,
        "interestExpense": 0,
        "depreciationAndAmortization": 0,
        "ebitda": 306800000,
        "ebitdaratio": 1,
        "operatingIncome": 306800000,
        "operatingIncomeRatio": 1,
        "totalOtherIncomeExpensesNet": 0,
        "incomeBeforeTax": 0,
        "incomeBeforeTaxRatio": 0,
        "incomeTaxExpense": 0,
        "netIncome": -100000,
        "netIncomeRatio": -0.0003259452,
        "eps": -0.0060797665,
        "epsdiluted": -0.0060797665,
        "weightedAverageShsOut": 16448000,
        "weightedAverageShsOutDil": 16448000,
        "link": null,
        "finalLink": null
    },
    {
        "date": "1988-10-31",
        "symbol": "WEN",
        "reportedCurrency": "USD",
        "cik": "0000030697",
        "fillingDate": "1988-10-31",
        "acceptedDate": "1988-10-31 00:00:00",
        "calendarYear": "1988",
        "period": "Q3",
        "revenue": 282600000,
        "costOfRevenue": 0,
        "grossProfit": 0,
        "grossProfitRatio": 0,
        "researchAndDevelopmentExpenses": 0,
        "generalAndAdministrativeExpenses": 0,
        "sellingAndMarketingExpenses": 0,
        "sellingGeneralAndAdministrativeExpenses": 0,
        "otherExpenses": 282600000,
        "operatingExpenses": 282600000,
        "costAndExpenses": 282600000,
        "interestIncome": 0,
        "interestExpense": 0,
        "depreciationAndAmortization": 0,
        "ebitda": 282600000,
        "ebitdaratio": 1,
        "operatingIncome": 282600000,
        "operatingIncomeRatio": 1,
        "totalOtherIncomeExpensesNet": 0,
        "incomeBeforeTax": 0,
        "incomeBeforeTaxRatio": 0,
        "incomeTaxExpense": 0,
        "netIncome": -600000,
        "netIncomeRatio": -0.0021231423,
        "eps": -0.03,
        "epsdiluted": -0.03,
        "weightedAverageShsOut": 17358000,
        "weightedAverageShsOutDil": 17358000,
        "link": null,
        "finalLink": null
    },
    {
        "date": "1988-07-31",
        "symbol": "WEN",
        "reportedCurrency": "USD",
        "cik": "0000030697",
        "fillingDate": "1988-07-31",
        "acceptedDate": "1988-07-31 00:00:00",
        "calendarYear": "1988",
        "period": "Q2",
        "revenue": 286500000,
        "costOfRevenue": 0,
        "grossProfit": 0,
        "grossProfitRatio": 0,
        "researchAndDevelopmentExpenses": 0,
        "generalAndAdministrativeExpenses": 0,
        "sellingAndMarketingExpenses": 0,
        "sellingGeneralAndAdministrativeExpenses": 0,
        "otherExpenses": 286500000,
        "operatingExpenses": 286500000,
        "costAndExpenses": 286500000,
        "interestIncome": 0,
        "interestExpense": 0,
        "depreciationAndAmortization": 0,
        "ebitda": 286500000,
        "ebitdaratio": 1,
        "operatingIncome": 286500000,
        "operatingIncomeRatio": 1,
        "totalOtherIncomeExpensesNet": 0,
        "incomeBeforeTax": 0,
        "incomeBeforeTaxRatio": 0,
        "incomeTaxExpense": 0,
        "netIncome": 6300000,
        "netIncomeRatio": 0.0219895288,
        "eps": 0.28,
        "epsdiluted": 0.2,
        "weightedAverageShsOut": 21541000,
        "weightedAverageShsOutDil": 21541000,
        "link": null,
        "finalLink": null
    },
    {
        "date": "1988-04-30",
        "symbol": "WEN",
        "reportedCurrency": "USD",
        "cik": "0000030697",
        "fillingDate": "1988-04-30",
        "acceptedDate": "1988-04-30 00:00:00",
        "calendarYear": "1988",
        "period": "Q1",
        "revenue": 267100000,
        "costOfRevenue": 0,
        "grossProfit": 0,
        "grossProfitRatio": 0,
        "researchAndDevelopmentExpenses": 0,
        "generalAndAdministrativeExpenses": 0,
        "sellingAndMarketingExpenses": 0,
        "sellingGeneralAndAdministrativeExpenses": 0,
        "otherExpenses": 267100000,
        "operatingExpenses": 267100000,
        "costAndExpenses": 267100000,
        "interestIncome": 0,
        "interestExpense": 0,
        "depreciationAndAmortization": 0,
        "ebitda": -739900000,
        "ebitdaratio": -2.7701235492,
        "operatingIncome": -739900000,
        "operatingIncomeRatio": -2.7701235492,
        "totalOtherIncomeExpensesNet": 0,
        "incomeBeforeTax": 0,
        "incomeBeforeTaxRatio": 0,
        "incomeTaxExpense": 0,
        "netIncome": 0,
        "netIncomeRatio": 0,
        "eps": 0,
        "epsdiluted": 0,
        "weightedAverageShsOut": 21541000,
        "weightedAverageShsOutDil": 21541000,
        "link": null,
        "finalLink": null
    },
    {
        "date": "1988-01-31",
        "symbol": "WEN",
        "reportedCurrency": "USD",
        "cik": "0000030697",
        "fillingDate": "1988-01-31",
        "acceptedDate": "1988-01-31 00:00:00",
        "calendarYear": "1987",
        "period": "Q4",
        "revenue": 291500000,
        "costOfRevenue": 0,
        "grossProfit": 0,
        "grossProfitRatio": 0,
        "researchAndDevelopmentExpenses": 0,
        "generalAndAdministrativeExpenses": 0,
        "sellingAndMarketingExpenses": 0,
        "sellingGeneralAndAdministrativeExpenses": 0,
        "otherExpenses": 291500000,
        "operatingExpenses": 291500000,
        "costAndExpenses": 291500000,
        "interestIncome": 0,
        "interestExpense": 0,
        "depreciationAndAmortization": 0,
        "ebitda": 291500000,
        "ebitdaratio": 1,
        "operatingIncome": 291500000,
        "operatingIncomeRatio": 1,
        "totalOtherIncomeExpensesNet": 0,
        "incomeBeforeTax": 0,
        "incomeBeforeTaxRatio": 0,
        "incomeTaxExpense": 0,
        "netIncome": 0,
        "netIncomeRatio": 0,
        "eps": 0.26,
        "epsdiluted": 0.19,
        "weightedAverageShsOut": 17290000,
        "weightedAverageShsOutDil": 17290000,
        "link": null,
        "finalLink": null
    },
    {
        "date": "1987-10-31",
        "symbol": "WEN",
        "reportedCurrency": "USD",
        "cik": "0000030697",
        "fillingDate": "1987-10-31",
        "acceptedDate": "1987-10-31 00:00:00",
        "calendarYear": "1987",
        "period": "Q3",
        "revenue": 301300000,
        "costOfRevenue": 0,
        "grossProfit": 0,
        "grossProfitRatio": 0,
        "researchAndDevelopmentExpenses": 0,
        "generalAndAdministrativeExpenses": 0,
        "sellingAndMarketingExpenses": 0,
        "sellingGeneralAndAdministrativeExpenses": 0,
        "otherExpenses": 301300000,
        "operatingExpenses": 301300000,
        "costAndExpenses": 301300000,
        "interestIncome": 0,
        "interestExpense": 0,
        "depreciationAndAmortization": 0,
        "ebitda": 301300000,
        "ebitdaratio": 1,
        "operatingIncome": 301300000,
        "operatingIncomeRatio": 1,
        "totalOtherIncomeExpensesNet": 0,
        "incomeBeforeTax": 0,
        "incomeBeforeTaxRatio": 0,
        "incomeTaxExpense": 0,
        "netIncome": 3100000,
        "netIncomeRatio": 0.0102887488,
        "eps": 0.13,
        "epsdiluted": 0.1,
        "weightedAverageShsOut": 17287000,
        "weightedAverageShsOutDil": 17287000,
        "link": null,
        "finalLink": null
    },
    {
        "date": "1987-07-31",
        "symbol": "WEN",
        "reportedCurrency": "USD",
        "cik": "0000030697",
        "fillingDate": "1987-07-31",
        "acceptedDate": "1987-07-31 00:00:00",
        "calendarYear": "1987",
        "period": "Q2",
        "revenue": 284600000,
        "costOfRevenue": 0,
        "grossProfit": 0,
        "grossProfitRatio": 0,
        "researchAndDevelopmentExpenses": 0,
        "generalAndAdministrativeExpenses": 0,
        "sellingAndMarketingExpenses": 0,
        "sellingGeneralAndAdministrativeExpenses": 0,
        "otherExpenses": 284600000,
        "operatingExpenses": 284600000,
        "costAndExpenses": 284600000,
        "interestIncome": 0,
        "interestExpense": 0,
        "depreciationAndAmortization": 0,
        "ebitda": 284600000,
        "ebitdaratio": 1,
        "operatingIncome": 284600000,
        "operatingIncomeRatio": 1,
        "totalOtherIncomeExpensesNet": 0,
        "incomeBeforeTax": 0,
        "incomeBeforeTaxRatio": 0,
        "incomeTaxExpense": 0,
        "netIncome": 5600000,
        "netIncomeRatio": 0.0196767393,
        "eps": 0.24,
        "epsdiluted": 0.17,
        "weightedAverageShsOut": 17096000,
        "weightedAverageShsOutDil": 17096000,
        "link": null,
        "finalLink": null
    },
    {
        "date": "1987-04-30",
        "symbol": "WEN",
        "reportedCurrency": "USD",
        "cik": "0000030697",
        "fillingDate": "1987-04-30",
        "acceptedDate": "1987-04-30 00:00:00",
        "calendarYear": "1987",
        "period": "Q1",
        "revenue": 350600000,
        "costOfRevenue": 0,
        "grossProfit": 0,
        "grossProfitRatio": 0,
        "researchAndDevelopmentExpenses": 0,
        "generalAndAdministrativeExpenses": 0,
        "sellingAndMarketingExpenses": 0,
        "sellingGeneralAndAdministrativeExpenses": 0,
        "otherExpenses": 350600000,
        "operatingExpenses": 350600000,
        "costAndExpenses": 350600000,
        "interestIncome": 0,
        "interestExpense": 0,
        "depreciationAndAmortization": 0,
        "ebitda": -729500000,
        "ebitdaratio": -2.0807187678,
        "operatingIncome": -729500000,
        "operatingIncomeRatio": -2.0807187678,
        "totalOtherIncomeExpensesNet": 0,
        "incomeBeforeTax": 0,
        "incomeBeforeTaxRatio": 0,
        "incomeTaxExpense": 0,
        "netIncome": 0,
        "netIncomeRatio": 0,
        "eps": 0,
        "epsdiluted": 0,
        "weightedAverageShsOut": 17096000,
        "weightedAverageShsOutDil": 17096000,
        "link": null,
        "finalLink": null
    },
    {
        "date": "1987-01-31",
        "symbol": "WEN",
        "reportedCurrency": "USD",
        "cik": "0000030697",
        "fillingDate": "1987-01-31",
        "acceptedDate": "1987-01-31 00:00:00",
        "calendarYear": "1986",
        "period": "Q4",
        "revenue": 269500000,
        "costOfRevenue": 0,
        "grossProfit": 0,
        "grossProfitRatio": 0,
        "researchAndDevelopmentExpenses": 0,
        "generalAndAdministrativeExpenses": 0,
        "sellingAndMarketingExpenses": 0,
        "sellingGeneralAndAdministrativeExpenses": 0,
        "otherExpenses": 269500000,
        "operatingExpenses": 269500000,
        "costAndExpenses": 269500000,
        "interestIncome": 0,
        "interestExpense": 0,
        "depreciationAndAmortization": 0,
        "ebitda": 269500000,
        "ebitdaratio": 1,
        "operatingIncome": 269500000,
        "operatingIncomeRatio": 1,
        "totalOtherIncomeExpensesNet": 0,
        "incomeBeforeTax": 0,
        "incomeBeforeTaxRatio": 0,
        "incomeTaxExpense": 0,
        "netIncome": 0,
        "netIncomeRatio": 0,
        "eps": 0.17,
        "epsdiluted": 0.12,
        "weightedAverageShsOut": 16930000,
        "weightedAverageShsOutDil": 16930000,
        "link": null,
        "finalLink": null
    },
    {
        "date": "1986-10-31",
        "symbol": "WEN",
        "reportedCurrency": "USD",
        "cik": "0000030697",
        "fillingDate": "1986-10-31",
        "acceptedDate": "1986-10-31 00:00:00",
        "calendarYear": "1986",
        "period": "Q3",
        "revenue": 287200000,
        "costOfRevenue": 0,
        "grossProfit": 0,
        "grossProfitRatio": 0,
        "researchAndDevelopmentExpenses": 0,
        "generalAndAdministrativeExpenses": 0,
        "sellingAndMarketingExpenses": 0,
        "sellingGeneralAndAdministrativeExpenses": 0,
        "otherExpenses": 287200000,
        "operatingExpenses": 287200000,
        "costAndExpenses": 287200000,
        "interestIncome": 0,
        "interestExpense": 0,
        "depreciationAndAmortization": 0,
        "ebitda": 287200000,
        "ebitdaratio": 1,
        "operatingIncome": 287200000,
        "operatingIncomeRatio": 1,
        "totalOtherIncomeExpensesNet": 0,
        "incomeBeforeTax": 0,
        "incomeBeforeTaxRatio": 0,
        "incomeTaxExpense": 0,
        "netIncome": 0,
        "netIncomeRatio": 0,
        "eps": 0.05,
        "epsdiluted": 0.04,
        "weightedAverageShsOut": 16892000,
        "weightedAverageShsOutDil": 16892000,
        "link": null,
        "finalLink": null
    },
    {
        "date": "1986-07-31",
        "symbol": "WEN",
        "reportedCurrency": "USD",
        "cik": "0000030697",
        "fillingDate": "1986-07-31",
        "acceptedDate": "1986-07-31 00:00:00",
        "calendarYear": "1986",
        "period": "Q2",
        "revenue": 276100000,
        "costOfRevenue": 0,
        "grossProfit": 0,
        "grossProfitRatio": 0,
        "researchAndDevelopmentExpenses": 0,
        "generalAndAdministrativeExpenses": 0,
        "sellingAndMarketingExpenses": 0,
        "sellingGeneralAndAdministrativeExpenses": 0,
        "otherExpenses": 276100000,
        "operatingExpenses": 276100000,
        "costAndExpenses": 276100000,
        "interestIncome": 0,
        "interestExpense": 0,
        "depreciationAndAmortization": 0,
        "ebitda": 276100000,
        "ebitdaratio": 1,
        "operatingIncome": 276100000,
        "operatingIncomeRatio": 1,
        "totalOtherIncomeExpensesNet": 0,
        "incomeBeforeTax": 0,
        "incomeBeforeTaxRatio": 0,
        "incomeTaxExpense": 0,
        "netIncome": 0,
        "netIncomeRatio": 0,
        "eps": -0.16,
        "epsdiluted": -0.16,
        "weightedAverageShsOut": 16904000,
        "weightedAverageShsOutDil": 16904000,
        "link": null,
        "finalLink": null
    },
    {
        "date": "1986-04-30",
        "symbol": "WEN",
        "reportedCurrency": "USD",
        "cik": "0000030697",
        "fillingDate": "1986-04-30",
        "acceptedDate": "1986-04-30 00:00:00",
        "calendarYear": "1986",
        "period": "Q1",
        "revenue": 276800000,
        "costOfRevenue": 0,
        "grossProfit": 0,
        "grossProfitRatio": 0,
        "researchAndDevelopmentExpenses": 0,
        "generalAndAdministrativeExpenses": 0,
        "sellingAndMarketingExpenses": 0,
        "sellingGeneralAndAdministrativeExpenses": 0,
        "otherExpenses": 276800000,
        "operatingExpenses": 276800000,
        "costAndExpenses": 276800000,
        "interestIncome": 0,
        "interestExpense": 0,
        "depreciationAndAmortization": 0,
        "ebitda": -770200000,
        "ebitdaratio": -2.7825144509,
        "operatingIncome": -770200000,
        "operatingIncomeRatio": -2.7825144509,
        "totalOtherIncomeExpensesNet": 0,
        "incomeBeforeTax": 0,
        "incomeBeforeTaxRatio": 0,
        "incomeTaxExpense": 0,
        "netIncome": 0,
        "netIncomeRatio": 0,
        "eps": 0,
        "epsdiluted": 0,
        "weightedAverageShsOut": 16890000,
        "weightedAverageShsOutDil": 16904000,
        "link": null,
        "finalLink": null
    },
    {
        "date": "1986-01-31",
        "symbol": "WEN",
        "reportedCurrency": "USD",
        "cik": "0000030697",
        "fillingDate": "1986-01-31",
        "acceptedDate": "1986-01-31 00:00:00",
        "calendarYear": "1985",
        "period": "Q4",
        "revenue": 286500000,
        "costOfRevenue": 0,
        "grossProfit": 0,
        "grossProfitRatio": 0,
        "researchAndDevelopmentExpenses": 0,
        "generalAndAdministrativeExpenses": 0,
        "sellingAndMarketingExpenses": 0,
        "sellingGeneralAndAdministrativeExpenses": 0,
        "otherExpenses": 286500000,
        "operatingExpenses": 286500000,
        "costAndExpenses": 286500000,
        "interestIncome": 0,
        "interestExpense": 0,
        "depreciationAndAmortization": 0,
        "ebitda": 286500000,
        "ebitdaratio": 1,
        "operatingIncome": 286500000,
        "operatingIncomeRatio": 1,
        "totalOtherIncomeExpensesNet": 0,
        "incomeBeforeTax": 0,
        "incomeBeforeTaxRatio": 0,
        "incomeTaxExpense": 0,
        "netIncome": 0,
        "netIncomeRatio": 0,
        "eps": 0.14,
        "epsdiluted": 0.1,
        "weightedAverageShsOut": 16903000,
        "weightedAverageShsOutDil": 16903000,
        "link": null,
        "finalLink": null
    },
    {
        "date": "1985-10-31",
        "symbol": "WEN",
        "reportedCurrency": "USD",
        "cik": "0000030697",
        "fillingDate": "1985-10-31",
        "acceptedDate": "1985-10-31 00:00:00",
        "calendarYear": "1985",
        "period": "Q3",
        "revenue": 266400000,
        "costOfRevenue": 0,
        "grossProfit": 0,
        "grossProfitRatio": 0,
        "researchAndDevelopmentExpenses": 0,
        "generalAndAdministrativeExpenses": 0,
        "sellingAndMarketingExpenses": 0,
        "sellingGeneralAndAdministrativeExpenses": 0,
        "otherExpenses": 266400000,
        "operatingExpenses": 266400000,
        "costAndExpenses": 266400000,
        "interestIncome": 0,
        "interestExpense": 0,
        "depreciationAndAmortization": 0,
        "ebitda": 266400000,
        "ebitdaratio": 1,
        "operatingIncome": 266400000,
        "operatingIncomeRatio": 1,
        "totalOtherIncomeExpensesNet": 0,
        "incomeBeforeTax": 0,
        "incomeBeforeTaxRatio": 0,
        "incomeTaxExpense": 0,
        "netIncome": 0,
        "netIncomeRatio": 0,
        "eps": -0.14,
        "epsdiluted": -0.14,
        "weightedAverageShsOut": 16846000,
        "weightedAverageShsOutDil": 16846000,
        "link": null,
        "finalLink": null
    }
]