[
    {
        "date": "2017-09-24",
        "symbol": "WFM",
        "reportedCurrency": "USD",
        "cik": "0000865436",
        "fillingDate": "2017-11-17",
        "acceptedDate": "2017-11-17 13:16:49",
        "calendarYear": "2017",
        "period": "Q3",
        "revenue": 3649000000,
        "costOfRevenue": 2444000000,
        "grossProfit": 1205000000,
        "grossProfitRatio": 0.3302274596,
        "researchAndDevelopmentExpenses": 0,
        "generalAndAdministrativeExpenses": 1081000000,
        "sellingAndMarketingExpenses": 0,
        "sellingGeneralAndAdministrativeExpenses": 1081000000,
        "otherExpenses": 0,
        "operatingExpenses": 1081000000,
        "costAndExpenses": 3525000000,
        "interestIncome": 0,
        "interestExpense": 12000000,
        "depreciationAndAmortization": 77000000,
        "ebitda": 580000000,
        "ebitdaratio": 0.1589476569,
        "operatingIncome": 491000000,
        "operatingIncomeRatio": 0.134557413,
        "totalOtherIncomeExpensesNet": 0,
        "incomeBeforeTax": 491000000,
        "incomeBeforeTaxRatio": 0.134557413,
        "incomeTaxExpense": -16000000,
        "netIncome": 507000000,
        "netIncomeRatio": 0.1389421759,
        "eps": 1.59,
        "epsdiluted": 1.59,
        "weightedAverageShsOut": 319000000,
        "weightedAverageShsOutDil": 319000000,
        "link": "https://www.sec.gov/Archives/edgar/data/865436/000086543617000238/0000865436-17-000238-index.htm",
        "finalLink": "https://www.sec.gov/Archives/edgar/data/865436/000086543617000238/wfm10k2017.htm"
    },
    {
        "date": "2017-07-02",
        "symbol": "WFM",
        "reportedCurrency": "USD",
        "cik": "0000865436",
        "fillingDate": "2017-08-04",
        "acceptedDate": "2017-08-04 13:04:29",
        "calendarYear": "2017",
        "period": "Q2",
        "revenue": 3725000000,
        "costOfRevenue": 2457000000,
        "grossProfit": 1268000000,
        "grossProfitRatio": 0.3404026846,
        "researchAndDevelopmentExpenses": 0,
        "generalAndAdministrativeExpenses": 1072000000,
        "sellingAndMarketingExpenses": 0,
        "sellingGeneralAndAdministrativeExpenses": 1072000000,
        "otherExpenses": 0,
        "operatingExpenses": 1072000000,
        "costAndExpenses": 3529000000,
        "interestIncome": 0,
        "interestExpense": 11000000,
        "depreciationAndAmortization": 112000000,
        "ebitda": 297000000,
        "ebitdaratio": 0.0797315436,
        "operatingIncome": 180000000,
        "operatingIncomeRatio": 0.0483221477,
        "totalOtherIncomeExpensesNet": -6000000,
        "incomeBeforeTax": 174000000,
        "incomeBeforeTaxRatio": 0.0467114094,
        "incomeTaxExpense": 68000000,
        "netIncome": 106000000,
        "netIncomeRatio": 0.0284563758,
        "eps": 0.33,
        "epsdiluted": 0.33,
        "weightedAverageShsOut": 319700000,
        "weightedAverageShsOutDil": 320200000,
        "link": "https://www.sec.gov/Archives/edgar/data/865436/000086543617000171/0000865436-17-000171-index.htm",
        "finalLink": "https://www.sec.gov/Archives/edgar/data/865436/000086543617000171/wfm10qq32017.htm"
    },
    {
        "date": "2017-04-09",
        "symbol": "WFM",
        "reportedCurrency": "USD",
        "cik": "0000865436",
        "fillingDate": "2017-05-19",
        "acceptedDate": "2017-05-19 10:44:58",
        "calendarYear": "2017",
        "period": "Q1",
        "revenue": 8656000000,
        "costOfRevenue": 5732000000,
        "grossProfit": 2924000000,
        "grossProfitRatio": 0.3378003697,
        "researchAndDevelopmentExpenses": 0,
        "generalAndAdministrativeExpenses": 2474000000,
        "sellingAndMarketingExpenses": 0,
        "sellingGeneralAndAdministrativeExpenses": 2474000000,
        "otherExpenses": 0,
        "operatingExpenses": 2474000000,
        "costAndExpenses": 8206000000,
        "interestIncome": 0,
        "interestExpense": 26000000,
        "depreciationAndAmortization": 304000000,
        "ebitda": 648000000,
        "ebitdaratio": 0.0748613678,
        "operatingIncome": 343000000,
        "operatingIncomeRatio": 0.0396256932,
        "totalOtherIncomeExpensesNet": -25000000,
        "incomeBeforeTax": 318000000,
        "incomeBeforeTaxRatio": 0.0367375231,
        "incomeTaxExpense": 124000000,
        "netIncome": 194000000,
        "netIncomeRatio": 0.0224121996,
        "eps": 0.61,
        "epsdiluted": 0.61,
        "weightedAverageShsOut": 318300000,
        "weightedAverageShsOutDil": 318700000,
        "link": "https://www.sec.gov/Archives/edgar/data/865436/000086543617000100/0000865436-17-000100-index.htm",
        "finalLink": "https://www.sec.gov/Archives/edgar/data/865436/000086543617000100/wfm10qq22017.htm"
    },
    {
        "date": "2017-01-15",
        "symbol": "WFM",
        "reportedCurrency": "USD",
        "cik": "0000865436",
        "fillingDate": "2017-02-16",
        "acceptedDate": "2017-02-16 16:46:12",
        "calendarYear": "2016",
        "period": "Q4",
        "revenue": 4918000000,
        "costOfRevenue": 3268000000,
        "grossProfit": 1650000000,
        "grossProfitRatio": 0.3355022367,
        "researchAndDevelopmentExpenses": 0,
        "generalAndAdministrativeExpenses": 1417000000,
        "sellingAndMarketingExpenses": 0,
        "sellingGeneralAndAdministrativeExpenses": 1417000000,
        "otherExpenses": 0,
        "operatingExpenses": 1417000000,
        "costAndExpenses": 4685000000,
        "interestIncome": 0,
        "interestExpense": 0,
        "depreciationAndAmortization": -309000000,
        "ebitda": -153000000,
        "ebitdaratio": -0.0311102074,
        "operatingIncome": 171000000,
        "operatingIncomeRatio": 0.0347702318,
        "totalOtherIncomeExpensesNet": -15000000,
        "incomeBeforeTax": 156000000,
        "incomeBeforeTaxRatio": 0.0317202115,
        "incomeTaxExpense": 61000000,
        "netIncome": 95000000,
        "netIncomeRatio": 0.0193167954,
        "eps": 0.3,
        "epsdiluted": 0.3,
        "weightedAverageShsOut": 318300000,
        "weightedAverageShsOutDil": 318700000,
        "link": "https://www.sec.gov/Archives/edgar/data/865436/000086543617000049/0000865436-17-000049-index.htm",
        "finalLink": "https://www.sec.gov/Archives/edgar/data/865436/000086543617000049/wfm10qq12017.htm"
    },
    {
        "date": "2016-09-25",
        "symbol": "WFM",
        "reportedCurrency": "USD",
        "cik": "0000865436",
        "fillingDate": "2016-11-18",
        "acceptedDate": "2016-11-18 10:05:09",
        "calendarYear": "2016",
        "period": "Q3",
        "revenue": 3497000000,
        "costOfRevenue": 2303000000,
        "grossProfit": 1194000000,
        "grossProfitRatio": 0.3414355162,
        "researchAndDevelopmentExpenses": 0,
        "generalAndAdministrativeExpenses": 1019000000,
        "sellingAndMarketingExpenses": 0,
        "sellingGeneralAndAdministrativeExpenses": 1019000000,
        "otherExpenses": 0,
        "operatingExpenses": 1019000000,
        "costAndExpenses": 3322000000,
        "interestIncome": 0,
        "interestExpense": 11000000,
        "depreciationAndAmortization": 122000000,
        "ebitda": 280000000,
        "ebitdaratio": 0.0800686303,
        "operatingIncome": 155000000,
        "operatingIncomeRatio": 0.044323706,
        "totalOtherIncomeExpensesNet": -8000000,
        "incomeBeforeTax": 147000000,
        "incomeBeforeTaxRatio": 0.0420360309,
        "incomeTaxExpense": 59000000,
        "netIncome": 88000000,
        "netIncomeRatio": 0.0251644267,
        "eps": 0.27,
        "epsdiluted": 0.27,
        "weightedAverageShsOut": 326100000,
        "weightedAverageShsOutDil": 326900000,
        "link": "https://www.sec.gov/Archives/edgar/data/865436/000086543616000366/0000865436-16-000366-index.htm",
        "finalLink": "https://www.sec.gov/Archives/edgar/data/865436/000086543616000366/wfm10k2016.htm"
    },
    {
        "date": "2016-07-03",
        "symbol": "WFM",
        "reportedCurrency": "USD",
        "cik": "0000865436",
        "fillingDate": "2016-08-05",
        "acceptedDate": "2016-08-05 09:31:19",
        "calendarYear": "2016",
        "period": "Q2",
        "revenue": 3703000000,
        "costOfRevenue": 2417000000,
        "grossProfit": 1286000000,
        "grossProfitRatio": 0.3472859843,
        "researchAndDevelopmentExpenses": 0,
        "generalAndAdministrativeExpenses": 1056000000,
        "sellingAndMarketingExpenses": 0,
        "sellingGeneralAndAdministrativeExpenses": 1056000000,
        "otherExpenses": 0,
        "operatingExpenses": 1056000000,
        "costAndExpenses": 3473000000,
        "interestIncome": 0,
        "interestExpense": 12000000,
        "depreciationAndAmortization": 117000000,
        "ebitda": 325000000,
        "ebitdaratio": 0.0877666757,
        "operatingIncome": 209000000,
        "operatingIncomeRatio": 0.0564407237,
        "totalOtherIncomeExpensesNet": -13000000,
        "incomeBeforeTax": 196000000,
        "incomeBeforeTaxRatio": 0.0529300567,
        "incomeTaxExpense": 76000000,
        "netIncome": 120000000,
        "netIncomeRatio": 0.0324061572,
        "eps": 0.37,
        "epsdiluted": 0.36,
        "weightedAverageShsOut": 328400000,
        "weightedAverageShsOutDil": 329300000,
        "link": "https://www.sec.gov/Archives/edgar/data/865436/000086543616000351/0000865436-16-000351-index.htm",
        "finalLink": "https://www.sec.gov/Archives/edgar/data/865436/000086543616000351/wfm10qq32016.htm"
    },
    {
        "date": "2016-04-10",
        "symbol": "WFM",
        "reportedCurrency": "USD",
        "cik": "0000865436",
        "fillingDate": "2016-05-13",
        "acceptedDate": "2016-05-13 10:29:59",
        "calendarYear": "2016",
        "period": "Q1",
        "revenue": 8524000000,
        "costOfRevenue": 5593000000,
        "grossProfit": 2931000000,
        "grossProfitRatio": 0.3438526513,
        "researchAndDevelopmentExpenses": 0,
        "generalAndAdministrativeExpenses": 2402000000,
        "sellingAndMarketingExpenses": 0,
        "sellingGeneralAndAdministrativeExpenses": 2402000000,
        "otherExpenses": 0,
        "operatingExpenses": 2402000000,
        "costAndExpenses": 7995000000,
        "interestIncome": 0,
        "interestExpense": 18000000,
        "depreciationAndAmortization": 258000000,
        "ebitda": 760000000,
        "ebitdaratio": 0.0891600188,
        "operatingIncome": 493000000,
        "operatingIncomeRatio": 0.0578366964,
        "totalOtherIncomeExpensesNet": -9000000,
        "incomeBeforeTax": 484000000,
        "incomeBeforeTaxRatio": 0.0567808541,
        "incomeTaxExpense": 185000000,
        "netIncome": 299000000,
        "netIncomeRatio": 0.0350774284,
        "eps": 0.9,
        "epsdiluted": 0.9,
        "weightedAverageShsOut": 331700000,
        "weightedAverageShsOutDil": 332700000,
        "link": "https://www.sec.gov/Archives/edgar/data/865436/000086543616000277/0000865436-16-000277-index.htm",
        "finalLink": "https://www.sec.gov/Archives/edgar/data/865436/000086543616000277/wfm10qq22016.htm"
    },
    {
        "date": "2016-01-17",
        "symbol": "WFM",
        "reportedCurrency": "USD",
        "cik": "0000865436",
        "fillingDate": "2016-02-26",
        "acceptedDate": "2016-02-26 10:20:55",
        "calendarYear": "2015",
        "period": "Q4",
        "revenue": 4829000000,
        "costOfRevenue": 3188000000,
        "grossProfit": 1641000000,
        "grossProfitRatio": 0.3398219093,
        "researchAndDevelopmentExpenses": 0,
        "generalAndAdministrativeExpenses": 1373000000,
        "sellingAndMarketingExpenses": 0,
        "sellingGeneralAndAdministrativeExpenses": 1373000000,
        "otherExpenses": 0,
        "operatingExpenses": 1373000000,
        "costAndExpenses": 4561000000,
        "interestIncome": 0,
        "interestExpense": 0,
        "depreciationAndAmortization": -292000000,
        "ebitda": -43000000,
        "ebitdaratio": -0.0089045351,
        "operatingIncome": 252000000,
        "operatingIncomeRatio": 0.0521847173,
        "totalOtherIncomeExpensesNet": -3000000,
        "incomeBeforeTax": 249000000,
        "incomeBeforeTaxRatio": 0.0515634707,
        "incomeTaxExpense": 92000000,
        "netIncome": 157000000,
        "netIncomeRatio": 0.0325119072,
        "eps": 0.47,
        "epsdiluted": 0.47,
        "weightedAverageShsOut": 331700000,
        "weightedAverageShsOutDil": 332700000,
        "link": "https://www.sec.gov/Archives/edgar/data/865436/000086543616000252/0000865436-16-000252-index.htm",
        "finalLink": "https://www.sec.gov/Archives/edgar/data/865436/000086543616000252/wfm10qq12016.htm"
    },
    {
        "date": "2015-09-27",
        "symbol": "WFM",
        "reportedCurrency": "USD",
        "cik": "0000865436",
        "fillingDate": "2015-11-13",
        "acceptedDate": "2015-11-13 10:57:41",
        "calendarYear": "2015",
        "period": "Q3",
        "revenue": 3438000000,
        "costOfRevenue": 2252000000,
        "grossProfit": 1186000000,
        "grossProfitRatio": 0.3449680047,
        "researchAndDevelopmentExpenses": 0,
        "generalAndAdministrativeExpenses": 1080000000,
        "sellingAndMarketingExpenses": 0,
        "sellingGeneralAndAdministrativeExpenses": 1080000000,
        "otherExpenses": 0,
        "operatingExpenses": 1080000000,
        "costAndExpenses": 3332000000,
        "interestIncome": 0,
        "interestExpense": 0,
        "depreciationAndAmortization": 105000000,
        "ebitda": 198000000,
        "ebitdaratio": 0.057591623,
        "operatingIncome": 88000000,
        "operatingIncomeRatio": 0.0255962769,
        "totalOtherIncomeExpensesNet": 5000000,
        "incomeBeforeTax": 93000000,
        "incomeBeforeTaxRatio": 0.0270506108,
        "incomeTaxExpense": 36000000,
        "netIncome": 57000000,
        "netIncomeRatio": 0.0165794066,
        "eps": 0.16,
        "epsdiluted": 0.16,
        "weightedAverageShsOut": 358500000,
        "weightedAverageShsOutDil": 360800000,
        "link": "https://www.sec.gov/Archives/edgar/data/865436/000086543615000177/0000865436-15-000177-index.htm",
        "finalLink": "https://www.sec.gov/Archives/edgar/data/865436/000086543615000177/wfm10k2015.htm"
    },
    {
        "date": "2015-07-05",
        "symbol": "WFM",
        "reportedCurrency": "USD",
        "cik": "0000865436",
        "fillingDate": "2015-08-07",
        "acceptedDate": "2015-08-07 09:25:51",
        "calendarYear": "2015",
        "period": "Q2",
        "revenue": 3632000000,
        "costOfRevenue": 2339000000,
        "grossProfit": 1293000000,
        "grossProfitRatio": 0.3560022026,
        "researchAndDevelopmentExpenses": 0,
        "generalAndAdministrativeExpenses": 1032000000,
        "sellingAndMarketingExpenses": 0,
        "sellingGeneralAndAdministrativeExpenses": 1032000000,
        "otherExpenses": 0,
        "operatingExpenses": 1032000000,
        "costAndExpenses": 3371000000,
        "interestIncome": 0,
        "interestExpense": 0,
        "depreciationAndAmortization": 102000000,
        "ebitda": 353000000,
        "ebitdaratio": 0.09719163,
        "operatingIncome": 247000000,
        "operatingIncomeRatio": 0.0680066079,
        "totalOtherIncomeExpensesNet": 4000000,
        "incomeBeforeTax": 251000000,
        "incomeBeforeTaxRatio": 0.0691079295,
        "incomeTaxExpense": 98000000,
        "netIncome": 153000000,
        "netIncomeRatio": 0.0421255507,
        "eps": 0.43,
        "epsdiluted": 0.42,
        "weightedAverageShsOut": 359600000,
        "weightedAverageShsOutDil": 362200000,
        "link": "https://www.sec.gov/Archives/edgar/data/865436/000086543615000165/0000865436-15-000165-index.htm",
        "finalLink": "https://www.sec.gov/Archives/edgar/data/865436/000086543615000165/wfm10qq32015.htm"
    },
    {
        "date": "2015-04-12",
        "symbol": "WFM",
        "reportedCurrency": "USD",
        "cik": "0000865436",
        "fillingDate": "2015-05-15",
        "acceptedDate": "2015-05-15 10:24:32",
        "calendarYear": "2015",
        "period": "Q1",
        "revenue": 8319000000,
        "costOfRevenue": 5382000000,
        "grossProfit": 2937000000,
        "grossProfitRatio": 0.3530472413,
        "researchAndDevelopmentExpenses": 0,
        "generalAndAdministrativeExpenses": 2360000000,
        "sellingAndMarketingExpenses": 0,
        "sellingGeneralAndAdministrativeExpenses": 2360000000,
        "otherExpenses": 0,
        "operatingExpenses": 2360000000,
        "costAndExpenses": 7742000000,
        "interestIncome": 0,
        "interestExpense": 0,
        "depreciationAndAmortization": 215000000,
        "ebitda": 749000000,
        "ebitdaratio": 0.09003486,
        "operatingIncome": 526000000,
        "operatingIncomeRatio": 0.0632287535,
        "totalOtherIncomeExpensesNet": 8000000,
        "incomeBeforeTax": 534000000,
        "incomeBeforeTaxRatio": 0.0641904075,
        "incomeTaxExpense": 208000000,
        "netIncome": 326000000,
        "netIncomeRatio": 0.0391874023,
        "eps": 0.91,
        "epsdiluted": 0.9,
        "weightedAverageShsOut": 360000000,
        "weightedAverageShsOutDil": 362900000,
        "link": "https://www.sec.gov/Archives/edgar/data/865436/000086543615000097/0000865436-15-000097-index.htm",
        "finalLink": "https://www.sec.gov/Archives/edgar/data/865436/000086543615000097/wfm10qq22015.htm"
    },
    {
        "date": "2015-01-18",
        "symbol": "WFM",
        "reportedCurrency": "USD",
        "cik": "0000865436",
        "fillingDate": "2015-02-27",
        "acceptedDate": "2015-02-27 15:15:09",
        "calendarYear": "2014",
        "period": "Q4",
        "revenue": 4671000000,
        "costOfRevenue": 3045000000,
        "grossProfit": 1626000000,
        "grossProfitRatio": 0.3481053308,
        "researchAndDevelopmentExpenses": 0,
        "generalAndAdministrativeExpenses": 1330000000,
        "sellingAndMarketingExpenses": 0,
        "sellingGeneralAndAdministrativeExpenses": 1330000000,
        "otherExpenses": 0,
        "operatingExpenses": 1330000000,
        "costAndExpenses": 4375000000,
        "interestIncome": 0,
        "interestExpense": 0,
        "depreciationAndAmortization": -252000000,
        "ebitda": 22000000,
        "ebitdaratio": 0.0047099122,
        "operatingIncome": 271000000,
        "operatingIncomeRatio": 0.0580175551,
        "totalOtherIncomeExpensesNet": 3000000,
        "incomeBeforeTax": 274000000,
        "incomeBeforeTaxRatio": 0.0586598159,
        "incomeTaxExpense": 107000000,
        "netIncome": 167000000,
        "netIncomeRatio": 0.0357525155,
        "eps": 0.46,
        "epsdiluted": 0.46,
        "weightedAverageShsOut": 360000000,
        "weightedAverageShsOutDil": 362900000,
        "link": "https://www.sec.gov/Archives/edgar/data/865436/000086543615000079/0000865436-15-000079-index.htm",
        "finalLink": "https://www.sec.gov/Archives/edgar/data/865436/000086543615000079/wfm10qq12015.htm"
    },
    {
        "date": "2014-09-28",
        "symbol": "WFM",
        "reportedCurrency": "USD",
        "cik": "0000865436",
        "fillingDate": "2014-11-21",
        "acceptedDate": "2014-11-21 10:13:57",
        "calendarYear": "2014",
        "period": "Q3",
        "revenue": 3256000000,
        "costOfRevenue": 2102000000,
        "grossProfit": 1154000000,
        "grossProfitRatio": 0.3544226044,
        "researchAndDevelopmentExpenses": 0,
        "generalAndAdministrativeExpenses": 105000000,
        "sellingAndMarketingExpenses": 0,
        "sellingGeneralAndAdministrativeExpenses": 105000000,
        "otherExpenses": 0,
        "operatingExpenses": 105000000,
        "costAndExpenses": 2207000000,
        "interestIncome": 0,
        "interestExpense": 0,
        "depreciationAndAmortization": 86000000,
        "ebitda": 293000000,
        "ebitdaratio": 0.089987715,
        "operatingIncome": 205000000,
        "operatingIncomeRatio": 0.062960688,
        "totalOtherIncomeExpensesNet": 2000000,
        "incomeBeforeTax": 207000000,
        "incomeBeforeTaxRatio": 0.0635749386,
        "incomeTaxExpense": 79000000,
        "netIncome": 128000000,
        "netIncomeRatio": 0.0393120393,
        "eps": 0.35,
        "epsdiluted": 0.35,
        "weightedAverageShsOut": 367800000,
        "weightedAverageShsOutDil": 370500000,
        "link": "https://www.sec.gov/Archives/edgar/data/865436/000086543614000161/0000865436-14-000161-index.htm",
        "finalLink": "https://www.sec.gov/Archives/edgar/data/865436/000086543614000161/wfm10k2014.htm"
    },
    {
        "date": "2014-07-06",
        "symbol": "WFM",
        "reportedCurrency": "USD",
        "cik": "0000865436",
        "fillingDate": "2014-08-08",
        "acceptedDate": "2014-08-08 10:23:17",
        "calendarYear": "2014",
        "period": "Q2",
        "revenue": 3377000000,
        "costOfRevenue": 2163000000,
        "grossProfit": 1214000000,
        "grossProfitRatio": 0.3594906722,
        "researchAndDevelopmentExpenses": 0,
        "generalAndAdministrativeExpenses": 102000000,
        "sellingAndMarketingExpenses": 0,
        "sellingGeneralAndAdministrativeExpenses": 102000000,
        "otherExpenses": 0,
        "operatingExpenses": 102000000,
        "costAndExpenses": 2265000000,
        "interestIncome": 0,
        "interestExpense": 0,
        "depreciationAndAmortization": 82000000,
        "ebitda": 329000000,
        "ebitdaratio": 0.0974237489,
        "operatingIncome": 243000000,
        "operatingIncomeRatio": 0.0719573586,
        "totalOtherIncomeExpensesNet": 4000000,
        "incomeBeforeTax": 247000000,
        "incomeBeforeTaxRatio": 0.0731418419,
        "incomeTaxExpense": 96000000,
        "netIncome": 151000000,
        "netIncomeRatio": 0.0447142434,
        "eps": 0.41,
        "epsdiluted": 0.4,
        "weightedAverageShsOut": 369900000,
        "weightedAverageShsOutDil": 372900000,
        "link": "https://www.sec.gov/Archives/edgar/data/865436/000086543614000144/0000865436-14-000144-index.htm",
        "finalLink": "https://www.sec.gov/Archives/edgar/data/865436/000086543614000144/wfm10qq32014.htm"
    },
    {
        "date": "2014-04-13",
        "symbol": "WFM",
        "reportedCurrency": "USD",
        "cik": "0000865436",
        "fillingDate": "2014-05-16",
        "acceptedDate": "2014-05-16 10:45:09",
        "calendarYear": "2014",
        "period": "Q1",
        "revenue": 7561000000,
        "costOfRevenue": 4885000000,
        "grossProfit": 2676000000,
        "grossProfitRatio": 0.353921439,
        "researchAndDevelopmentExpenses": 0,
        "generalAndAdministrativeExpenses": 239000000,
        "sellingAndMarketingExpenses": 0,
        "sellingGeneralAndAdministrativeExpenses": 239000000,
        "otherExpenses": 0,
        "operatingExpenses": 239000000,
        "costAndExpenses": 5124000000,
        "interestIncome": 0,
        "interestExpense": 0,
        "depreciationAndAmortization": 182000000,
        "ebitda": 674000000,
        "ebitdaratio": 0.0891416479,
        "operatingIncome": 486000000,
        "operatingIncomeRatio": 0.064277212,
        "totalOtherIncomeExpensesNet": 6000000,
        "incomeBeforeTax": 492000000,
        "incomeBeforeTaxRatio": 0.0650707578,
        "incomeTaxExpense": 192000000,
        "netIncome": 300000000,
        "netIncomeRatio": 0.0396772914,
        "eps": 0.81,
        "epsdiluted": 0.8,
        "weightedAverageShsOut": 372000000,
        "weightedAverageShsOutDil": 375300000,
        "link": "https://www.sec.gov/Archives/edgar/data/865436/000086543614000072/0000865436-14-000072-index.htm",
        "finalLink": "https://www.sec.gov/Archives/edgar/data/865436/000086543614000072/wfm10qq22014.htm"
    },
    {
        "date": "2014-01-19",
        "symbol": "WFM",
        "reportedCurrency": "USD",
        "cik": "0000865436",
        "fillingDate": "2014-02-21",
        "acceptedDate": "2014-02-21 09:53:03",
        "calendarYear": "2013",
        "period": "Q4",
        "revenue": 4239000000,
        "costOfRevenue": 2754000000,
        "grossProfit": 1485000000,
        "grossProfitRatio": 0.3503184713,
        "researchAndDevelopmentExpenses": 0,
        "generalAndAdministrativeExpenses": 132000000,
        "sellingAndMarketingExpenses": 0,
        "sellingGeneralAndAdministrativeExpenses": 132000000,
        "otherExpenses": 0,
        "operatingExpenses": 132000000,
        "costAndExpenses": 2886000000,
        "interestIncome": 0,
        "interestExpense": 0,
        "depreciationAndAmortization": -228000000,
        "ebitda": 31000000,
        "ebitdaratio": 0.0073130455,
        "operatingIncome": 255000000,
        "operatingIncomeRatio": 0.0601556971,
        "totalOtherIncomeExpensesNet": 4000000,
        "incomeBeforeTax": 259000000,
        "incomeBeforeTaxRatio": 0.0610993159,
        "incomeTaxExpense": 101000000,
        "netIncome": 158000000,
        "netIncomeRatio": 0.0372729417,
        "eps": 0.42,
        "epsdiluted": 0.42,
        "weightedAverageShsOut": 372000000,
        "weightedAverageShsOutDil": 375300000,
        "link": "https://www.sec.gov/Archives/edgar/data/865436/000086543614000057/0000865436-14-000057-index.htm",
        "finalLink": "https://www.sec.gov/Archives/edgar/data/865436/000086543614000057/wfm10qq12014.htm"
    },
    {
        "date": "2013-09-29",
        "symbol": "WFM",
        "reportedCurrency": "USD",
        "cik": "0000865436",
        "fillingDate": "2013-11-22",
        "acceptedDate": "2013-11-21 19:00:00",
        "calendarYear": "2013",
        "period": "Q3",
        "revenue": 2976000000,
        "costOfRevenue": 1915000000,
        "grossProfit": 1061000000,
        "grossProfitRatio": 0.3565188172,
        "researchAndDevelopmentExpenses": 0,
        "generalAndAdministrativeExpenses": 95000000,
        "sellingAndMarketingExpenses": 0,
        "sellingGeneralAndAdministrativeExpenses": 95000000,
        "otherExpenses": 0,
        "operatingExpenses": 95000000,
        "costAndExpenses": 2010000000,
        "interestIncome": 0,
        "interestExpense": 0,
        "depreciationAndAmortization": 74000000,
        "ebitda": 269000000,
        "ebitdaratio": 0.0903897849,
        "operatingIncome": 192000000,
        "operatingIncomeRatio": 0.064516129,
        "totalOtherIncomeExpensesNet": 3000000,
        "incomeBeforeTax": 195000000,
        "incomeBeforeTaxRatio": 0.0655241935,
        "incomeTaxExpense": 74000000,
        "netIncome": 121000000,
        "netIncomeRatio": 0.0406586022,
        "eps": 0.33,
        "epsdiluted": 0.32,
        "weightedAverageShsOut": 371200000,
        "weightedAverageShsOutDil": 374500000,
        "link": "https://www.sec.gov/Archives/edgar/data/865436/000086543613000134/0000865436-13-000134-index.htm",
        "finalLink": "https://www.sec.gov/Archives/edgar/data/865436/000086543613000134/wfm10k2013.htm"
    },
    {
        "date": "2013-07-07",
        "symbol": "WFM",
        "reportedCurrency": "USD",
        "cik": "0000865436",
        "fillingDate": "2013-08-09",
        "acceptedDate": "2013-08-08 20:00:00",
        "calendarYear": "2013",
        "period": "Q2",
        "revenue": 3058000000,
        "costOfRevenue": 1939000000,
        "grossProfit": 1119000000,
        "grossProfitRatio": 0.3659254415,
        "researchAndDevelopmentExpenses": 0,
        "generalAndAdministrativeExpenses": 95000000,
        "sellingAndMarketingExpenses": 0,
        "sellingGeneralAndAdministrativeExpenses": 95000000,
        "otherExpenses": 0,
        "operatingExpenses": 95000000,
        "costAndExpenses": 2034000000,
        "interestIncome": 0,
        "interestExpense": 0,
        "depreciationAndAmortization": 71000000,
        "ebitda": 301000000,
        "ebitdaratio": 0.0984303466,
        "operatingIncome": 228000000,
        "operatingIncomeRatio": 0.074558535,
        "totalOtherIncomeExpensesNet": 2000000,
        "incomeBeforeTax": 230000000,
        "incomeBeforeTaxRatio": 0.0752125572,
        "incomeTaxExpense": 88000000,
        "netIncome": 142000000,
        "netIncomeRatio": 0.0464355788,
        "eps": 0.38,
        "epsdiluted": 0.38,
        "weightedAverageShsOut": 370900000,
        "weightedAverageShsOutDil": 374200000,
        "link": "https://www.sec.gov/Archives/edgar/data/865436/000086543613000105/0000865436-13-000105-index.htm",
        "finalLink": "https://www.sec.gov/Archives/edgar/data/865436/000086543613000105/wfm10qq32013.htm"
    },
    {
        "date": "2013-04-14",
        "symbol": "WFM",
        "reportedCurrency": "USD",
        "cik": "0000865436",
        "fillingDate": "2013-05-17",
        "acceptedDate": "2013-05-16 20:00:00",
        "calendarYear": "2013",
        "period": "Q1",
        "revenue": 6883000000,
        "costOfRevenue": 4434000000,
        "grossProfit": 2449000000,
        "grossProfitRatio": 0.3558041552,
        "researchAndDevelopmentExpenses": 0,
        "generalAndAdministrativeExpenses": 207000000,
        "sellingAndMarketingExpenses": 0,
        "sellingGeneralAndAdministrativeExpenses": 207000000,
        "otherExpenses": 0,
        "operatingExpenses": 207000000,
        "costAndExpenses": 4641000000,
        "interestIncome": 0,
        "interestExpense": 0,
        "depreciationAndAmortization": 163000000,
        "ebitda": 632000000,
        "ebitdaratio": 0.0918204271,
        "operatingIncome": 463000000,
        "operatingIncomeRatio": 0.06726718,
        "totalOtherIncomeExpensesNet": 6000000,
        "incomeBeforeTax": 469000000,
        "incomeBeforeTaxRatio": 0.0681388929,
        "incomeTaxExpense": 181000000,
        "netIncome": 288000000,
        "netIncomeRatio": 0.04184222,
        "eps": 1.55,
        "epsdiluted": 1.54,
        "weightedAverageShsOut": 185300000,
        "weightedAverageShsOutDil": 187000000,
        "link": "https://www.sec.gov/Archives/edgar/data/865436/000086543613000035/0000865436-13-000035-index.htm",
        "finalLink": "https://www.sec.gov/Archives/edgar/data/865436/000086543613000035/wfm10qq22013.htm"
    },
    {
        "date": "2013-01-20",
        "symbol": "WFM",
        "reportedCurrency": "USD",
        "cik": "0000865436",
        "fillingDate": "2013-02-22",
        "acceptedDate": "2013-02-21 19:00:00",
        "calendarYear": "2012",
        "period": "Q4",
        "revenue": 3856000000,
        "costOfRevenue": 2508000000,
        "grossProfit": 1348000000,
        "grossProfitRatio": 0.3495850622,
        "researchAndDevelopmentExpenses": 0,
        "generalAndAdministrativeExpenses": 116000000,
        "sellingAndMarketingExpenses": 0,
        "sellingGeneralAndAdministrativeExpenses": 116000000,
        "otherExpenses": 0,
        "operatingExpenses": 116000000,
        "costAndExpenses": 2624000000,
        "interestIncome": 0,
        "interestExpense": 0,
        "depreciationAndAmortization": -311448000000,
        "ebitda": -311210000000,
        "ebitdaratio": -80.7079875519,
        "operatingIncome": 235000000,
        "operatingIncomeRatio": 0.0609439834,
        "totalOtherIncomeExpensesNet": 3000000,
        "incomeBeforeTax": 238000000,
        "incomeBeforeTaxRatio": 0.0617219917,
        "incomeTaxExpense": 92000000,
        "netIncome": 146000000,
        "netIncomeRatio": 0.0378630705,
        "eps": 0.79,
        "epsdiluted": 0.78,
        "weightedAverageShsOut": 185300000,
        "weightedAverageShsOutDil": 187000000,
        "link": "https://www.sec.gov/Archives/edgar/data/865436/000086543613000008/0000865436-13-000008-index.htm",
        "finalLink": "https://www.sec.gov/Archives/edgar/data/865436/000086543613000008/wfm10qq12013.htm"
    },
    {
        "date": "2012-09-30",
        "symbol": "WFM",
        "reportedCurrency": "USD",
        "cik": "0000865436",
        "fillingDate": "2012-11-21",
        "acceptedDate": "2012-11-20 19:00:00",
        "calendarYear": "2012",
        "period": "Q3",
        "revenue": 2910327000,
        "costOfRevenue": 1883747000,
        "grossProfit": 1026580000,
        "grossProfitRatio": 0.3527369948,
        "researchAndDevelopmentExpenses": 0,
        "generalAndAdministrativeExpenses": 94350000,
        "sellingAndMarketingExpenses": 0,
        "sellingGeneralAndAdministrativeExpenses": 94350000,
        "otherExpenses": 0,
        "operatingExpenses": 94350000,
        "costAndExpenses": 1978097000,
        "interestIncome": 0,
        "interestExpense": 354000,
        "depreciationAndAmortization": 69817000,
        "ebitda": 247554000,
        "ebitdaratio": 0.0850605447,
        "operatingIncome": 175597000,
        "operatingIncomeRatio": 0.0603358317,
        "totalOtherIncomeExpensesNet": 1786000,
        "incomeBeforeTax": 177383000,
        "incomeBeforeTaxRatio": 0.0609495084,
        "incomeTaxExpense": 64651000,
        "netIncome": 112732000,
        "netIncomeRatio": 0.0387351662,
        "eps": 0.62,
        "epsdiluted": 0.61,
        "weightedAverageShsOut": 182406000,
        "weightedAverageShsOutDil": 184444000,
        "link": "https://www.sec.gov/Archives/edgar/data/865436/000086543612000033/0000865436-12-000033-index.htm",
        "finalLink": "https://www.sec.gov/Archives/edgar/data/865436/000086543612000033/wfm10k2012.htm"
    },
    {
        "date": "2012-07-01",
        "symbol": "WFM",
        "reportedCurrency": "USD",
        "cik": "0000865436",
        "fillingDate": "2012-08-03",
        "acceptedDate": "2012-08-02 20:00:00",
        "calendarYear": "2012",
        "period": "Q2",
        "revenue": 2727279000,
        "costOfRevenue": 1745910000,
        "grossProfit": 981369000,
        "grossProfitRatio": 0.3598344724,
        "researchAndDevelopmentExpenses": 0,
        "generalAndAdministrativeExpenses": 87439000,
        "sellingAndMarketingExpenses": 0,
        "sellingGeneralAndAdministrativeExpenses": 87439000,
        "otherExpenses": 0,
        "operatingExpenses": 87439000,
        "costAndExpenses": 1833349000,
        "interestIncome": 0,
        "interestExpense": 0,
        "depreciationAndAmortization": 63514000,
        "ebitda": 253821000,
        "ebitdaratio": 0.0930674859,
        "operatingIncome": 188188000,
        "operatingIncomeRatio": 0.069002108,
        "totalOtherIncomeExpensesNet": 2119000,
        "incomeBeforeTax": 190307000,
        "incomeBeforeTaxRatio": 0.0697790728,
        "incomeTaxExpense": 73458000,
        "netIncome": 116849000,
        "netIncomeRatio": 0.0428445348,
        "eps": 0.64,
        "epsdiluted": 0.63,
        "weightedAverageShsOut": 182406000,
        "weightedAverageShsOutDil": 184444000,
        "link": "https://www.sec.gov/Archives/edgar/data/865436/000086543612000012/0000865436-12-000012-index.htm",
        "finalLink": "https://www.sec.gov/Archives/edgar/data/865436/000086543612000012/wfm10qq32012.htm"
    },
    {
        "date": "2012-04-08",
        "symbol": "WFM",
        "reportedCurrency": "USD",
        "cik": "0000865436",
        "fillingDate": "2012-05-17",
        "acceptedDate": "2012-05-16 20:00:00",
        "calendarYear": "2012",
        "period": "Q1",
        "revenue": 6061222000,
        "costOfRevenue": 3913397000,
        "grossProfit": 2147825000,
        "grossProfitRatio": 0.3543551119,
        "researchAndDevelopmentExpenses": 0,
        "generalAndAdministrativeExpenses": 190276000,
        "sellingAndMarketingExpenses": 0,
        "sellingGeneralAndAdministrativeExpenses": 190276000,
        "otherExpenses": 0,
        "operatingExpenses": 190276000,
        "costAndExpenses": 4103673000,
        "interestIncome": 0,
        "interestExpense": 0,
        "depreciationAndAmortization": 162509000,
        "ebitda": 546863000,
        "ebitdaratio": 0.0902232256,
        "operatingIncome": 379721000,
        "operatingIncomeRatio": 0.0626475981,
        "totalOtherIncomeExpensesNet": 4633000,
        "incomeBeforeTax": 384354000,
        "incomeBeforeTaxRatio": 0.0634119654,
        "incomeTaxExpense": 148362000,
        "netIncome": 235992000,
        "netIncomeRatio": 0.0389347231,
        "eps": 1.31,
        "epsdiluted": 1.29,
        "weightedAverageShsOut": 180649000,
        "weightedAverageShsOutDil": 182841000,
        "link": "https://www.sec.gov/Archives/edgar/data/865436/000086543612000005/0000865436-12-000005-index.htm",
        "finalLink": "https://www.sec.gov/Archives/edgar/data/865436/000086543612000005/wfm10qq22012.htm"
    },
    {
        "date": "2012-01-15",
        "symbol": "WFM",
        "reportedCurrency": "USD",
        "cik": "0000865436",
        "fillingDate": "2012-02-24",
        "acceptedDate": "2012-02-23 19:00:00",
        "calendarYear": "2011",
        "period": "Q4",
        "revenue": 3390940000,
        "costOfRevenue": 2212823000,
        "grossProfit": 1178117000,
        "grossProfitRatio": 0.3474308009,
        "researchAndDevelopmentExpenses": 0,
        "generalAndAdministrativeExpenses": 103516000,
        "sellingAndMarketingExpenses": 0,
        "sellingGeneralAndAdministrativeExpenses": 103516000,
        "otherExpenses": 0,
        "operatingExpenses": 103516000,
        "costAndExpenses": 2316339000,
        "interestIncome": 0,
        "interestExpense": 0,
        "depreciationAndAmortization": -194456000,
        "ebitda": -1739000,
        "ebitdaratio": -0.0005128371,
        "operatingIncome": 190338000,
        "operatingIncomeRatio": 0.0561313382,
        "totalOtherIncomeExpensesNet": 2379000,
        "incomeBeforeTax": 192717000,
        "incomeBeforeTaxRatio": 0.0568329136,
        "incomeTaxExpense": 74390000,
        "netIncome": 118327000,
        "netIncomeRatio": 0.0348950439,
        "eps": 0.66,
        "epsdiluted": 0.65,
        "weightedAverageShsOut": 180649000,
        "weightedAverageShsOutDil": 182841000,
        "link": "https://www.sec.gov/Archives/edgar/data/865436/000144530512000434/0001445305-12-000434-index.htm",
        "finalLink": "https://www.sec.gov/Archives/edgar/data/865436/000144530512000434/wfm10qq12012.htm"
    },
    {
        "date": "2011-09-25",
        "symbol": "WFM",
        "reportedCurrency": "USD",
        "cik": "0000865436",
        "fillingDate": "2011-11-23",
        "acceptedDate": "2011-11-22 19:00:00",
        "calendarYear": "2011",
        "period": "Q3",
        "revenue": 2353833000,
        "costOfRevenue": 1540783000,
        "grossProfit": 813050000,
        "grossProfitRatio": 0.345415329,
        "researchAndDevelopmentExpenses": 0,
        "generalAndAdministrativeExpenses": 73675000,
        "sellingAndMarketingExpenses": 0,
        "sellingGeneralAndAdministrativeExpenses": 73675000,
        "otherExpenses": 0,
        "operatingExpenses": 73675000,
        "costAndExpenses": 1614458000,
        "interestIncome": 0,
        "interestExpense": 0,
        "depreciationAndAmortization": 68027000,
        "ebitda": 186778000,
        "ebitdaratio": 0.0793505741,
        "operatingIncome": 117308000,
        "operatingIncomeRatio": 0.0498370105,
        "totalOtherIncomeExpensesNet": 1443000,
        "incomeBeforeTax": 118751000,
        "incomeBeforeTaxRatio": 0.0504500532,
        "incomeTaxExpense": 43276000,
        "netIncome": 75475000,
        "netIncomeRatio": 0.0320647217,
        "eps": 0.43,
        "epsdiluted": 0.43,
        "weightedAverageShsOut": 175221000,
        "weightedAverageShsOutDil": 177279000,
        "link": "https://www.sec.gov/Archives/edgar/data/865436/000110465911065946/0001104659-11-065946-index.htm",
        "finalLink": "https://www.sec.gov/Archives/edgar/data/865436/000110465911065946/a11-28314_110k.htm"
    },
    {
        "date": "2011-07-03",
        "symbol": "WFM",
        "reportedCurrency": "USD",
        "cik": "0000865436",
        "fillingDate": "2011-08-12",
        "acceptedDate": "2011-08-11 20:00:00",
        "calendarYear": "2011",
        "period": "Q2",
        "revenue": 2399781000,
        "costOfRevenue": 1551340000,
        "grossProfit": 848441000,
        "grossProfitRatio": 0.3535493447,
        "researchAndDevelopmentExpenses": 0,
        "generalAndAdministrativeExpenses": 73073000,
        "sellingAndMarketingExpenses": 0,
        "sellingGeneralAndAdministrativeExpenses": 73073000,
        "otherExpenses": 0,
        "operatingExpenses": 73073000,
        "costAndExpenses": 1624413000,
        "interestIncome": 0,
        "interestExpense": 266000,
        "depreciationAndAmortization": 66179000,
        "ebitda": 208742000,
        "ebitdaratio": 0.0869837706,
        "operatingIncome": 140625000,
        "operatingIncomeRatio": 0.0585990972,
        "totalOtherIncomeExpensesNet": 1672000,
        "incomeBeforeTax": 142297000,
        "incomeBeforeTaxRatio": 0.0592958274,
        "incomeTaxExpense": 53825000,
        "netIncome": 88472000,
        "netIncomeRatio": 0.0368666974,
        "eps": 0.51,
        "epsdiluted": 0.5,
        "weightedAverageShsOut": 174457000,
        "weightedAverageShsOutDil": 176513000,
        "link": "https://www.sec.gov/Archives/edgar/data/865436/000110465911046361/0001104659-11-046361-index.htm",
        "finalLink": "https://www.sec.gov/Archives/edgar/data/865436/000110465911046361/a11-14179_110q.htm"
    },
    {
        "date": "2011-04-10",
        "symbol": "WFM",
        "reportedCurrency": "USD",
        "cik": "0000865436",
        "fillingDate": "2011-05-20",
        "acceptedDate": "2011-05-19 20:00:00",
        "calendarYear": "2011",
        "period": "Q1",
        "revenue": 5354173000,
        "costOfRevenue": 3479115000,
        "grossProfit": 1875058000,
        "grossProfitRatio": 0.350204971,
        "researchAndDevelopmentExpenses": 0,
        "generalAndAdministrativeExpenses": 164172000,
        "sellingAndMarketingExpenses": 0,
        "sellingGeneralAndAdministrativeExpenses": 164172000,
        "otherExpenses": 0,
        "operatingExpenses": 164172000,
        "costAndExpenses": 3643287000,
        "interestIncome": 0,
        "interestExpense": 3616000,
        "depreciationAndAmortization": 152903000,
        "ebitda": 447183000,
        "ebitdaratio": 0.0835204615,
        "operatingIncome": 289687000,
        "operatingIncomeRatio": 0.054104901,
        "totalOtherIncomeExpensesNet": 977000,
        "incomeBeforeTax": 290664000,
        "incomeBeforeTaxRatio": 0.0542873755,
        "incomeTaxExpense": 111999000,
        "netIncome": 178665000,
        "netIncomeRatio": 0.033369299,
        "eps": 1.03,
        "epsdiluted": 1.02,
        "weightedAverageShsOut": 173606000,
        "weightedAverageShsOutDil": 175614000,
        "link": "https://www.sec.gov/Archives/edgar/data/865436/000110465911030449/0001104659-11-030449-index.htm",
        "finalLink": "https://www.sec.gov/Archives/edgar/data/865436/000110465911030449/a11-10814_110q.htm"
    },
    {
        "date": "2011-01-16",
        "symbol": "WFM",
        "reportedCurrency": "USD",
        "cik": "0000865436",
        "fillingDate": "2011-02-25",
        "acceptedDate": "2011-02-24 19:00:00",
        "calendarYear": "2010",
        "period": "Q4",
        "revenue": 3003655000,
        "costOfRevenue": 1965416000,
        "grossProfit": 1038239000,
        "grossProfitRatio": 0.3456585393,
        "researchAndDevelopmentExpenses": 0,
        "generalAndAdministrativeExpenses": 88511000,
        "sellingAndMarketingExpenses": 0,
        "sellingGeneralAndAdministrativeExpenses": 88511000,
        "otherExpenses": 0,
        "operatingExpenses": 88511000,
        "costAndExpenses": 2053927000,
        "interestIncome": 0,
        "interestExpense": 0,
        "depreciationAndAmortization": -188898000,
        "ebitda": -41020000,
        "ebitdaratio": -0.0136566949,
        "operatingIncome": 147559000,
        "operatingIncomeRatio": 0.0491264809,
        "totalOtherIncomeExpensesNet": 319000,
        "incomeBeforeTax": 147878000,
        "incomeBeforeTaxRatio": 0.0492326848,
        "incomeTaxExpense": 59148000,
        "netIncome": 88730000,
        "netIncomeRatio": 0.0295406763,
        "eps": 0.51,
        "epsdiluted": 0.51,
        "weightedAverageShsOut": 173606000,
        "weightedAverageShsOutDil": 175614000,
        "link": "https://www.sec.gov/Archives/edgar/data/865436/000110465911010065/0001104659-11-010065-index.htm",
        "finalLink": "https://www.sec.gov/Archives/edgar/data/865436/000110465911010065/a11-4850_110q.htm"
    },
    {
        "date": "2010-09-26",
        "symbol": "WFM",
        "reportedCurrency": "USD",
        "cik": "0000865436",
        "fillingDate": "2010-11-24",
        "acceptedDate": "2010-11-23 19:00:00",
        "calendarYear": "2010",
        "period": "Q3",
        "revenue": 2097394000,
        "costOfRevenue": 1370972000,
        "grossProfit": 726422000,
        "grossProfitRatio": 0.3463450358,
        "researchAndDevelopmentExpenses": 0,
        "generalAndAdministrativeExpenses": 65820000,
        "sellingAndMarketingExpenses": 0,
        "sellingGeneralAndAdministrativeExpenses": 65820000,
        "otherExpenses": 0,
        "operatingExpenses": 65820000,
        "costAndExpenses": 1436792000,
        "interestIncome": 0,
        "interestExpense": 7291000,
        "depreciationAndAmortization": 64516000,
        "ebitda": 167050000,
        "ebitdaratio": 0.0796464565,
        "operatingIncome": 100916000,
        "operatingIncomeRatio": 0.0481149465,
        "totalOtherIncomeExpensesNet": -5673000,
        "incomeBeforeTax": 95243000,
        "incomeBeforeTaxRatio": 0.0454101614,
        "incomeTaxExpense": 37745000,
        "netIncome": 57498000,
        "netIncomeRatio": 0.0274140195,
        "eps": 0.35,
        "epsdiluted": 0.33,
        "weightedAverageShsOut": 166244000,
        "weightedAverageShsOutDil": 171710000,
        "link": "https://www.sec.gov/Archives/edgar/data/865436/000110465910059917/0001104659-10-059917-index.htm",
        "finalLink": "https://www.sec.gov/Archives/edgar/data/865436/000110465910059917/a10-19737_110k.htm"
    },
    {
        "date": "2010-07-04",
        "symbol": "WFM",
        "reportedCurrency": "USD",
        "cik": "0000865436",
        "fillingDate": "2010-08-13",
        "acceptedDate": "2010-08-12 20:00:00",
        "calendarYear": "2010",
        "period": "Q2",
        "revenue": 6049400000,
        "costOfRevenue": 3344421000,
        "grossProfit": 2704979000,
        "grossProfitRatio": 0.4471483122,
        "researchAndDevelopmentExpenses": 0,
        "generalAndAdministrativeExpenses": 206629000,
        "sellingAndMarketingExpenses": -201016000,
        "sellingGeneralAndAdministrativeExpenses": 5613000,
        "otherExpenses": 0,
        "operatingExpenses": 5613000,
        "costAndExpenses": 44828000,
        "interestIncome": 0,
        "interestExpense": -18826243000,
        "depreciationAndAmortization": -6863927000,
        "ebitda": -25693841000,
        "ebitdaratio": -4.2473370913,
        "operatingIncome": -3666000,
        "operatingIncomeRatio": -0.0006060105,
        "totalOtherIncomeExpensesNet": -5000,
        "incomeBeforeTax": -3671000,
        "incomeBeforeTaxRatio": -0.000606837,
        "incomeTaxExpense": -1949000,
        "netIncome": -1722000,
        "netIncomeRatio": -0.0002846563,
        "eps": -0.0105,
        "epsdiluted": -0.01,
        "weightedAverageShsOut": 164529000,
        "weightedAverageShsOutDil": 171395000,
        "link": "https://www.sec.gov/Archives/edgar/data/865436/000110465910044291/0001104659-10-044291-index.htm",
        "finalLink": "https://www.sec.gov/Archives/edgar/data/865436/000110465910044291/a10-13011_110q.htm"
    },
    {
        "date": "2010-04-11",
        "symbol": "WFM",
        "reportedCurrency": "USD",
        "cik": "0000865436",
        "fillingDate": "2010-05-21",
        "acceptedDate": "2010-05-21 11:05:05",
        "calendarYear": "2010",
        "period": "Q1",
        "revenue": 2106061000,
        "costOfRevenue": 1363632000,
        "grossProfit": 742429000,
        "grossProfitRatio": 0.3525201787,
        "researchAndDevelopmentExpenses": 0,
        "generalAndAdministrativeExpenses": 62540000,
        "sellingAndMarketingExpenses": 0,
        "sellingGeneralAndAdministrativeExpenses": 62540000,
        "otherExpenses": 0,
        "operatingExpenses": 62540000,
        "costAndExpenses": 1426172000,
        "interestIncome": 0,
        "interestExpense": 7783000,
        "depreciationAndAmortization": 63094000,
        "ebitda": 184240000,
        "ebitdaratio": 0.0874808469,
        "operatingIncome": 119236000,
        "operatingIncomeRatio": 0.0566156441,
        "totalOtherIncomeExpensesNet": -5873000,
        "incomeBeforeTax": 113363000,
        "incomeBeforeTaxRatio": 0.0538270259,
        "incomeTaxExpense": 45912000,
        "netIncome": 67451000,
        "netIncomeRatio": 0.0320270875,
        "eps": 0.39,
        "epsdiluted": 0.39,
        "weightedAverageShsOut": 170893000,
        "weightedAverageShsOutDil": 170893000,
        "link": "https://www.sec.gov/Archives/edgar/data/865436/000110465910030085/0001104659-10-030085-index.htm",
        "finalLink": "https://www.sec.gov/Archives/edgar/data/865436/000110465910030085/a10-7950_110q.htm"
    },
    {
        "date": "2010-01-17",
        "symbol": "WFM",
        "reportedCurrency": "USD",
        "cik": "0000865436",
        "fillingDate": "2010-02-26",
        "acceptedDate": "2010-02-26 15:00:23",
        "calendarYear": "2009",
        "period": "Q4",
        "revenue": 2639158000,
        "costOfRevenue": 1732942000,
        "grossProfit": 906216000,
        "grossProfitRatio": 0.3433731516,
        "researchAndDevelopmentExpenses": 0,
        "generalAndAdministrativeExpenses": 75936000,
        "sellingAndMarketingExpenses": 0,
        "sellingGeneralAndAdministrativeExpenses": 75936000,
        "otherExpenses": 0,
        "operatingExpenses": 75936000,
        "costAndExpenses": 1808878000,
        "interestIncome": 0,
        "interestExpense": 10553000,
        "depreciationAndAmortization": -182994000,
        "ebitda": -78958000,
        "ebitdaratio": -0.0299178753,
        "operatingIncome": 102253000,
        "operatingIncomeRatio": 0.0387445541,
        "totalOtherIncomeExpensesNet": -8770000,
        "incomeBeforeTax": 93483000,
        "incomeBeforeTaxRatio": 0.0354215246,
        "incomeTaxExpense": 38328000,
        "netIncome": 55155000,
        "netIncomeRatio": 0.0208987109,
        "eps": 0.36,
        "epsdiluted": 0.36,
        "weightedAverageShsOut": 154413000,
        "weightedAverageShsOutDil": 154413000,
        "link": "https://www.sec.gov/Archives/edgar/data/865436/000110465910010157/0001104659-10-010157-index.htm",
        "finalLink": "https://www.sec.gov/Archives/edgar/data/865436/000110465910010157/a10-4706_110q.htm"
    },
    {
        "date": "2009-09-27",
        "symbol": "WFM",
        "reportedCurrency": "USD",
        "cik": "0000865436",
        "fillingDate": "2009-11-27",
        "acceptedDate": "2009-11-27 11:47:41",
        "calendarYear": "2009",
        "period": "Q3",
        "revenue": 6153282000,
        "costOfRevenue": 4059281000,
        "grossProfit": 2094001000,
        "grossProfitRatio": 0.3403063601,
        "researchAndDevelopmentExpenses": 0,
        "generalAndAdministrativeExpenses": 191157000,
        "sellingAndMarketingExpenses": 0,
        "sellingGeneralAndAdministrativeExpenses": 191157000,
        "otherExpenses": 0,
        "operatingExpenses": 191157000,
        "costAndExpenses": 4250438000,
        "interestIncome": 0,
        "interestExpense": 29168000,
        "depreciationAndAmortization": 62404000,
        "ebitda": 269961000,
        "ebitdaratio": 0.0438726845,
        "operatingIncome": 205434000,
        "operatingIncomeRatio": 0.0333860857,
        "totalOtherIncomeExpensesNet": -27045000,
        "incomeBeforeTax": 178389000,
        "incomeBeforeTaxRatio": 0.0289908702,
        "incomeTaxExpense": 74392000,
        "netIncome": 103997000,
        "netIncomeRatio": 0.0169010619,
        "eps": 0.74,
        "epsdiluted": 0.74,
        "weightedAverageShsOut": 140414000,
        "weightedAverageShsOutDil": 140414000,
        "link": "https://www.sec.gov/Archives/edgar/data/865436/000110465909067266/0001104659-09-067266-index.htm",
        "finalLink": "https://www.sec.gov/Archives/edgar/data/865436/000110465909067266/a09-34257_110k.htm"
    },
    {
        "date": "2009-07-05",
        "symbol": "WFM",
        "reportedCurrency": "USD",
        "cik": "0000865436",
        "fillingDate": "2009-08-14",
        "acceptedDate": "2009-08-14 12:09:52",
        "calendarYear": "2009",
        "period": "Q2",
        "revenue": 20788000,
        "costOfRevenue": 5796000,
        "grossProfit": 14992000,
        "grossProfitRatio": 0.7211852992,
        "researchAndDevelopmentExpenses": 0,
        "generalAndAdministrativeExpenses": -4240000,
        "sellingAndMarketingExpenses": 0,
        "sellingGeneralAndAdministrativeExpenses": -4240000,
        "otherExpenses": 0,
        "operatingExpenses": -4240000,
        "costAndExpenses": 1556000,
        "interestIncome": 0,
        "interestExpense": -8000,
        "depreciationAndAmortization": 62476000,
        "ebitda": 73703000,
        "ebitdaratio": 3.5454589186,
        "operatingIncome": 9262000,
        "operatingIncomeRatio": 0.445545507,
        "totalOtherIncomeExpensesNet": 1973000,
        "incomeBeforeTax": 11235000,
        "incomeBeforeTaxRatio": 0.5404560323,
        "incomeTaxExpense": 3686000,
        "netIncome": 7549000,
        "netIncomeRatio": 0.3631421974,
        "eps": 0.0538,
        "epsdiluted": 0.0538,
        "weightedAverageShsOut": 140439000,
        "weightedAverageShsOutDil": 140439000,
        "link": "https://www.sec.gov/Archives/edgar/data/865436/000110465909049778/0001104659-09-049778-index.htm",
        "finalLink": "https://www.sec.gov/Archives/edgar/data/865436/000110465909049778/a09-18956_110q.htm"
    },
    {
        "date": "2009-04-12",
        "symbol": "WFM",
        "reportedCurrency": "USD",
        "cik": "0000865436",
        "fillingDate": "2009-05-22",
        "acceptedDate": "2009-05-22 14:06:19",
        "calendarYear": "2009",
        "period": "Q1",
        "revenue": 1857550000,
        "costOfRevenue": 1212233000,
        "grossProfit": 645317000,
        "grossProfitRatio": 0.3474022234,
        "researchAndDevelopmentExpenses": 0,
        "generalAndAdministrativeExpenses": 56832000,
        "sellingAndMarketingExpenses": 0,
        "sellingGeneralAndAdministrativeExpenses": 56832000,
        "otherExpenses": 0,
        "operatingExpenses": 56832000,
        "costAndExpenses": 1269065000,
        "interestIncome": 0,
        "interestExpense": 7696000,
        "depreciationAndAmortization": 61023000,
        "ebitda": 130037000,
        "ebitdaratio": 0.0700045759,
        "operatingIncome": 69653000,
        "operatingIncomeRatio": 0.037497241,
        "totalOtherIncomeExpensesNet": -8335000,
        "incomeBeforeTax": 61318000,
        "incomeBeforeTaxRatio": 0.0330101478,
        "incomeTaxExpense": 26060000,
        "netIncome": 35258000,
        "netIncomeRatio": 0.0189809157,
        "eps": 0.25,
        "epsdiluted": 0.25,
        "weightedAverageShsOut": 140404000,
        "weightedAverageShsOutDil": 140404000,
        "link": "https://www.sec.gov/Archives/edgar/data/865436/000110465909034533/0001104659-09-034533-index.htm",
        "finalLink": "https://www.sec.gov/Archives/edgar/data/865436/000110465909034533/a09-13985_110q.htm"
    },
    {
        "date": "2009-01-18",
        "symbol": "WFM",
        "reportedCurrency": "USD",
        "cik": "0000865436",
        "fillingDate": "2009-02-27",
        "acceptedDate": "2009-02-27 15:02:19",
        "calendarYear": "2008",
        "period": "Q4",
        "revenue": 2466503000,
        "costOfRevenue": 1643785000,
        "grossProfit": 822718000,
        "grossProfitRatio": 0.3335564562,
        "researchAndDevelopmentExpenses": 0,
        "generalAndAdministrativeExpenses": 82600000,
        "sellingAndMarketingExpenses": 0,
        "sellingGeneralAndAdministrativeExpenses": 82600000,
        "otherExpenses": 0,
        "operatingExpenses": 82600000,
        "costAndExpenses": 1726385000,
        "interestIncome": 0,
        "interestExpense": 13580000,
        "depreciationAndAmortization": -168421000,
        "ebitda": -99577000,
        "ebitdaratio": -0.0403717328,
        "operatingIncome": 67003000,
        "operatingIncomeRatio": 0.0271651808,
        "totalOtherIncomeExpensesNet": -11739000,
        "incomeBeforeTax": 55264000,
        "incomeBeforeTaxRatio": 0.022405811,
        "incomeTaxExpense": 22935000,
        "netIncome": 32329000,
        "netIncomeRatio": 0.013107221,
        "eps": 0.23,
        "epsdiluted": 0.23,
        "weightedAverageShsOut": 140330000,
        "weightedAverageShsOutDil": 140330000,
        "link": "https://www.sec.gov/Archives/edgar/data/865436/000110465909013034/0001104659-09-013034-index.htm",
        "finalLink": "https://www.sec.gov/Archives/edgar/data/865436/000110465909013034/a09-6494_110q.htm"
    },
    {
        "date": "2008-09-28",
        "symbol": "WFM",
        "reportedCurrency": "USD",
        "cik": "0000865436",
        "fillingDate": "2008-11-26",
        "acceptedDate": "2008-11-26 16:45:43",
        "calendarYear": "2008",
        "period": "Q3",
        "revenue": 6112670000,
        "costOfRevenue": 4038712000,
        "grossProfit": 2073958000,
        "grossProfitRatio": 0.3392883961,
        "researchAndDevelopmentExpenses": 0,
        "generalAndAdministrativeExpenses": 209739000,
        "sellingAndMarketingExpenses": 0,
        "sellingGeneralAndAdministrativeExpenses": 209739000,
        "otherExpenses": 0,
        "operatingExpenses": 209739000,
        "costAndExpenses": 4248451000,
        "interestIncome": 0,
        "interestExpense": 28322000,
        "depreciationAndAmortization": 59827000,
        "ebitda": 237178000,
        "ebitdaratio": 0.0388010477,
        "operatingIncome": 172149000,
        "operatingIncomeRatio": 0.0281626523,
        "totalOtherIncomeExpensesNet": -23120000,
        "incomeBeforeTax": 149029000,
        "incomeBeforeTaxRatio": 0.0243803444,
        "incomeTaxExpense": 68424000,
        "netIncome": 80605000,
        "netIncomeRatio": 0.0131865453,
        "eps": 0.58,
        "epsdiluted": 0.58,
        "weightedAverageShsOut": 139886000,
        "weightedAverageShsOutDil": 139886000,
        "link": "https://www.sec.gov/Archives/edgar/data/865436/000110465908073613/0001104659-08-073613-index.htm",
        "finalLink": "https://www.sec.gov/Archives/edgar/data/865436/000110465908073613/a08-29339_110k.htm"
    },
    {
        "date": "2008-07-06",
        "symbol": "WFM",
        "reportedCurrency": "USD",
        "cik": "0000865436",
        "fillingDate": "2008-08-15",
        "acceptedDate": "2008-08-15 16:22:44",
        "calendarYear": "2008",
        "period": "Q2",
        "revenue": 1841242000,
        "costOfRevenue": 1208495000,
        "grossProfit": 632747000,
        "grossProfitRatio": 0.3436522738,
        "researchAndDevelopmentExpenses": 0,
        "generalAndAdministrativeExpenses": 60689000,
        "sellingAndMarketingExpenses": 0,
        "sellingGeneralAndAdministrativeExpenses": 60689000,
        "otherExpenses": 0,
        "operatingExpenses": 60689000,
        "costAndExpenses": 1269184000,
        "interestIncome": 0,
        "interestExpense": 8094000,
        "depreciationAndAmortization": 57789000,
        "ebitda": 123373000,
        "ebitdaratio": 0.0670053149,
        "operatingIncome": 64089000,
        "operatingIncomeRatio": 0.0348074832,
        "totalOtherIncomeExpensesNet": -6599000,
        "incomeBeforeTax": 57490000,
        "incomeBeforeTaxRatio": 0.0312234894,
        "incomeTaxExpense": 23571000,
        "netIncome": 33919000,
        "netIncomeRatio": 0.0184218044,
        "eps": 0.24,
        "epsdiluted": 0.24,
        "weightedAverageShsOut": 140231000,
        "weightedAverageShsOutDil": 140231000,
        "link": "https://www.sec.gov/Archives/edgar/data/865436/000110465908053417/0001104659-08-053417-index.htm",
        "finalLink": "https://www.sec.gov/Archives/edgar/data/865436/000110465908053417/a08-21828_110q.htm"
    },
    {
        "date": "2008-04-13",
        "symbol": "WFM",
        "reportedCurrency": "USD",
        "cik": "0000865436",
        "fillingDate": "2008-05-23",
        "acceptedDate": "2008-05-23 12:42:40",
        "calendarYear": "2008",
        "period": "Q1",
        "revenue": 1866493000,
        "costOfRevenue": 1215089000,
        "grossProfit": 651404000,
        "grossProfitRatio": 0.3489988979,
        "researchAndDevelopmentExpenses": 0,
        "generalAndAdministrativeExpenses": 67658000,
        "sellingAndMarketingExpenses": 0,
        "sellingGeneralAndAdministrativeExpenses": 67658000,
        "otherExpenses": 0,
        "operatingExpenses": 67658000,
        "costAndExpenses": 1282747000,
        "interestIncome": 0,
        "interestExpense": 8438000,
        "depreciationAndAmortization": 57115000,
        "ebitda": 133282000,
        "ebitdaratio": 0.0714077149,
        "operatingIncome": 74986000,
        "operatingIncomeRatio": 0.0401748091,
        "totalOtherIncomeExpensesNet": -7257000,
        "incomeBeforeTax": 67729000,
        "incomeBeforeTaxRatio": 0.0362867688,
        "incomeTaxExpense": 27769000,
        "netIncome": 39960000,
        "netIncomeRatio": 0.0214091347,
        "eps": 0.29,
        "epsdiluted": 0.29,
        "weightedAverageShsOut": 139818000,
        "weightedAverageShsOutDil": 139818000,
        "link": "https://www.sec.gov/Archives/edgar/data/865436/000110465908035555/0001104659-08-035555-index.htm",
        "finalLink": "https://www.sec.gov/Archives/edgar/data/865436/000110465908035555/a08-15170_110q.htm"
    },
    {
        "date": "2008-01-20",
        "symbol": "WFM",
        "reportedCurrency": "USD",
        "cik": "0000865436",
        "fillingDate": "2008-02-29",
        "acceptedDate": "2008-02-29 14:03:06",
        "calendarYear": "2007",
        "period": "Q4",
        "revenue": 2457258000,
        "costOfRevenue": 1630706000,
        "grossProfit": 826552000,
        "grossProfitRatio": 0.3363716793,
        "researchAndDevelopmentExpenses": 0,
        "generalAndAdministrativeExpenses": 87412000,
        "sellingAndMarketingExpenses": 0,
        "sellingGeneralAndAdministrativeExpenses": 87412000,
        "otherExpenses": 0,
        "operatingExpenses": 87412000,
        "costAndExpenses": 1718118000,
        "interestIncome": 0,
        "interestExpense": 11581000,
        "depreciationAndAmortization": -111908000,
        "ebitda": -34540000,
        "ebitdaratio": -0.0140563181,
        "operatingIncome": 74614000,
        "operatingIncomeRatio": 0.0303647399,
        "totalOtherIncomeExpensesNet": -8827000,
        "incomeBeforeTax": 65787000,
        "incomeBeforeTaxRatio": 0.0267725245,
        "incomeTaxExpense": 26644000,
        "netIncome": 39143000,
        "netIncomeRatio": 0.0159295442,
        "eps": 0.28,
        "epsdiluted": 0.28,
        "weightedAverageShsOut": 139377000,
        "weightedAverageShsOutDil": 139377000,
        "link": "https://www.sec.gov/Archives/edgar/data/865436/000110465908014170/0001104659-08-014170-index.htm",
        "finalLink": "https://www.sec.gov/Archives/edgar/data/865436/000110465908014170/a08-6927_110q.htm"
    },
    {
        "date": "2007-09-30",
        "symbol": "WFM",
        "reportedCurrency": "USD",
        "cik": "0000865436",
        "fillingDate": "2007-11-29",
        "acceptedDate": "2007-11-29 15:47:35",
        "calendarYear": "2007",
        "period": "Q3",
        "revenue": 5077353000,
        "costOfRevenue": 3319040000,
        "grossProfit": 1758313000,
        "grossProfitRatio": 0.346305053,
        "researchAndDevelopmentExpenses": 0,
        "generalAndAdministrativeExpenses": 168740000,
        "sellingAndMarketingExpenses": 0,
        "sellingGeneralAndAdministrativeExpenses": 168740000,
        "otherExpenses": 0,
        "operatingExpenses": 168740000,
        "costAndExpenses": 3487780000,
        "interestIncome": 0,
        "interestExpense": 4208000,
        "depreciationAndAmortization": 48747000,
        "ebitda": 275744000,
        "ebitdaratio": 0.0543086132,
        "operatingIncome": 217872000,
        "operatingIncomeRatio": 0.0429105481,
        "totalOtherIncomeExpensesNet": 4917000,
        "incomeBeforeTax": 222789000,
        "incomeBeforeTaxRatio": 0.0438789661,
        "incomeTaxExpense": 89116000,
        "netIncome": 133673000,
        "netIncomeRatio": 0.0263273009,
        "eps": 0.95,
        "epsdiluted": 0.95,
        "weightedAverageShsOut": 140088000,
        "weightedAverageShsOutDil": 140088000,
        "link": "https://www.sec.gov/Archives/edgar/data/865436/000104746907009605/0001047469-07-009605-index.htm",
        "finalLink": "https://www.sec.gov/Archives/edgar/data/865436/000104746907009605/a2181371z10-k.htm"
    },
    {
        "date": "2007-07-01",
        "symbol": "WFM",
        "reportedCurrency": "USD",
        "cik": "0000865436",
        "fillingDate": "2007-08-09",
        "acceptedDate": "2007-08-09 13:57:28",
        "calendarYear": "2007",
        "period": "Q2",
        "revenue": 51210000,
        "costOfRevenue": 27392000,
        "grossProfit": 23818000,
        "grossProfitRatio": 0.4651044718,
        "researchAndDevelopmentExpenses": 0,
        "generalAndAdministrativeExpenses": 3547000,
        "sellingAndMarketingExpenses": 0,
        "sellingGeneralAndAdministrativeExpenses": 3547000,
        "otherExpenses": 0,
        "operatingExpenses": 3547000,
        "costAndExpenses": 30939000,
        "interestIncome": 0,
        "interestExpense": 0,
        "depreciationAndAmortization": 42509000,
        "ebitda": 47638000,
        "ebitdaratio": 0.9302479984,
        "operatingIncome": 5492000,
        "operatingIncomeRatio": 0.1072446788,
        "totalOtherIncomeExpensesNet": -363000,
        "incomeBeforeTax": 5129000,
        "incomeBeforeTaxRatio": 0.1001562195,
        "incomeTaxExpense": 2051000,
        "netIncome": 3078000,
        "netIncomeRatio": 0.0601054482,
        "eps": 0.022,
        "epsdiluted": 0.022,
        "weightedAverageShsOut": 140061000,
        "weightedAverageShsOutDil": 140061000,
        "link": "https://www.sec.gov/Archives/edgar/data/865436/000110465907060728/0001104659-07-060728-index.htm",
        "finalLink": "https://www.sec.gov/Archives/edgar/data/865436/000110465907060728/a07-19407_110q.htm"
    },
    {
        "date": "2007-04-08",
        "symbol": "WFM",
        "reportedCurrency": "USD",
        "cik": "0000865436",
        "fillingDate": "2007-05-18",
        "acceptedDate": "2007-05-18 14:17:10",
        "calendarYear": "2007",
        "period": "Q1",
        "revenue": 1463210000,
        "costOfRevenue": 948738000,
        "grossProfit": 514472000,
        "grossProfitRatio": 0.3516050328,
        "researchAndDevelopmentExpenses": 0,
        "generalAndAdministrativeExpenses": 45456000,
        "sellingAndMarketingExpenses": 0,
        "sellingGeneralAndAdministrativeExpenses": 45456000,
        "otherExpenses": 0,
        "operatingExpenses": 45456000,
        "costAndExpenses": 994194000,
        "interestIncome": 0,
        "interestExpense": 0,
        "depreciationAndAmortization": 42403000,
        "ebitda": 119052000,
        "ebitdaratio": 0.0813635773,
        "operatingIncome": 74087000,
        "operatingIncomeRatio": 0.0506331969,
        "totalOtherIncomeExpensesNet": 2562000,
        "incomeBeforeTax": 76649000,
        "incomeBeforeTaxRatio": 0.0523841417,
        "incomeTaxExpense": 30660000,
        "netIncome": 45989000,
        "netIncomeRatio": 0.0314302117,
        "eps": 0.33,
        "epsdiluted": 0.33,
        "weightedAverageShsOut": 140953000,
        "weightedAverageShsOutDil": 140953000,
        "link": "https://www.sec.gov/Archives/edgar/data/865436/000110465907041384/0001104659-07-041384-index.htm",
        "finalLink": "https://www.sec.gov/Archives/edgar/data/865436/000110465907041384/a07-14681_110q.htm"
    },
    {
        "date": "2007-01-14",
        "symbol": "WFM",
        "reportedCurrency": "USD",
        "cik": "0000865436",
        "fillingDate": "2007-02-23",
        "acceptedDate": "2007-02-23 13:29:16",
        "calendarYear": "2006",
        "period": "Q4",
        "revenue": 1870731000,
        "costOfRevenue": 1229972000,
        "grossProfit": 640759000,
        "grossProfitRatio": 0.3425179783,
        "researchAndDevelopmentExpenses": 0,
        "generalAndAdministrativeExpenses": 56132000,
        "sellingAndMarketingExpenses": 0,
        "sellingGeneralAndAdministrativeExpenses": 56132000,
        "otherExpenses": 0,
        "operatingExpenses": 56132000,
        "costAndExpenses": 1286104000,
        "interestIncome": 0,
        "interestExpense": 0,
        "depreciationAndAmortization": -103492000,
        "ebitda": -13901000,
        "ebitdaratio": -0.0074307851,
        "operatingIncome": 85546000,
        "operatingIncomeRatio": 0.0457286483,
        "totalOtherIncomeExpensesNet": 4045000,
        "incomeBeforeTax": 89591000,
        "incomeBeforeTaxRatio": 0.0478909047,
        "incomeTaxExpense": 35836000,
        "netIncome": 53755000,
        "netIncomeRatio": 0.0287347566,
        "eps": 0.38,
        "epsdiluted": 0.38,
        "weightedAverageShsOut": 140267000,
        "weightedAverageShsOutDil": 140267000,
        "link": "https://www.sec.gov/Archives/edgar/data/865436/000110465907013392/0001104659-07-013392-index.htm",
        "finalLink": "https://www.sec.gov/Archives/edgar/data/865436/000110465907013392/a07-5082_110q.htm"
    },
    {
        "date": "2006-09-24",
        "symbol": "WFM",
        "reportedCurrency": "USD",
        "cik": "0000865436",
        "fillingDate": "2006-12-08",
        "acceptedDate": "2006-12-08 13:07:06",
        "calendarYear": "2006",
        "period": "Q3",
        "revenue": 4269490000,
        "costOfRevenue": 2781474000,
        "grossProfit": 1488016000,
        "grossProfitRatio": 0.3485231257,
        "researchAndDevelopmentExpenses": 0,
        "generalAndAdministrativeExpenses": 137289000,
        "sellingAndMarketingExpenses": 0,
        "sellingGeneralAndAdministrativeExpenses": 137289000,
        "otherExpenses": 0,
        "operatingExpenses": 137289000,
        "costAndExpenses": 2918763000,
        "interestIncome": 0,
        "interestExpense": 24000,
        "depreciationAndAmortization": 37575000,
        "ebitda": 287483000,
        "ebitdaratio": 0.0673342718,
        "operatingIncome": 234753000,
        "operatingIncomeRatio": 0.0549838505,
        "totalOtherIncomeExpensesNet": 15131000,
        "incomeBeforeTax": 249884000,
        "incomeBeforeTaxRatio": 0.0585278335,
        "incomeTaxExpense": 99954000,
        "netIncome": 149930000,
        "netIncomeRatio": 0.0351166064,
        "eps": 1.08,
        "epsdiluted": 1.08,
        "weightedAverageShsOut": 139328000,
        "weightedAverageShsOutDil": 139328000,
        "link": "https://www.sec.gov/Archives/edgar/data/865436/000119312506249376/0001193125-06-249376-index.htm",
        "finalLink": "https://www.sec.gov/Archives/edgar/data/865436/000119312506249376/d10k.htm"
    },
    {
        "date": "2006-07-02",
        "symbol": "WFM",
        "reportedCurrency": "USD",
        "cik": "0000865436",
        "fillingDate": "2006-08-11",
        "acceptedDate": "2006-08-11 13:24:55",
        "calendarYear": "2006",
        "period": "Q2",
        "revenue": 26366000,
        "costOfRevenue": 18240000,
        "grossProfit": 8126000,
        "grossProfitRatio": 0.3081999545,
        "researchAndDevelopmentExpenses": 0,
        "generalAndAdministrativeExpenses": 534000,
        "sellingAndMarketingExpenses": 0,
        "sellingGeneralAndAdministrativeExpenses": 534000,
        "otherExpenses": 0,
        "operatingExpenses": 534000,
        "costAndExpenses": 18774000,
        "interestIncome": 0,
        "interestExpense": 8000,
        "depreciationAndAmortization": 37340000,
        "ebitda": 40824000,
        "ebitdaratio": 1.5483577334,
        "operatingIncome": 1971000,
        "operatingIncomeRatio": 0.0747553668,
        "totalOtherIncomeExpensesNet": 1505000,
        "incomeBeforeTax": 3476000,
        "incomeBeforeTaxRatio": 0.131836456,
        "incomeTaxExpense": 1389000,
        "netIncome": 2087000,
        "netIncomeRatio": 0.0791549723,
        "eps": 0.0148,
        "epsdiluted": 0.0148,
        "weightedAverageShsOut": 140712000,
        "weightedAverageShsOutDil": 140712000,
        "link": "https://www.sec.gov/Archives/edgar/data/865436/000119312506170569/0001193125-06-170569-index.htm",
        "finalLink": "https://www.sec.gov/Archives/edgar/data/865436/000119312506170569/d10q.htm"
    },
    {
        "date": "2006-04-09",
        "symbol": "WFM",
        "reportedCurrency": "USD",
        "cik": "0000865436",
        "fillingDate": "2006-05-19",
        "acceptedDate": "2006-05-19 13:43:45",
        "calendarYear": "2006",
        "period": "Q1",
        "revenue": 1311520000,
        "costOfRevenue": 848020000,
        "grossProfit": 463500000,
        "grossProfitRatio": 0.3534067342,
        "researchAndDevelopmentExpenses": 0,
        "generalAndAdministrativeExpenses": -7468000,
        "sellingAndMarketingExpenses": 0,
        "sellingGeneralAndAdministrativeExpenses": -7468000,
        "otherExpenses": 0,
        "operatingExpenses": -7468000,
        "costAndExpenses": 840552000,
        "interestIncome": 0,
        "interestExpense": -3000,
        "depreciationAndAmortization": 34909000,
        "ebitda": 24063000,
        "ebitdaratio": 0.0183474137,
        "operatingIncome": -8832000,
        "operatingIncomeRatio": -0.006734171,
        "totalOtherIncomeExpensesNet": -2011000,
        "incomeBeforeTax": -10843000,
        "incomeBeforeTaxRatio": -0.0082675064,
        "incomeTaxExpense": -4336000,
        "netIncome": -6507000,
        "netIncomeRatio": -0.0049614188,
        "eps": -0.0467,
        "epsdiluted": -0.0467,
        "weightedAverageShsOut": 139450000,
        "weightedAverageShsOutDil": 139450000,
        "link": "https://www.sec.gov/Archives/edgar/data/865436/000119312506116169/0001193125-06-116169-index.htm",
        "finalLink": "https://www.sec.gov/Archives/edgar/data/865436/000119312506116169/d10q.htm"
    },
    {
        "date": "2006-01-15",
        "symbol": "WFM",
        "reportedCurrency": "USD",
        "cik": "0000865436",
        "fillingDate": "2006-02-24",
        "acceptedDate": "2006-02-24 11:42:18",
        "calendarYear": "2005",
        "period": "Q4",
        "revenue": 574935000,
        "costOfRevenue": 0,
        "grossProfit": 574935000,
        "grossProfitRatio": 1,
        "researchAndDevelopmentExpenses": 0,
        "generalAndAdministrativeExpenses": 50889000,
        "sellingAndMarketingExpenses": 0,
        "sellingGeneralAndAdministrativeExpenses": 50889000,
        "otherExpenses": 0,
        "operatingExpenses": 50889000,
        "costAndExpenses": 50889000,
        "interestIncome": 0,
        "interestExpense": 3000,
        "depreciationAndAmortization": -87360000,
        "ebitda": 9839000,
        "ebitdaratio": 0.0171132389,
        "operatingIncome": 91117000,
        "operatingIncomeRatio": 0.1584822632,
        "totalOtherIncomeExpensesNet": 6079000,
        "incomeBeforeTax": 97196000,
        "incomeBeforeTaxRatio": 0.1690556324,
        "incomeTaxExpense": 38878000,
        "netIncome": 58318000,
        "netIncomeRatio": 0.1014340752,
        "eps": 0.42,
        "epsdiluted": 0.42,
        "weightedAverageShsOut": 137532000,
        "weightedAverageShsOutDil": 137532000,
        "link": "https://www.sec.gov/Archives/edgar/data/865436/000119312506038402/0001193125-06-038402-index.htm",
        "finalLink": "https://www.sec.gov/Archives/edgar/data/865436/000119312506038402/d10q.htm"
    },
    {
        "date": "2005-09-25",
        "symbol": "WFM",
        "reportedCurrency": "USD",
        "cik": "0000865436",
        "fillingDate": "2005-12-08",
        "acceptedDate": "2005-12-08 16:35:53",
        "calendarYear": "2005",
        "period": "Q3",
        "revenue": 3568553000,
        "costOfRevenue": 2318253000,
        "grossProfit": 1250300000,
        "grossProfitRatio": 0.3503661008,
        "researchAndDevelopmentExpenses": 0,
        "generalAndAdministrativeExpenses": 119246000,
        "sellingAndMarketingExpenses": 0,
        "sellingGeneralAndAdministrativeExpenses": 119246000,
        "otherExpenses": 0,
        "operatingExpenses": 119246000,
        "costAndExpenses": 2437499000,
        "interestIncome": 0,
        "interestExpense": 2060000,
        "depreciationAndAmortization": 31026000,
        "ebitda": 200692000,
        "ebitdaratio": 0.0562390414,
        "operatingIncome": 162911000,
        "operatingIncomeRatio": 0.045651837,
        "totalOtherIncomeExpensesNet": 4695000,
        "incomeBeforeTax": 167606000,
        "incomeBeforeTaxRatio": 0.0469674963,
        "incomeTaxExpense": 72971000,
        "netIncome": 94635000,
        "netIncomeRatio": 0.0265191522,
        "eps": 1.45,
        "epsdiluted": 1.45,
        "weightedAverageShsOut": 65045000,
        "weightedAverageShsOutDil": 65045000,
        "link": "https://www.sec.gov/Archives/edgar/data/865436/000119312505239199/0001193125-05-239199-index.htm",
        "finalLink": "https://www.sec.gov/Archives/edgar/data/865436/000119312505239199/d10k.htm"
    },
    {
        "date": "2005-07-03",
        "symbol": "WFM",
        "reportedCurrency": "USD",
        "cik": "0000865436",
        "fillingDate": "2005-08-10",
        "acceptedDate": "2005-08-10 15:48:44",
        "calendarYear": "2005",
        "period": "Q2",
        "revenue": 47578000,
        "costOfRevenue": 36245000,
        "grossProfit": 11333000,
        "grossProfitRatio": 0.238198327,
        "researchAndDevelopmentExpenses": 0,
        "generalAndAdministrativeExpenses": 4845000,
        "sellingAndMarketingExpenses": 0,
        "sellingGeneralAndAdministrativeExpenses": 4845000,
        "otherExpenses": 0,
        "operatingExpenses": 4845000,
        "costAndExpenses": 41090000,
        "interestIncome": 0,
        "interestExpense": -179000,
        "depreciationAndAmortization": 31099000,
        "ebitda": 30392000,
        "ebitdaratio": 0.6387826306,
        "operatingIncome": -1462000,
        "operatingIncomeRatio": -0.030728488,
        "totalOtherIncomeExpensesNet": 934000,
        "incomeBeforeTax": -528000,
        "incomeBeforeTaxRatio": -0.0110975661,
        "incomeTaxExpense": -212000,
        "netIncome": -316000,
        "netIncomeRatio": -0.0066417252,
        "eps": -0.0048,
        "epsdiluted": -0.0048,
        "weightedAverageShsOut": 65899000,
        "weightedAverageShsOutDil": 65899000,
        "link": "https://www.sec.gov/Archives/edgar/data/865436/000119312505163791/0001193125-05-163791-index.htm",
        "finalLink": "https://www.sec.gov/Archives/edgar/data/865436/000119312505163791/d10q.htm"
    },
    {
        "date": "2005-04-10",
        "symbol": "WFM",
        "reportedCurrency": "USD",
        "cik": "0000865436",
        "fillingDate": "2005-05-20",
        "acceptedDate": "2005-05-20 11:10:31",
        "calendarYear": "2005",
        "period": "Q1",
        "revenue": 1085158000,
        "costOfRevenue": 697686000,
        "grossProfit": 387472000,
        "grossProfitRatio": 0.3570650541,
        "researchAndDevelopmentExpenses": 0,
        "generalAndAdministrativeExpenses": 34773000,
        "sellingAndMarketingExpenses": 0,
        "sellingGeneralAndAdministrativeExpenses": 34773000,
        "otherExpenses": 0,
        "operatingExpenses": 34773000,
        "costAndExpenses": 732459000,
        "interestIncome": 0,
        "interestExpense": 342000,
        "depreciationAndAmortization": 32290000,
        "ebitda": 102687000,
        "ebitdaratio": 0.0946286163,
        "operatingIncome": 68284000,
        "operatingIncomeRatio": 0.0629253989,
        "totalOtherIncomeExpensesNet": 1771000,
        "incomeBeforeTax": 70055000,
        "incomeBeforeTaxRatio": 0.0645574193,
        "incomeTaxExpense": 28023000,
        "netIncome": 42032000,
        "netIncomeRatio": 0.03873353,
        "eps": 0.65,
        "epsdiluted": 0.65,
        "weightedAverageShsOut": 64751000,
        "weightedAverageShsOutDil": 64751000,
        "link": "https://www.sec.gov/Archives/edgar/data/865436/000119312505111992/0001193125-05-111992-index.htm",
        "finalLink": "https://www.sec.gov/Archives/edgar/data/865436/000119312505111992/d10q.htm"
    },
    {
        "date": "2005-01-16",
        "symbol": "WFM",
        "reportedCurrency": "USD",
        "cik": "0000865436",
        "fillingDate": "2005-03-02",
        "acceptedDate": "2005-03-02 16:48:25",
        "calendarYear": "2004",
        "period": "Q4",
        "revenue": 1368328000,
        "costOfRevenue": 895486000,
        "grossProfit": 472842000,
        "grossProfitRatio": 0.3455618828,
        "researchAndDevelopmentExpenses": 0,
        "generalAndAdministrativeExpenses": 40401000,
        "sellingAndMarketingExpenses": 0,
        "sellingGeneralAndAdministrativeExpenses": 40401000,
        "otherExpenses": 0,
        "operatingExpenses": 40401000,
        "costAndExpenses": 935887000,
        "interestIncome": 0,
        "interestExpense": 1708000,
        "depreciationAndAmortization": -72547000,
        "ebitda": 6109000,
        "ebitdaratio": 0.0044645728,
        "operatingIncome": 77462000,
        "operatingIncomeRatio": 0.0566106957,
        "totalOtherIncomeExpensesNet": -514000,
        "incomeBeforeTax": 76948000,
        "incomeBeforeTaxRatio": 0.0562350548,
        "incomeTaxExpense": 30778000,
        "netIncome": 46170000,
        "netIncomeRatio": 0.0337419098,
        "eps": 0.74,
        "epsdiluted": 0.74,
        "weightedAverageShsOut": 62794000,
        "weightedAverageShsOutDil": 62794000,
        "link": "https://www.sec.gov/Archives/edgar/data/865436/000119312505040849/0001193125-05-040849-index.htm",
        "finalLink": "https://www.sec.gov/Archives/edgar/data/865436/000119312505040849/d10q.htm"
    },
    {
        "date": "2004-09-26",
        "symbol": "WFM",
        "reportedCurrency": "USD",
        "cik": "0000865436",
        "fillingDate": "2004-12-10",
        "acceptedDate": "2004-12-10 15:11:58",
        "calendarYear": "2004",
        "period": "Q3",
        "revenue": 2947595000,
        "costOfRevenue": 1921207000,
        "grossProfit": 1026388000,
        "grossProfitRatio": 0.3482120169,
        "researchAndDevelopmentExpenses": 0,
        "generalAndAdministrativeExpenses": 92249000,
        "sellingAndMarketingExpenses": 0,
        "sellingGeneralAndAdministrativeExpenses": 92249000,
        "otherExpenses": 0,
        "operatingExpenses": 92249000,
        "costAndExpenses": 2013456000,
        "interestIncome": 0,
        "interestExpense": 5930000,
        "depreciationAndAmortization": 28035000,
        "ebitda": 207674000,
        "ebitdaratio": 0.0704554052,
        "operatingIncome": 174965000,
        "operatingIncomeRatio": 0.0593585618,
        "totalOtherIncomeExpensesNet": -1256000,
        "incomeBeforeTax": 173709000,
        "incomeBeforeTaxRatio": 0.0589324517,
        "incomeTaxExpense": 69485000,
        "netIncome": 104224000,
        "netIncomeRatio": 0.0353589961,
        "eps": 1.7,
        "epsdiluted": 1.7,
        "weightedAverageShsOut": 61324000,
        "weightedAverageShsOutDil": 61324000,
        "link": "https://www.sec.gov/Archives/edgar/data/865436/000119312504211025/0001193125-04-211025-index.htm",
        "finalLink": "https://www.sec.gov/Archives/edgar/data/865436/000119312504211025/d10k.htm"
    },
    {
        "date": "2004-07-04",
        "symbol": "WFM",
        "reportedCurrency": "USD",
        "cik": "0000865436",
        "fillingDate": "2004-08-13",
        "acceptedDate": "2004-08-13 17:03:23",
        "calendarYear": "2004",
        "period": "Q2",
        "revenue": 15214000,
        "costOfRevenue": 18165000,
        "grossProfit": -2951000,
        "grossProfitRatio": -0.1939660839,
        "researchAndDevelopmentExpenses": 0,
        "generalAndAdministrativeExpenses": -1232000,
        "sellingAndMarketingExpenses": 0,
        "sellingGeneralAndAdministrativeExpenses": -1232000,
        "otherExpenses": 0,
        "operatingExpenses": -1232000,
        "costAndExpenses": 16933000,
        "interestIncome": 0,
        "interestExpense": -540000,
        "depreciationAndAmortization": 26124000,
        "ebitda": 21639000,
        "ebitdaratio": 1.4223084002,
        "operatingIncome": -4764000,
        "operatingIncomeRatio": -0.313132641,
        "totalOtherIncomeExpensesNet": 819000,
        "incomeBeforeTax": -3945000,
        "incomeBeforeTaxRatio": -0.2593006441,
        "incomeTaxExpense": -1580000,
        "netIncome": -2365000,
        "netIncomeRatio": -0.1554489286,
        "eps": -0.0382,
        "epsdiluted": -0.0382,
        "weightedAverageShsOut": 61951000,
        "weightedAverageShsOutDil": 61951000,
        "link": "https://www.sec.gov/Archives/edgar/data/865436/000119312504140618/0001193125-04-140618-index.htm",
        "finalLink": "https://www.sec.gov/Archives/edgar/data/865436/000119312504140618/d10q.htm"
    },
    {
        "date": "2004-04-11",
        "symbol": "WFM",
        "reportedCurrency": "USD",
        "cik": "0000865436",
        "fillingDate": "2004-05-21",
        "acceptedDate": "2004-05-21 15:25:58",
        "calendarYear": "2004",
        "period": "Q1",
        "revenue": 902141000,
        "costOfRevenue": 582239000,
        "grossProfit": 319902000,
        "grossProfitRatio": 0.3546031053,
        "researchAndDevelopmentExpenses": 0,
        "generalAndAdministrativeExpenses": 28783000,
        "sellingAndMarketingExpenses": 0,
        "sellingGeneralAndAdministrativeExpenses": 28783000,
        "otherExpenses": 0,
        "operatingExpenses": 28783000,
        "costAndExpenses": 611022000,
        "interestIncome": 0,
        "interestExpense": 1859000,
        "depreciationAndAmortization": 25550000,
        "ebitda": 86167000,
        "ebitdaratio": 0.0955138942,
        "operatingIncome": 59114000,
        "operatingIncomeRatio": 0.0655263423,
        "totalOtherIncomeExpensesNet": -356000,
        "incomeBeforeTax": 58758000,
        "incomeBeforeTaxRatio": 0.0651317255,
        "incomeTaxExpense": 23504000,
        "netIncome": 35254000,
        "netIncomeRatio": 0.0390781485,
        "eps": 0.58,
        "epsdiluted": 0.58,
        "weightedAverageShsOut": 61035000,
        "weightedAverageShsOutDil": 61035000,
        "link": "https://www.sec.gov/Archives/edgar/data/865436/000119312504092940/0001193125-04-092940-index.htm",
        "finalLink": "https://www.sec.gov/Archives/edgar/data/865436/000119312504092940/d10q.htm"
    },
    {
        "date": "2004-01-18",
        "symbol": "WFM",
        "reportedCurrency": "USD",
        "cik": "0000865436",
        "fillingDate": "2004-02-27",
        "acceptedDate": "2004-02-27 13:41:17",
        "calendarYear": "2003",
        "period": "Q4",
        "revenue": 1118148000,
        "costOfRevenue": 733003000,
        "grossProfit": 385145000,
        "grossProfitRatio": 0.3444490354,
        "researchAndDevelopmentExpenses": 0,
        "generalAndAdministrativeExpenses": 35869000,
        "sellingAndMarketingExpenses": 0,
        "sellingGeneralAndAdministrativeExpenses": 35869000,
        "otherExpenses": 0,
        "operatingExpenses": 35869000,
        "costAndExpenses": 768872000,
        "interestIncome": 0,
        "interestExpense": 2478000,
        "depreciationAndAmortization": -65804000,
        "ebitda": 1244000,
        "ebitdaratio": 0.001112554,
        "operatingIncome": 65584000,
        "operatingIncomeRatio": 0.0586541317,
        "totalOtherIncomeExpensesNet": -1014000,
        "incomeBeforeTax": 64570000,
        "incomeBeforeTaxRatio": 0.057747275,
        "incomeTaxExpense": 25828000,
        "netIncome": 38742000,
        "netIncomeRatio": 0.034648365,
        "eps": 0.64,
        "epsdiluted": 0.64,
        "weightedAverageShsOut": 60309000,
        "weightedAverageShsOutDil": 60309000,
        "link": "https://www.sec.gov/Archives/edgar/data/865436/000119312504031060/0001193125-04-031060-index.htm",
        "finalLink": "https://www.sec.gov/Archives/edgar/data/865436/000119312504031060/d10q.htm"
    }
]