[
    {
        "date": "2025-09-30",
        "symbol": "WH",
        "reportedCurrency": "USD",
        "cik": "0001722684",
        "fillingDate": "2025-10-23",
        "acceptedDate": "2025-10-23 14:41:28",
        "calendarYear": "2025",
        "period": "Q3",
        "revenue": 382000000,
        "costOfRevenue": 29000000,
        "grossProfit": 353000000,
        "grossProfitRatio": 0.9240837696,
        "researchAndDevelopmentExpenses": 0,
        "generalAndAdministrativeExpenses": 26000000,
        "sellingAndMarketingExpenses": 149000000,
        "sellingGeneralAndAdministrativeExpenses": 175000000,
        "otherExpenses": 0,
        "operatingExpenses": 175000000,
        "costAndExpenses": 204000000,
        "interestIncome": 0,
        "interestExpense": 36000000,
        "depreciationAndAmortization": 15000000,
        "ebitda": 196000000,
        "ebitdaratio": 0.5130890052,
        "operatingIncome": 178000000,
        "operatingIncomeRatio": 0.4659685864,
        "totalOtherIncomeExpensesNet": -36000000,
        "incomeBeforeTax": 142000000,
        "incomeBeforeTaxRatio": 0.3717277487,
        "incomeTaxExpense": 37000000,
        "netIncome": 105000000,
        "netIncomeRatio": 0.2748691099,
        "eps": 1.37,
        "epsdiluted": 1.36,
        "weightedAverageShsOut": 76400000,
        "weightedAverageShsOutDil": 76900000,
        "link": "https://www.sec.gov/Archives/edgar/data/1722684/000172268425000054/0001722684-25-000054-index.htm",
        "finalLink": "https://www.sec.gov/Archives/edgar/data/1722684/000172268425000054/wh-20250930.htm"
    },
    {
        "date": "2025-06-30",
        "symbol": "WH",
        "reportedCurrency": "USD",
        "cik": "0001722684",
        "fillingDate": "2025-07-24",
        "acceptedDate": "2025-07-24 14:34:45",
        "calendarYear": "2025",
        "period": "Q2",
        "revenue": 397000000,
        "costOfRevenue": 25000000,
        "grossProfit": 371000000,
        "grossProfitRatio": 0.9345088161,
        "researchAndDevelopmentExpenses": 0,
        "generalAndAdministrativeExpenses": 31000000,
        "sellingAndMarketingExpenses": 143000000,
        "sellingGeneralAndAdministrativeExpenses": 174000000,
        "otherExpenses": -89000000,
        "operatingExpenses": 85000000,
        "costAndExpenses": 247000000,
        "interestIncome": 0,
        "interestExpense": 34000000,
        "depreciationAndAmortization": 15000000,
        "ebitda": 179000000,
        "ebitdaratio": 0.4508816121,
        "operatingIncome": 150000000,
        "operatingIncomeRatio": 0.3778337531,
        "totalOtherIncomeExpensesNet": -34000000,
        "incomeBeforeTax": 116000000,
        "incomeBeforeTaxRatio": 0.2921914358,
        "incomeTaxExpense": 29000000,
        "netIncome": 87000000,
        "netIncomeRatio": 0.2191435768,
        "eps": 1.13,
        "epsdiluted": 1.13,
        "weightedAverageShsOut": 77500000,
        "weightedAverageShsOutDil": 78000000,
        "link": "https://www.sec.gov/Archives/edgar/data/1722684/000172268425000029/0001722684-25-000029-index.htm",
        "finalLink": "https://www.sec.gov/Archives/edgar/data/1722684/000172268425000029/wh-20250630.htm"
    },
    {
        "date": "2025-03-31",
        "symbol": "WH",
        "reportedCurrency": "USD",
        "cik": "0001722684",
        "fillingDate": "2025-05-01",
        "acceptedDate": "2025-05-01 12:45:15",
        "calendarYear": "2025",
        "period": "Q1",
        "revenue": 316000000,
        "costOfRevenue": 19000000,
        "grossProfit": 178000000,
        "grossProfitRatio": 0.5632911392,
        "researchAndDevelopmentExpenses": 0,
        "generalAndAdministrativeExpenses": 30000000,
        "sellingAndMarketingExpenses": 116000000,
        "sellingGeneralAndAdministrativeExpenses": 146000000,
        "otherExpenses": -80000000,
        "operatingExpenses": 66000000,
        "costAndExpenses": 204000000,
        "interestIncome": 0,
        "interestExpense": 33000000,
        "depreciationAndAmortization": 15000000,
        "ebitda": 127000000,
        "ebitdaratio": 0.4018987342,
        "operatingIncome": 112000000,
        "operatingIncomeRatio": 0.3544303797,
        "totalOtherIncomeExpensesNet": -33000000,
        "incomeBeforeTax": 79000000,
        "incomeBeforeTaxRatio": 0.25,
        "incomeTaxExpense": 18000000,
        "netIncome": 61000000,
        "netIncomeRatio": 0.1930379747,
        "eps": 0.78,
        "epsdiluted": 0.78,
        "weightedAverageShsOut": 77900000,
        "weightedAverageShsOutDil": 78700000,
        "link": "https://www.sec.gov/Archives/edgar/data/1722684/000172268425000017/0001722684-25-000017-index.htm",
        "finalLink": "https://www.sec.gov/Archives/edgar/data/1722684/000172268425000017/wh-20250331.htm"
    },
    {
        "date": "2024-12-31",
        "symbol": "WH",
        "reportedCurrency": "USD",
        "cik": "0001722684",
        "fillingDate": "2025-02-13",
        "acceptedDate": "2025-02-13 14:53:38",
        "calendarYear": "2024",
        "period": "Q4",
        "revenue": 341000000,
        "costOfRevenue": 0,
        "grossProfit": 341000000,
        "grossProfitRatio": 1,
        "researchAndDevelopmentExpenses": 0,
        "generalAndAdministrativeExpenses": 39000000,
        "sellingAndMarketingExpenses": 129000000,
        "sellingGeneralAndAdministrativeExpenses": 168000000,
        "otherExpenses": 44000000,
        "operatingExpenses": 212000000,
        "costAndExpenses": 212000000,
        "interestIncome": 1000000,
        "interestExpense": 32000000,
        "depreciationAndAmortization": 17000000,
        "ebitda": 151000000,
        "ebitdaratio": 0.4428152493,
        "operatingIncome": 130000000,
        "operatingIncomeRatio": 0.3812316716,
        "totalOtherIncomeExpensesNet": -32000000,
        "incomeBeforeTax": 98000000,
        "incomeBeforeTaxRatio": 0.2873900293,
        "incomeTaxExpense": 13000000,
        "netIncome": 85000000,
        "netIncomeRatio": 0.2492668622,
        "eps": 1.09,
        "epsdiluted": 1.08,
        "weightedAverageShsOut": 78000000,
        "weightedAverageShsOutDil": 78800000,
        "link": "https://www.sec.gov/Archives/edgar/data/1722684/000172268425000005/0001722684-25-000005-index.htm",
        "finalLink": "https://www.sec.gov/Archives/edgar/data/1722684/000172268425000005/wh-20241231.htm"
    },
    {
        "date": "2024-09-30",
        "symbol": "WH",
        "reportedCurrency": "USD",
        "cik": "0001722684",
        "fillingDate": "2024-10-24",
        "acceptedDate": "2024-10-24 14:46:06",
        "calendarYear": "2024",
        "period": "Q3",
        "revenue": 396000000,
        "costOfRevenue": 23000000,
        "grossProfit": 245000000,
        "grossProfitRatio": 0.6186868687,
        "researchAndDevelopmentExpenses": 0,
        "generalAndAdministrativeExpenses": 30000000,
        "sellingAndMarketingExpenses": 149000000,
        "sellingGeneralAndAdministrativeExpenses": 179000000,
        "otherExpenses": -105000000,
        "operatingExpenses": 74000000,
        "costAndExpenses": 225000000,
        "interestIncome": 0,
        "interestExpense": 34000000,
        "depreciationAndAmortization": 17000000,
        "ebitda": 188000000,
        "ebitdaratio": 0.4747474747,
        "operatingIncome": 171000000,
        "operatingIncomeRatio": 0.4318181818,
        "totalOtherIncomeExpensesNet": -34000000,
        "incomeBeforeTax": 137000000,
        "incomeBeforeTaxRatio": 0.345959596,
        "incomeTaxExpense": 35000000,
        "netIncome": 102000000,
        "netIncomeRatio": 0.2575757576,
        "eps": 1.3,
        "epsdiluted": 1.29,
        "weightedAverageShsOut": 78800000,
        "weightedAverageShsOutDil": 79200000,
        "link": "https://www.sec.gov/Archives/edgar/data/1722684/000172268424000021/0001722684-24-000021-index.htm",
        "finalLink": "https://www.sec.gov/Archives/edgar/data/1722684/000172268424000021/wh-20240930.htm"
    },
    {
        "date": "2024-06-30",
        "symbol": "WH",
        "reportedCurrency": "USD",
        "cik": "0001722684",
        "fillingDate": "2024-07-25",
        "acceptedDate": "2024-07-25 16:00:29",
        "calendarYear": "2024",
        "period": "Q2",
        "revenue": 367000000,
        "costOfRevenue": 196000000,
        "grossProfit": 211000000,
        "grossProfitRatio": 0.5749318801,
        "researchAndDevelopmentExpenses": 0,
        "generalAndAdministrativeExpenses": 32000000,
        "sellingAndMarketingExpenses": 155000000,
        "sellingGeneralAndAdministrativeExpenses": 187000000,
        "otherExpenses": -121000000,
        "operatingExpenses": 66000000,
        "costAndExpenses": 222000000,
        "interestIncome": 0,
        "interestExpense": 30000000,
        "depreciationAndAmortization": 17000000,
        "ebitda": 156000000,
        "ebitdaratio": 0.4250681199,
        "operatingIncome": 145000000,
        "operatingIncomeRatio": 0.3950953678,
        "totalOtherIncomeExpensesNet": -33000000,
        "incomeBeforeTax": 112000000,
        "incomeBeforeTaxRatio": 0.3051771117,
        "incomeTaxExpense": 26000000,
        "netIncome": 86000000,
        "netIncomeRatio": 0.2343324251,
        "eps": 1.07,
        "epsdiluted": 1.07,
        "weightedAverageShsOut": 80400000,
        "weightedAverageShsOutDil": 80700000,
        "link": "https://www.sec.gov/Archives/edgar/data/1722684/000172268424000017/0001722684-24-000017-index.htm",
        "finalLink": "https://www.sec.gov/Archives/edgar/data/1722684/000172268424000017/wh-20240630.htm"
    },
    {
        "date": "2024-03-31",
        "symbol": "WH",
        "reportedCurrency": "USD",
        "cik": "0001722684",
        "fillingDate": "2024-04-25",
        "acceptedDate": "2024-04-25 11:57:54",
        "calendarYear": "2024",
        "period": "Q1",
        "revenue": 305000000,
        "costOfRevenue": 177000000,
        "grossProfit": 128000000,
        "grossProfitRatio": 0.4196721311,
        "researchAndDevelopmentExpenses": 0,
        "generalAndAdministrativeExpenses": 28000000,
        "sellingAndMarketingExpenses": 19000000,
        "sellingGeneralAndAdministrativeExpenses": 47000000,
        "otherExpenses": -9000000,
        "operatingExpenses": 38000000,
        "costAndExpenses": 255000000,
        "interestIncome": 0,
        "interestExpense": 28000000,
        "depreciationAndAmortization": 20000000,
        "ebitda": 129000000,
        "ebitdaratio": 0.4229508197,
        "operatingIncome": 50000000,
        "operatingIncomeRatio": 0.1639344262,
        "totalOtherIncomeExpensesNet": -28000000,
        "incomeBeforeTax": 22000000,
        "incomeBeforeTaxRatio": 0.0721311475,
        "incomeTaxExpense": 6000000,
        "netIncome": 16000000,
        "netIncomeRatio": 0.0524590164,
        "eps": 0.2,
        "epsdiluted": 0.2,
        "weightedAverageShsOut": 81200000,
        "weightedAverageShsOutDil": 81800000,
        "link": "https://www.sec.gov/Archives/edgar/data/1722684/000172268424000011/0001722684-24-000011-index.htm",
        "finalLink": "https://www.sec.gov/Archives/edgar/data/1722684/000172268424000011/wh-20240331.htm"
    },
    {
        "date": "2023-12-31",
        "symbol": "WH",
        "reportedCurrency": "USD",
        "cik": "0001722684",
        "fillingDate": "2024-02-15",
        "acceptedDate": "2024-02-15 13:44:04",
        "calendarYear": "2023",
        "period": "Q4",
        "revenue": 321000000,
        "costOfRevenue": 170000000,
        "grossProfit": 151000000,
        "grossProfitRatio": 0.4704049844,
        "researchAndDevelopmentExpenses": 0,
        "generalAndAdministrativeExpenses": 37000000,
        "sellingAndMarketingExpenses": 123000000,
        "sellingGeneralAndAdministrativeExpenses": 160000000,
        "otherExpenses": -118000000,
        "operatingExpenses": 42000000,
        "costAndExpenses": 217000000,
        "interestIncome": 0,
        "interestExpense": 29000000,
        "depreciationAndAmortization": 20000000,
        "ebitda": 129000000,
        "ebitdaratio": 0.4018691589,
        "operatingIncome": 104000000,
        "operatingIncomeRatio": 0.3239875389,
        "totalOtherIncomeExpensesNet": -29000000,
        "incomeBeforeTax": 75000000,
        "incomeBeforeTaxRatio": 0.2336448598,
        "incomeTaxExpense": 26000000,
        "netIncome": 49000000,
        "netIncomeRatio": 0.1526479751,
        "eps": 0.6,
        "epsdiluted": 0.6,
        "weightedAverageShsOut": 82000000,
        "weightedAverageShsOutDil": 82600000,
        "link": "https://www.sec.gov/Archives/edgar/data/1722684/000172268424000006/0001722684-24-000006-index.htm",
        "finalLink": "https://www.sec.gov/Archives/edgar/data/1722684/000172268424000006/wh-20231231.htm"
    },
    {
        "date": "2023-09-30",
        "symbol": "WH",
        "reportedCurrency": "USD",
        "cik": "0001722684",
        "fillingDate": "2023-10-26",
        "acceptedDate": "2023-10-26 12:38:11",
        "calendarYear": "2023",
        "period": "Q3",
        "revenue": 402000000,
        "costOfRevenue": 164000000,
        "grossProfit": 238000000,
        "grossProfitRatio": 0.592039801,
        "researchAndDevelopmentExpenses": 0,
        "generalAndAdministrativeExpenses": 31000000,
        "sellingAndMarketingExpenses": 24000000,
        "sellingGeneralAndAdministrativeExpenses": 55000000,
        "otherExpenses": 20000000,
        "operatingExpenses": 75000000,
        "costAndExpenses": 238000000,
        "interestIncome": 0,
        "interestExpense": 27000000,
        "depreciationAndAmortization": 19000000,
        "ebitda": 193000000,
        "ebitdaratio": 0.4800995025,
        "operatingIncome": 163000000,
        "operatingIncomeRatio": 0.4054726368,
        "totalOtherIncomeExpensesNet": -27000000,
        "incomeBeforeTax": 136000000,
        "incomeBeforeTaxRatio": 0.3383084577,
        "incomeTaxExpense": 33000000,
        "netIncome": 103000000,
        "netIncomeRatio": 0.2562189055,
        "eps": 1.23,
        "epsdiluted": 1.21,
        "weightedAverageShsOut": 84000000,
        "weightedAverageShsOutDil": 84500000,
        "link": "https://www.sec.gov/Archives/edgar/data/1722684/000172268423000025/0001722684-23-000025-index.htm",
        "finalLink": "https://www.sec.gov/Archives/edgar/data/1722684/000172268423000025/wh-20230930.htm"
    },
    {
        "date": "2023-06-30",
        "symbol": "WH",
        "reportedCurrency": "USD",
        "cik": "0001722684",
        "fillingDate": "2023-07-27",
        "acceptedDate": "2023-07-27 13:05:59",
        "calendarYear": "2023",
        "period": "Q2",
        "revenue": 362000000,
        "costOfRevenue": 164000000,
        "grossProfit": 198000000,
        "grossProfitRatio": 0.546961326,
        "researchAndDevelopmentExpenses": 0,
        "generalAndAdministrativeExpenses": 31000000,
        "sellingAndMarketingExpenses": 160000000,
        "sellingGeneralAndAdministrativeExpenses": 191000000,
        "otherExpenses": -20000000,
        "operatingExpenses": 73000000,
        "costAndExpenses": 237000000,
        "interestIncome": 0,
        "interestExpense": 24000000,
        "depreciationAndAmortization": 19000000,
        "ebitda": 144000000,
        "ebitdaratio": 0.3977900552,
        "operatingIncome": 123000000,
        "operatingIncomeRatio": 0.3397790055,
        "totalOtherIncomeExpensesNet": -27000000,
        "incomeBeforeTax": 96000000,
        "incomeBeforeTaxRatio": 0.2651933702,
        "incomeTaxExpense": 26000000,
        "netIncome": 70000000,
        "netIncomeRatio": 0.1933701657,
        "eps": 0.82,
        "epsdiluted": 0.82,
        "weightedAverageShsOut": 85300000,
        "weightedAverageShsOutDil": 85700000,
        "link": "https://www.sec.gov/Archives/edgar/data/1722684/000172268423000017/0001722684-23-000017-index.htm",
        "finalLink": "https://www.sec.gov/Archives/edgar/data/1722684/000172268423000017/wh-20230630.htm"
    },
    {
        "date": "2023-03-31",
        "symbol": "WH",
        "reportedCurrency": "USD",
        "cik": "0001722684",
        "fillingDate": "2023-04-27",
        "acceptedDate": "2023-04-27 13:16:47",
        "calendarYear": "2023",
        "period": "Q1",
        "revenue": 313000000,
        "costOfRevenue": 129000000,
        "grossProfit": 184000000,
        "grossProfitRatio": 0.5878594249,
        "researchAndDevelopmentExpenses": 0,
        "generalAndAdministrativeExpenses": 30000000,
        "sellingAndMarketingExpenses": 124000000,
        "sellingGeneralAndAdministrativeExpenses": 154000000,
        "otherExpenses": 39000000,
        "operatingExpenses": 69000000,
        "costAndExpenses": 198000000,
        "interestIncome": 0,
        "interestExpense": 22000000,
        "depreciationAndAmortization": 19000000,
        "ebitda": 134000000,
        "ebitdaratio": 0.428115016,
        "operatingIncome": 113000000,
        "operatingIncomeRatio": 0.3610223642,
        "totalOtherIncomeExpensesNet": -22000000,
        "incomeBeforeTax": 91000000,
        "incomeBeforeTaxRatio": 0.2907348243,
        "incomeTaxExpense": 24000000,
        "netIncome": 67000000,
        "netIncomeRatio": 0.214057508,
        "eps": 0.77,
        "epsdiluted": 0.77,
        "weightedAverageShsOut": 86500000,
        "weightedAverageShsOutDil": 87100000,
        "link": "https://www.sec.gov/Archives/edgar/data/1722684/000172268423000010/0001722684-23-000010-index.htm",
        "finalLink": "https://www.sec.gov/Archives/edgar/data/1722684/000172268423000010/wh-20230331.htm"
    },
    {
        "date": "2022-12-31",
        "symbol": "WH",
        "reportedCurrency": "USD",
        "cik": "0001722684",
        "fillingDate": "2023-02-16",
        "acceptedDate": "2023-02-16 12:38:08",
        "calendarYear": "2022",
        "period": "Q4",
        "revenue": 334000000,
        "costOfRevenue": 164000000,
        "grossProfit": 170000000,
        "grossProfitRatio": 0.5089820359,
        "researchAndDevelopmentExpenses": 0,
        "generalAndAdministrativeExpenses": 35000000,
        "sellingAndMarketingExpenses": 140000000,
        "sellingGeneralAndAdministrativeExpenses": 175000000,
        "otherExpenses": 41000000,
        "operatingExpenses": 76000000,
        "costAndExpenses": 240000000,
        "interestIncome": 20000000,
        "interestExpense": 21000000,
        "depreciationAndAmortization": 19000000,
        "ebitda": 113000000,
        "ebitdaratio": 0.3383233533,
        "operatingIncome": 93000000,
        "operatingIncomeRatio": 0.2784431138,
        "totalOtherIncomeExpensesNet": -20000000,
        "incomeBeforeTax": 72000000,
        "incomeBeforeTaxRatio": 0.2155688623,
        "incomeTaxExpense": 16000000,
        "netIncome": 56000000,
        "netIncomeRatio": 0.1676646707,
        "eps": 0.64,
        "epsdiluted": 0.63,
        "weightedAverageShsOut": 87800000,
        "weightedAverageShsOutDil": 88300000,
        "link": "https://www.sec.gov/Archives/edgar/data/1722684/000172268423000005/0001722684-23-000005-index.htm",
        "finalLink": "https://www.sec.gov/Archives/edgar/data/1722684/000172268423000005/wh-20221231.htm"
    },
    {
        "date": "2022-09-30",
        "symbol": "WH",
        "reportedCurrency": "USD",
        "cik": "0001722684",
        "fillingDate": "2022-10-26",
        "acceptedDate": "2022-10-26 12:27:03",
        "calendarYear": "2022",
        "period": "Q3",
        "revenue": 407000000,
        "costOfRevenue": 179000000,
        "grossProfit": 228000000,
        "grossProfitRatio": 0.5601965602,
        "researchAndDevelopmentExpenses": 0,
        "generalAndAdministrativeExpenses": 29000000,
        "sellingAndMarketingExpenses": 147000000,
        "sellingGeneralAndAdministrativeExpenses": 176000000,
        "otherExpenses": 38000000,
        "operatingExpenses": 67000000,
        "costAndExpenses": 246000000,
        "interestIncome": 0,
        "interestExpense": 21000000,
        "depreciationAndAmortization": 18000000,
        "ebitda": 179000000,
        "ebitdaratio": 0.4398034398,
        "operatingIncome": 160000000,
        "operatingIncomeRatio": 0.3931203931,
        "totalOtherIncomeExpensesNet": -21000000,
        "incomeBeforeTax": 139000000,
        "incomeBeforeTaxRatio": 0.3415233415,
        "incomeTaxExpense": 38000000,
        "netIncome": 101000000,
        "netIncomeRatio": 0.2481572482,
        "eps": 1.13,
        "epsdiluted": 1.12,
        "weightedAverageShsOut": 89500000,
        "weightedAverageShsOutDil": 89900000,
        "link": "https://www.sec.gov/Archives/edgar/data/1722684/000172268422000023/0001722684-22-000023-index.htm",
        "finalLink": "https://www.sec.gov/Archives/edgar/data/1722684/000172268422000023/wh-20220930.htm"
    },
    {
        "date": "2022-06-30",
        "symbol": "WH",
        "reportedCurrency": "USD",
        "cik": "0001722684",
        "fillingDate": "2022-07-27",
        "acceptedDate": "2022-07-27 16:03:32",
        "calendarYear": "2022",
        "period": "Q2",
        "revenue": 386000000,
        "costOfRevenue": 165000000,
        "grossProfit": 221000000,
        "grossProfitRatio": 0.5725388601,
        "researchAndDevelopmentExpenses": 0,
        "generalAndAdministrativeExpenses": 31000000,
        "sellingAndMarketingExpenses": 133000000,
        "sellingGeneralAndAdministrativeExpenses": 164000000,
        "otherExpenses": 0,
        "operatingExpenses": 76000000,
        "costAndExpenses": 241000000,
        "interestIncome": 0,
        "interestExpense": 20000000,
        "depreciationAndAmortization": 17000000,
        "ebitda": 162000000,
        "ebitdaratio": 0.4196891192,
        "operatingIncome": 145000000,
        "operatingIncomeRatio": 0.3756476684,
        "totalOtherIncomeExpensesNet": -22000000,
        "incomeBeforeTax": 123000000,
        "incomeBeforeTaxRatio": 0.3186528497,
        "incomeTaxExpense": 31000000,
        "netIncome": 92000000,
        "netIncomeRatio": 0.2383419689,
        "eps": 1,
        "epsdiluted": 1,
        "weightedAverageShsOut": 91600000,
        "weightedAverageShsOutDil": 92100000,
        "link": "https://www.sec.gov/Archives/edgar/data/1722684/000172268422000018/0001722684-22-000018-index.htm",
        "finalLink": "https://www.sec.gov/Archives/edgar/data/1722684/000172268422000018/wh-20220630.htm"
    },
    {
        "date": "2022-03-31",
        "symbol": "WH",
        "reportedCurrency": "USD",
        "cik": "0001722684",
        "fillingDate": "2022-04-27",
        "acceptedDate": "2022-04-27 12:17:24",
        "calendarYear": "2022",
        "period": "Q1",
        "revenue": 371000000,
        "costOfRevenue": 159000000,
        "grossProfit": 212000000,
        "grossProfitRatio": 0.5714285714,
        "researchAndDevelopmentExpenses": 0,
        "generalAndAdministrativeExpenses": 29000000,
        "sellingAndMarketingExpenses": 104000000,
        "sellingGeneralAndAdministrativeExpenses": 133000000,
        "otherExpenses": 59000000,
        "operatingExpenses": 88000000,
        "costAndExpenses": 247000000,
        "interestIncome": 0,
        "interestExpense": 20000000,
        "depreciationAndAmortization": 24000000,
        "ebitda": 148000000,
        "ebitdaratio": 0.3989218329,
        "operatingIncome": 124000000,
        "operatingIncomeRatio": 0.3342318059,
        "totalOtherIncomeExpensesNet": -20000000,
        "incomeBeforeTax": 140000000,
        "incomeBeforeTaxRatio": 0.3773584906,
        "incomeTaxExpense": 34000000,
        "netIncome": 106000000,
        "netIncomeRatio": 0.2857142857,
        "eps": 1.15,
        "epsdiluted": 1.14,
        "weightedAverageShsOut": 92500000,
        "weightedAverageShsOutDil": 93200000,
        "link": "https://www.sec.gov/Archives/edgar/data/1722684/000172268422000010/0001722684-22-000010-index.htm",
        "finalLink": "https://www.sec.gov/Archives/edgar/data/1722684/000172268422000010/wh-20220331.htm"
    },
    {
        "date": "2021-12-31",
        "symbol": "WH",
        "reportedCurrency": "USD",
        "cik": "0001722684",
        "fillingDate": "2022-02-16",
        "acceptedDate": "2022-02-16 12:07:00",
        "calendarYear": "2021",
        "period": "Q4",
        "revenue": 392000000,
        "costOfRevenue": 201000000,
        "grossProfit": 191000000,
        "grossProfitRatio": 0.487244898,
        "researchAndDevelopmentExpenses": 0,
        "generalAndAdministrativeExpenses": 32000000,
        "sellingAndMarketingExpenses": 123000000,
        "sellingGeneralAndAdministrativeExpenses": 155000000,
        "otherExpenses": 64000000,
        "operatingExpenses": 96000000,
        "costAndExpenses": 297000000,
        "interestIncome": 1000000,
        "interestExpense": 22000000,
        "depreciationAndAmortization": 25000000,
        "ebitda": 120000000,
        "ebitdaratio": 0.306122449,
        "operatingIncome": 89000000,
        "operatingIncomeRatio": 0.2270408163,
        "totalOtherIncomeExpensesNet": -21000000,
        "incomeBeforeTax": 67000000,
        "incomeBeforeTaxRatio": 0.1709183673,
        "incomeTaxExpense": 19000000,
        "netIncome": 49000000,
        "netIncomeRatio": 0.125,
        "eps": 0.52,
        "epsdiluted": 0.51,
        "weightedAverageShsOut": 93000000,
        "weightedAverageShsOutDil": 93700000,
        "link": "https://www.sec.gov/Archives/edgar/data/1722684/000172268422000005/0001722684-22-000005-index.htm",
        "finalLink": "https://www.sec.gov/Archives/edgar/data/1722684/000172268422000005/wh-20211231.htm"
    },
    {
        "date": "2021-09-30",
        "symbol": "WH",
        "reportedCurrency": "USD",
        "cik": "0001722684",
        "fillingDate": "2021-10-28",
        "acceptedDate": "2021-10-28 11:33:31",
        "calendarYear": "2021",
        "period": "Q3",
        "revenue": 463000000,
        "costOfRevenue": 216000000,
        "grossProfit": 247000000,
        "grossProfitRatio": 0.5334773218,
        "researchAndDevelopmentExpenses": 0,
        "generalAndAdministrativeExpenses": 30000000,
        "sellingAndMarketingExpenses": 130000000,
        "sellingGeneralAndAdministrativeExpenses": 160000000,
        "otherExpenses": 56000000,
        "operatingExpenses": 86000000,
        "costAndExpenses": 302000000,
        "interestIncome": 0,
        "interestExpense": 22000000,
        "depreciationAndAmortization": 23000000,
        "ebitda": 184000000,
        "ebitdaratio": 0.3974082073,
        "operatingIncome": 161000000,
        "operatingIncomeRatio": 0.3477321814,
        "totalOtherIncomeExpensesNet": -22000000,
        "incomeBeforeTax": 139000000,
        "incomeBeforeTaxRatio": 0.3002159827,
        "incomeTaxExpense": 36000000,
        "netIncome": 103000000,
        "netIncomeRatio": 0.222462203,
        "eps": 1.1,
        "epsdiluted": 1.09,
        "weightedAverageShsOut": 93600000,
        "weightedAverageShsOutDil": 94100000,
        "link": "https://www.sec.gov/Archives/edgar/data/1722684/000172268421000028/0001722684-21-000028-index.htm",
        "finalLink": "https://www.sec.gov/Archives/edgar/data/1722684/000172268421000028/wh-20210930.htm"
    },
    {
        "date": "2021-06-30",
        "symbol": "WH",
        "reportedCurrency": "USD",
        "cik": "0001722684",
        "fillingDate": "2021-07-29",
        "acceptedDate": "2021-07-29 10:45:01",
        "calendarYear": "2021",
        "period": "Q2",
        "revenue": 406000000,
        "costOfRevenue": 190000000,
        "grossProfit": 216000000,
        "grossProfitRatio": 0.5320197044,
        "researchAndDevelopmentExpenses": 0,
        "generalAndAdministrativeExpenses": 27000000,
        "sellingAndMarketingExpenses": 105000000,
        "sellingGeneralAndAdministrativeExpenses": 132000000,
        "otherExpenses": 55000000,
        "operatingExpenses": 82000000,
        "costAndExpenses": 272000000,
        "interestIncome": 0,
        "interestExpense": 22000000,
        "depreciationAndAmortization": 24000000,
        "ebitda": 157000000,
        "ebitdaratio": 0.3866995074,
        "operatingIncome": 133000000,
        "operatingIncomeRatio": 0.3275862069,
        "totalOtherIncomeExpensesNet": -40000000,
        "incomeBeforeTax": 93000000,
        "incomeBeforeTaxRatio": 0.2290640394,
        "incomeTaxExpense": 25000000,
        "netIncome": 68000000,
        "netIncomeRatio": 0.1674876847,
        "eps": 0.73,
        "epsdiluted": 0.73,
        "weightedAverageShsOut": 93600000,
        "weightedAverageShsOutDil": 94100000,
        "link": "https://www.sec.gov/Archives/edgar/data/1722684/000172268421000022/0001722684-21-000022-index.htm",
        "finalLink": "https://www.sec.gov/Archives/edgar/data/1722684/000172268421000022/wh-20210630.htm"
    },
    {
        "date": "2021-03-31",
        "symbol": "WH",
        "reportedCurrency": "USD",
        "cik": "0001722684",
        "fillingDate": "2021-04-29",
        "acceptedDate": "2021-04-29 11:45:19",
        "calendarYear": "2021",
        "period": "Q1",
        "revenue": 303000000,
        "costOfRevenue": 163000000,
        "grossProfit": 140000000,
        "grossProfitRatio": 0.4620462046,
        "researchAndDevelopmentExpenses": 0,
        "generalAndAdministrativeExpenses": 24000000,
        "sellingAndMarketingExpenses": 92000000,
        "sellingGeneralAndAdministrativeExpenses": 116000000,
        "otherExpenses": 51000000,
        "operatingExpenses": 75000000,
        "costAndExpenses": 238000000,
        "interestIncome": 0,
        "interestExpense": 28000000,
        "depreciationAndAmortization": 24000000,
        "ebitda": 89000000,
        "ebitdaratio": 0.2937293729,
        "operatingIncome": 63000000,
        "operatingIncomeRatio": 0.2079207921,
        "totalOtherIncomeExpensesNet": -28000000,
        "incomeBeforeTax": 35000000,
        "incomeBeforeTaxRatio": 0.1155115512,
        "incomeTaxExpense": 11000000,
        "netIncome": 24000000,
        "netIncomeRatio": 0.0792079208,
        "eps": 0.26,
        "epsdiluted": 0.26,
        "weightedAverageShsOut": 93400000,
        "weightedAverageShsOutDil": 93800000,
        "link": "https://www.sec.gov/Archives/edgar/data/1722684/000172268421000015/0001722684-21-000015-index.htm",
        "finalLink": "https://www.sec.gov/Archives/edgar/data/1722684/000172268421000015/wh-20210331.htm"
    },
    {
        "date": "2020-12-31",
        "symbol": "WH",
        "reportedCurrency": "USD",
        "cik": "0001722684",
        "fillingDate": "2021-02-12",
        "acceptedDate": "2021-02-12 13:06:25",
        "calendarYear": "2020",
        "period": "Q4",
        "revenue": 296000000,
        "costOfRevenue": 184000000,
        "grossProfit": 112000000,
        "grossProfitRatio": 0.3783783784,
        "researchAndDevelopmentExpenses": 0,
        "generalAndAdministrativeExpenses": 34000000,
        "sellingAndMarketingExpenses": 108000000,
        "sellingGeneralAndAdministrativeExpenses": 142000000,
        "otherExpenses": 52000000,
        "operatingExpenses": 85000000,
        "costAndExpenses": 269000000,
        "interestIncome": 0,
        "interestExpense": 29000000,
        "depreciationAndAmortization": 25000000,
        "ebitda": 46000000,
        "ebitdaratio": 0.1554054054,
        "operatingIncome": 21000000,
        "operatingIncomeRatio": 0.0709459459,
        "totalOtherIncomeExpensesNet": -29000000,
        "incomeBeforeTax": -9000000,
        "incomeBeforeTaxRatio": -0.0304054054,
        "incomeTaxExpense": -2000000,
        "netIncome": -7000000,
        "netIncomeRatio": -0.0236486486,
        "eps": -0.075,
        "epsdiluted": -0.075,
        "weightedAverageShsOut": 93300000,
        "weightedAverageShsOutDil": 93300000,
        "link": "https://www.sec.gov/Archives/edgar/data/1722684/000172268421000008/0001722684-21-000008-index.htm",
        "finalLink": "https://www.sec.gov/Archives/edgar/data/1722684/000172268421000008/wh-20201231.htm"
    },
    {
        "date": "2020-09-30",
        "symbol": "WH",
        "reportedCurrency": "USD",
        "cik": "0001722684",
        "fillingDate": "2020-10-29",
        "acceptedDate": "2020-10-29 12:09:58",
        "calendarYear": "2020",
        "period": "Q3",
        "revenue": 337000000,
        "costOfRevenue": 189000000,
        "grossProfit": 148000000,
        "grossProfitRatio": 0.4391691395,
        "researchAndDevelopmentExpenses": 0,
        "generalAndAdministrativeExpenses": 28000000,
        "sellingAndMarketingExpenses": 107000000,
        "sellingGeneralAndAdministrativeExpenses": 135000000,
        "otherExpenses": 0,
        "operatingExpenses": 77000000,
        "costAndExpenses": 266000000,
        "interestIncome": 0,
        "interestExpense": 29000000,
        "depreciationAndAmortization": 24000000,
        "ebitda": 95000000,
        "ebitdaratio": 0.2818991098,
        "operatingIncome": 71000000,
        "operatingIncomeRatio": 0.2106824926,
        "totalOtherIncomeExpensesNet": -29000000,
        "incomeBeforeTax": 42000000,
        "incomeBeforeTaxRatio": 0.1246290801,
        "incomeTaxExpense": 15000000,
        "netIncome": 27000000,
        "netIncomeRatio": 0.0801186944,
        "eps": 0.29,
        "epsdiluted": 0.29,
        "weightedAverageShsOut": 93300000,
        "weightedAverageShsOutDil": 93400000,
        "link": "https://www.sec.gov/Archives/edgar/data/1722684/000172268420000029/0001722684-20-000029-index.htm",
        "finalLink": "https://www.sec.gov/Archives/edgar/data/1722684/000172268420000029/wh-20200930.htm"
    },
    {
        "date": "2020-06-30",
        "symbol": "WH",
        "reportedCurrency": "USD",
        "cik": "0001722684",
        "fillingDate": "2020-07-29",
        "acceptedDate": "2020-07-29 12:42:25",
        "calendarYear": "2020",
        "period": "Q2",
        "revenue": 258000000,
        "costOfRevenue": 151000000,
        "grossProfit": 107000000,
        "grossProfitRatio": 0.4147286822,
        "researchAndDevelopmentExpenses": 0,
        "generalAndAdministrativeExpenses": 26000000,
        "sellingAndMarketingExpenses": 85000000,
        "sellingGeneralAndAdministrativeExpenses": 111000000,
        "otherExpenses": 0,
        "operatingExpenses": 74000000,
        "costAndExpenses": 225000000,
        "interestIncome": 0,
        "interestExpense": 28000000,
        "depreciationAndAmortization": 24000000,
        "ebitda": -169000000,
        "ebitdaratio": -0.6550387597,
        "operatingIncome": -194000000,
        "operatingIncomeRatio": -0.7519379845,
        "totalOtherIncomeExpensesNet": -28000000,
        "incomeBeforeTax": -222000000,
        "incomeBeforeTaxRatio": -0.8604651163,
        "incomeTaxExpense": -48000000,
        "netIncome": -174000000,
        "netIncomeRatio": -0.6744186047,
        "eps": -1.86,
        "epsdiluted": -1.86,
        "weightedAverageShsOut": 93300000,
        "weightedAverageShsOutDil": 93300000,
        "link": "https://www.sec.gov/Archives/edgar/data/1722684/000172268420000021/0001722684-20-000021-index.htm",
        "finalLink": "https://www.sec.gov/Archives/edgar/data/1722684/000172268420000021/wh-2020630x10q.htm"
    },
    {
        "date": "2020-03-31",
        "symbol": "WH",
        "reportedCurrency": "USD",
        "cik": "0001722684",
        "fillingDate": "2020-05-05",
        "acceptedDate": "2020-05-05 15:24:26",
        "calendarYear": "2020",
        "period": "Q1",
        "revenue": 410000000,
        "costOfRevenue": 244000000,
        "grossProfit": 166000000,
        "grossProfitRatio": 0.4048780488,
        "researchAndDevelopmentExpenses": 0,
        "generalAndAdministrativeExpenses": 28000000,
        "sellingAndMarketingExpenses": 118000000,
        "sellingGeneralAndAdministrativeExpenses": 146000000,
        "otherExpenses": 0,
        "operatingExpenses": 88000000,
        "costAndExpenses": 332000000,
        "interestIncome": 0,
        "interestExpense": 25000000,
        "depreciationAndAmortization": 25000000,
        "ebitda": 103000000,
        "ebitdaratio": 0.2512195122,
        "operatingIncome": 56000000,
        "operatingIncomeRatio": 0.1365853659,
        "totalOtherIncomeExpensesNet": -25000000,
        "incomeBeforeTax": 31000000,
        "incomeBeforeTaxRatio": 0.0756097561,
        "incomeTaxExpense": 9000000,
        "netIncome": 22000000,
        "netIncomeRatio": 0.0536585366,
        "eps": 0.23,
        "epsdiluted": 0.23,
        "weightedAverageShsOut": 93700000,
        "weightedAverageShsOutDil": 93900000,
        "link": "https://www.sec.gov/Archives/edgar/data/1722684/000172268420000012/0001722684-20-000012-index.htm",
        "finalLink": "https://www.sec.gov/Archives/edgar/data/1722684/000172268420000012/wh-2020331x10q.htm"
    },
    {
        "date": "2019-12-31",
        "symbol": "WH",
        "reportedCurrency": "USD",
        "cik": "0001722684",
        "fillingDate": "2020-02-13",
        "acceptedDate": "2020-02-13 16:30:54",
        "calendarYear": "2019",
        "period": "Q4",
        "revenue": 492000000,
        "costOfRevenue": 272000000,
        "grossProfit": 220000000,
        "grossProfitRatio": 0.4471544715,
        "researchAndDevelopmentExpenses": 0,
        "generalAndAdministrativeExpenses": 32000000,
        "sellingAndMarketingExpenses": 126000000,
        "sellingGeneralAndAdministrativeExpenses": 158000000,
        "otherExpenses": 0,
        "operatingExpenses": 100000000,
        "costAndExpenses": 372000000,
        "interestIncome": 0,
        "interestExpense": 24000000,
        "depreciationAndAmortization": 28000000,
        "ebitda": 132000000,
        "ebitdaratio": 0.2682926829,
        "operatingIncome": 103000000,
        "operatingIncomeRatio": 0.2093495935,
        "totalOtherIncomeExpensesNet": -24000000,
        "incomeBeforeTax": 78000000,
        "incomeBeforeTaxRatio": 0.1585365854,
        "incomeTaxExpense": 14000000,
        "netIncome": 64000000,
        "netIncomeRatio": 0.1300813008,
        "eps": 0.68,
        "epsdiluted": 0.68,
        "weightedAverageShsOut": 94800000,
        "weightedAverageShsOutDil": 95000000,
        "link": "https://www.sec.gov/Archives/edgar/data/1722684/000172268420000007/0001722684-20-000007-index.htm",
        "finalLink": "https://www.sec.gov/Archives/edgar/data/1722684/000172268420000007/wh-20191231x10k.htm"
    },
    {
        "date": "2019-09-30",
        "symbol": "WH",
        "reportedCurrency": "USD",
        "cik": "0001722684",
        "fillingDate": "2019-10-29",
        "acceptedDate": "2019-10-29 14:25:48",
        "calendarYear": "2019",
        "period": "Q3",
        "revenue": 560000000,
        "costOfRevenue": 321000000,
        "grossProfit": 239000000,
        "grossProfitRatio": 0.4267857143,
        "researchAndDevelopmentExpenses": 0,
        "generalAndAdministrativeExpenses": 33000000,
        "sellingAndMarketingExpenses": 160000000,
        "sellingGeneralAndAdministrativeExpenses": 193000000,
        "otherExpenses": 0,
        "operatingExpenses": 102000000,
        "costAndExpenses": 423000000,
        "interestIncome": 0,
        "interestExpense": 25000000,
        "depreciationAndAmortization": 25000000,
        "ebitda": 117000000,
        "ebitdaratio": 0.2089285714,
        "operatingIncome": 91000000,
        "operatingIncomeRatio": 0.1625,
        "totalOtherIncomeExpensesNet": -25000000,
        "incomeBeforeTax": 66000000,
        "incomeBeforeTaxRatio": 0.1178571429,
        "incomeTaxExpense": 21000000,
        "netIncome": 45000000,
        "netIncomeRatio": 0.0803571429,
        "eps": 0.47,
        "epsdiluted": 0.47,
        "weightedAverageShsOut": 96200000,
        "weightedAverageShsOutDil": 96300000,
        "link": "https://www.sec.gov/Archives/edgar/data/1722684/000172268419000031/0001722684-19-000031-index.htm",
        "finalLink": "https://www.sec.gov/Archives/edgar/data/1722684/000172268419000031/wh-2019930x10q.htm"
    },
    {
        "date": "2019-06-30",
        "symbol": "WH",
        "reportedCurrency": "USD",
        "cik": "0001722684",
        "fillingDate": "2019-07-25",
        "acceptedDate": "2019-07-25 10:59:39",
        "calendarYear": "2019",
        "period": "Q2",
        "revenue": 533000000,
        "costOfRevenue": 309000000,
        "grossProfit": 224000000,
        "grossProfitRatio": 0.4202626642,
        "researchAndDevelopmentExpenses": 0,
        "generalAndAdministrativeExpenses": 31000000,
        "sellingAndMarketingExpenses": 149000000,
        "sellingGeneralAndAdministrativeExpenses": 180000000,
        "otherExpenses": 0,
        "operatingExpenses": 96000000,
        "costAndExpenses": 405000000,
        "interestIncome": 0,
        "interestExpense": 26000000,
        "depreciationAndAmortization": 27000000,
        "ebitda": 155000000,
        "ebitdaratio": 0.2908067542,
        "operatingIncome": 62000000,
        "operatingIncomeRatio": 0.1163227017,
        "totalOtherIncomeExpensesNet": -26000000,
        "incomeBeforeTax": 36000000,
        "incomeBeforeTaxRatio": 0.0675422139,
        "incomeTaxExpense": 10000000,
        "netIncome": 26000000,
        "netIncomeRatio": 0.0487804878,
        "eps": 0.27,
        "epsdiluted": 0.27,
        "weightedAverageShsOut": 97100000,
        "weightedAverageShsOutDil": 97400000,
        "link": "https://www.sec.gov/Archives/edgar/data/1722684/000172268419000024/0001722684-19-000024-index.htm",
        "finalLink": "https://www.sec.gov/Archives/edgar/data/1722684/000172268419000024/wh-2019630x10q.htm"
    },
    {
        "date": "2019-03-31",
        "symbol": "WH",
        "reportedCurrency": "USD",
        "cik": "0001722684",
        "fillingDate": "2019-04-30",
        "acceptedDate": "2019-04-30 12:25:55",
        "calendarYear": "2019",
        "period": "Q1",
        "revenue": 468000000,
        "costOfRevenue": 284000000,
        "grossProfit": 184000000,
        "grossProfitRatio": 0.3931623932,
        "researchAndDevelopmentExpenses": 0,
        "generalAndAdministrativeExpenses": 34000000,
        "sellingAndMarketingExpenses": 129000000,
        "sellingGeneralAndAdministrativeExpenses": 163000000,
        "otherExpenses": 0,
        "operatingExpenses": 106000000,
        "costAndExpenses": 390000000,
        "interestIncome": 0,
        "interestExpense": 24000000,
        "depreciationAndAmortization": 29000000,
        "ebitda": 107000000,
        "ebitdaratio": 0.2286324786,
        "operatingIncome": 50000000,
        "operatingIncomeRatio": 0.1068376068,
        "totalOtherIncomeExpensesNet": -24000000,
        "incomeBeforeTax": 26000000,
        "incomeBeforeTaxRatio": 0.0555555556,
        "incomeTaxExpense": 5000000,
        "netIncome": 21000000,
        "netIncomeRatio": 0.0448717949,
        "eps": 0.22,
        "epsdiluted": 0.22,
        "weightedAverageShsOut": 97900000,
        "weightedAverageShsOutDil": 98200000,
        "link": "https://www.sec.gov/Archives/edgar/data/1722684/000172268419000016/0001722684-19-000016-index.htm",
        "finalLink": "https://www.sec.gov/Archives/edgar/data/1722684/000172268419000016/wh-2019331x10q.htm"
    },
    {
        "date": "2018-12-31",
        "symbol": "WH",
        "reportedCurrency": "USD",
        "cik": "0001722684",
        "fillingDate": "2019-02-14",
        "acceptedDate": "2019-02-14 14:17:45",
        "calendarYear": "2018",
        "period": "Q4",
        "revenue": 527000000,
        "costOfRevenue": 327000000,
        "grossProfit": 200000000,
        "grossProfitRatio": 0.3795066414,
        "researchAndDevelopmentExpenses": 0,
        "generalAndAdministrativeExpenses": 34000000,
        "sellingAndMarketingExpenses": 139000000,
        "sellingGeneralAndAdministrativeExpenses": 173000000,
        "otherExpenses": 0,
        "operatingExpenses": 105000000,
        "costAndExpenses": 432000000,
        "interestIncome": 0,
        "interestExpense": 24000000,
        "depreciationAndAmortization": 29000000,
        "ebitda": 110000000,
        "ebitdaratio": 0.2087286528,
        "operatingIncome": 82000000,
        "operatingIncomeRatio": 0.155597723,
        "totalOtherIncomeExpensesNet": -24000000,
        "incomeBeforeTax": 57000000,
        "incomeBeforeTaxRatio": 0.1081593928,
        "incomeTaxExpense": 14000000,
        "netIncome": 44000000,
        "netIncomeRatio": 0.0834914611,
        "eps": 0.44,
        "epsdiluted": 0.43,
        "weightedAverageShsOut": 98800000,
        "weightedAverageShsOutDil": 99200000,
        "link": "https://www.sec.gov/Archives/edgar/data/1722684/000172268419000008/0001722684-19-000008-index.htm",
        "finalLink": "https://www.sec.gov/Archives/edgar/data/1722684/000172268419000008/wh-20181231x10k.htm"
    },
    {
        "date": "2018-09-30",
        "symbol": "WH",
        "reportedCurrency": "USD",
        "cik": "0001722684",
        "fillingDate": "2018-10-30",
        "acceptedDate": "2018-10-30 15:13:19",
        "calendarYear": "2018",
        "period": "Q3",
        "revenue": 604000000,
        "costOfRevenue": 358000000,
        "grossProfit": 246000000,
        "grossProfitRatio": 0.4072847682,
        "researchAndDevelopmentExpenses": 0,
        "generalAndAdministrativeExpenses": 36000000,
        "sellingAndMarketingExpenses": 139000000,
        "sellingGeneralAndAdministrativeExpenses": 175000000,
        "otherExpenses": 0,
        "operatingExpenses": 117000000,
        "costAndExpenses": 475000000,
        "interestIncome": 0,
        "interestExpense": 24000000,
        "depreciationAndAmortization": 30000000,
        "ebitda": 159000000,
        "ebitdaratio": 0.2632450331,
        "operatingIncome": 105000000,
        "operatingIncomeRatio": 0.1738410596,
        "totalOtherIncomeExpensesNet": -24000000,
        "incomeBeforeTax": 81000000,
        "incomeBeforeTaxRatio": 0.1341059603,
        "incomeTaxExpense": 23000000,
        "netIncome": 58000000,
        "netIncomeRatio": 0.0960264901,
        "eps": 0.58,
        "epsdiluted": 0.58,
        "weightedAverageShsOut": 99800000,
        "weightedAverageShsOutDil": 100100000,
        "link": "https://www.sec.gov/Archives/edgar/data/1722684/000172268418000017/0001722684-18-000017-index.htm",
        "finalLink": "https://www.sec.gov/Archives/edgar/data/1722684/000172268418000017/wh-2018930x10q.htm"
    },
    {
        "date": "2018-06-30",
        "symbol": "WH",
        "reportedCurrency": "USD",
        "cik": "0001722684",
        "fillingDate": "2018-08-06",
        "acceptedDate": "2018-08-03 19:32:00",
        "calendarYear": "2018",
        "period": "Q2",
        "revenue": 435000000,
        "costOfRevenue": 238000000,
        "grossProfit": 197000000,
        "grossProfitRatio": 0.4528735632,
        "researchAndDevelopmentExpenses": 0,
        "generalAndAdministrativeExpenses": 26000000,
        "sellingAndMarketingExpenses": 124000000,
        "sellingGeneralAndAdministrativeExpenses": 150000000,
        "otherExpenses": 0,
        "operatingExpenses": 95000000,
        "costAndExpenses": 333000000,
        "interestIncome": 0,
        "interestExpense": 10000000,
        "depreciationAndAmortization": 22000000,
        "ebitda": 124000000,
        "ebitdaratio": 0.2850574713,
        "operatingIncome": 39000000,
        "operatingIncomeRatio": 0.0896551724,
        "totalOtherIncomeExpensesNet": -10000000,
        "incomeBeforeTax": 29000000,
        "incomeBeforeTaxRatio": 0.0666666667,
        "incomeTaxExpense": 8000000,
        "netIncome": 21000000,
        "netIncomeRatio": 0.0482758621,
        "eps": 0.21,
        "epsdiluted": 0.21,
        "weightedAverageShsOut": 99900000,
        "weightedAverageShsOutDil": 100000000,
        "link": "https://www.sec.gov/Archives/edgar/data/1722684/000172268418000008/0001722684-18-000008-index.htm",
        "finalLink": "https://www.sec.gov/Archives/edgar/data/1722684/000172268418000008/wh-2018630x10q.htm"
    },
    {
        "date": "2018-03-31",
        "symbol": "WH",
        "reportedCurrency": "USD",
        "cik": "0001722684",
        "fillingDate": "2018-06-11",
        "acceptedDate": "2018-06-11 17:29:18",
        "calendarYear": "2018",
        "period": "Q1",
        "revenue": 302000000,
        "costOfRevenue": 150000000,
        "grossProfit": 152000000,
        "grossProfitRatio": 0.5033112583,
        "researchAndDevelopmentExpenses": 0,
        "generalAndAdministrativeExpenses": 22000000,
        "sellingAndMarketingExpenses": 84000000,
        "sellingGeneralAndAdministrativeExpenses": 106000000,
        "otherExpenses": 0,
        "operatingExpenses": 82000000,
        "costAndExpenses": 232000000,
        "interestIncome": 0,
        "interestExpense": 1000000,
        "depreciationAndAmortization": 19000000,
        "ebitda": 89000000,
        "ebitdaratio": 0.2947019868,
        "operatingIncome": 56000000,
        "operatingIncomeRatio": 0.1854304636,
        "totalOtherIncomeExpensesNet": -1000000,
        "incomeBeforeTax": 55000000,
        "incomeBeforeTaxRatio": 0.1821192053,
        "incomeTaxExpense": 16000000,
        "netIncome": 39000000,
        "netIncomeRatio": 0.1291390728,
        "eps": 0.39,
        "epsdiluted": 0.39,
        "weightedAverageShsOut": 99782991,
        "weightedAverageShsOutDil": 99782991,
        "link": "https://www.sec.gov/Archives/edgar/data/1722684/000172268418000005/0001722684-18-000005-index.htm",
        "finalLink": "https://www.sec.gov/Archives/edgar/data/1722684/000172268418000005/wh-2018331x10q.htm"
    },
    {
        "date": "2017-12-31",
        "symbol": "WH",
        "reportedCurrency": "USD",
        "cik": "0001722684",
        "fillingDate": "2017-12-31",
        "acceptedDate": "2017-12-30 19:00:00",
        "calendarYear": "2017",
        "period": "Q4",
        "revenue": 380000000,
        "costOfRevenue": 202000000,
        "grossProfit": 178000000,
        "grossProfitRatio": 0.4684210526,
        "researchAndDevelopmentExpenses": 0,
        "generalAndAdministrativeExpenses": 23000000,
        "sellingAndMarketingExpenses": 137000000,
        "sellingGeneralAndAdministrativeExpenses": 160000000,
        "otherExpenses": 0,
        "operatingExpenses": 112000000,
        "costAndExpenses": 314000000,
        "interestIncome": 0,
        "interestExpense": 1000000,
        "depreciationAndAmortization": 19000000,
        "ebitda": 85000000,
        "ebitdaratio": 0.2236842105,
        "operatingIncome": 20000000,
        "operatingIncomeRatio": 0.0526315789,
        "totalOtherIncomeExpensesNet": -47000000,
        "incomeBeforeTax": 19000000,
        "incomeBeforeTaxRatio": 0.05,
        "incomeTaxExpense": -86000000,
        "netIncome": 105000000,
        "netIncomeRatio": 0.2763157895,
        "eps": 1.05,
        "epsdiluted": 1.05,
        "weightedAverageShsOut": 99782991,
        "weightedAverageShsOutDil": 99782991,
        "link": "",
        "finalLink": ""
    },
    {
        "date": "2017-09-30",
        "symbol": "WH",
        "reportedCurrency": "USD",
        "cik": "0001722684",
        "fillingDate": "2017-09-30",
        "acceptedDate": "2017-09-29 20:00:00",
        "calendarYear": "2017",
        "period": "Q3",
        "revenue": 347000000,
        "costOfRevenue": 159000000,
        "grossProfit": 188000000,
        "grossProfitRatio": 0.5417867435,
        "researchAndDevelopmentExpenses": 0,
        "generalAndAdministrativeExpenses": 20000000,
        "sellingAndMarketingExpenses": 95000000,
        "sellingGeneralAndAdministrativeExpenses": 115000000,
        "otherExpenses": 0,
        "operatingExpenses": 85000000,
        "costAndExpenses": 244000000,
        "interestIncome": 0,
        "interestExpense": 2000000,
        "depreciationAndAmortization": 19000000,
        "ebitda": 122000000,
        "ebitdaratio": 0.3515850144,
        "operatingIncome": 102000000,
        "operatingIncomeRatio": 0.2939481268,
        "totalOtherIncomeExpensesNet": -2000000,
        "incomeBeforeTax": 100000000,
        "incomeBeforeTaxRatio": 0.288184438,
        "incomeTaxExpense": 42000000,
        "netIncome": 58000000,
        "netIncomeRatio": 0.1671469741,
        "eps": 0.58,
        "epsdiluted": 0.58,
        "weightedAverageShsOut": 99900000,
        "weightedAverageShsOutDil": 99900000,
        "link": "",
        "finalLink": ""
    },
    {
        "date": "2017-06-30",
        "symbol": "WH",
        "reportedCurrency": "USD",
        "cik": "0001722684",
        "fillingDate": "2017-06-30",
        "acceptedDate": "2017-06-29 20:00:00",
        "calendarYear": "2017",
        "period": "Q2",
        "revenue": 331000000,
        "costOfRevenue": 162000000,
        "grossProfit": 169000000,
        "grossProfitRatio": 0.5105740181,
        "researchAndDevelopmentExpenses": 0,
        "generalAndAdministrativeExpenses": 23000000,
        "sellingAndMarketingExpenses": 93000000,
        "sellingGeneralAndAdministrativeExpenses": 116000000,
        "otherExpenses": 0,
        "operatingExpenses": 85000000,
        "costAndExpenses": 247000000,
        "interestIncome": 0,
        "interestExpense": 2000000,
        "depreciationAndAmortization": 19000000,
        "ebitda": 103000000,
        "ebitdaratio": 0.3111782477,
        "operatingIncome": 84000000,
        "operatingIncomeRatio": 0.253776435,
        "totalOtherIncomeExpensesNet": -2000000,
        "incomeBeforeTax": 82000000,
        "incomeBeforeTaxRatio": 0.247734139,
        "incomeTaxExpense": 34000000,
        "netIncome": 48000000,
        "netIncomeRatio": 0.1450151057,
        "eps": 0.48,
        "epsdiluted": 0.48,
        "weightedAverageShsOut": 99900000,
        "weightedAverageShsOutDil": 99900000,
        "link": "",
        "finalLink": ""
    },
    {
        "date": "2017-03-31",
        "symbol": "WH",
        "reportedCurrency": "USD",
        "cik": "0001722684",
        "fillingDate": "2017-03-31",
        "acceptedDate": "2017-03-31 00:00:00",
        "calendarYear": "2017",
        "period": "Q1",
        "revenue": 289000000,
        "costOfRevenue": 147000000,
        "grossProfit": 142000000,
        "grossProfitRatio": 0.491349481,
        "researchAndDevelopmentExpenses": 0,
        "generalAndAdministrativeExpenses": 22000000,
        "sellingAndMarketingExpenses": 81000000,
        "sellingGeneralAndAdministrativeExpenses": 103000000,
        "otherExpenses": 0,
        "operatingExpenses": 84000000,
        "costAndExpenses": 231000000,
        "interestIncome": 0,
        "interestExpense": 2000000,
        "depreciationAndAmortization": 18000000,
        "ebitda": 76000000,
        "ebitdaratio": 0.2629757785,
        "operatingIncome": 57000000,
        "operatingIncomeRatio": 0.1972318339,
        "totalOtherIncomeExpensesNet": -2000000,
        "incomeBeforeTax": 55000000,
        "incomeBeforeTaxRatio": 0.1903114187,
        "incomeTaxExpense": 22000000,
        "netIncome": 33000000,
        "netIncomeRatio": 0.1141868512,
        "eps": 0.33,
        "epsdiluted": 0.33,
        "weightedAverageShsOut": 99900000,
        "weightedAverageShsOutDil": 99900000,
        "link": "",
        "finalLink": ""
    }
]