[
    {
        "date": "2020-09-30",
        "symbol": "WPX",
        "reportedCurrency": "USD",
        "cik": "0001518832",
        "fillingDate": "2020-11-03",
        "acceptedDate": "2020-11-03 14:44:47",
        "calendarYear": "2020",
        "period": "Q3",
        "revenue": 583000000,
        "costOfRevenue": 333000000,
        "grossProfit": 250000000,
        "grossProfitRatio": 0.4288164666,
        "researchAndDevelopmentExpenses": 0,
        "generalAndAdministrativeExpenses": 208000000,
        "sellingAndMarketingExpenses": 45000000,
        "sellingGeneralAndAdministrativeExpenses": 253000000,
        "otherExpenses": 0,
        "operatingExpenses": 253000000,
        "costAndExpenses": 586000000,
        "interestIncome": 0,
        "interestExpense": 48000000,
        "depreciationAndAmortization": -136000000,
        "ebitda": -139000000,
        "ebitdaratio": -0.2384219554,
        "operatingIncome": -3000000,
        "operatingIncomeRatio": -0.0051457976,
        "totalOtherIncomeExpensesNet": -177000000,
        "incomeBeforeTax": -180000000,
        "incomeBeforeTaxRatio": -0.3087478559,
        "incomeTaxExpense": -32000000,
        "netIncome": -155000000,
        "netIncomeRatio": -0.2658662093,
        "eps": -0.28,
        "epsdiluted": -0.28,
        "weightedAverageShsOut": 561000000,
        "weightedAverageShsOutDil": 561000000,
        "link": "https://www.sec.gov/Archives/edgar/data/1518832/000151883220000019/0001518832-20-000019-index.htm",
        "finalLink": "https://www.sec.gov/Archives/edgar/data/1518832/000151883220000019/wpx-20200930.htm"
    },
    {
        "date": "2020-06-30",
        "symbol": "WPX",
        "reportedCurrency": "USD",
        "cik": "0001518832",
        "fillingDate": "2020-07-31",
        "acceptedDate": "2020-07-30 19:41:40",
        "calendarYear": "2020",
        "period": "Q2",
        "revenue": 308000000,
        "costOfRevenue": 261000000,
        "grossProfit": 47000000,
        "grossProfitRatio": 0.1525974026,
        "researchAndDevelopmentExpenses": 0,
        "generalAndAdministrativeExpenses": 203000000,
        "sellingAndMarketingExpenses": 44000000,
        "sellingGeneralAndAdministrativeExpenses": 247000000,
        "otherExpenses": 0,
        "operatingExpenses": 247000000,
        "costAndExpenses": 508000000,
        "interestIncome": 0,
        "interestExpense": 49000000,
        "depreciationAndAmortization": -261000000,
        "ebitda": -461000000,
        "ebitdaratio": -1.4967532468,
        "operatingIncome": -200000000,
        "operatingIncomeRatio": -0.6493506494,
        "totalOtherIncomeExpensesNet": -314000000,
        "incomeBeforeTax": -514000000,
        "incomeBeforeTaxRatio": -1.6688311688,
        "incomeTaxExpense": -101000000,
        "netIncome": -409000000,
        "netIncomeRatio": -1.3279220779,
        "eps": -0.73,
        "epsdiluted": -0.73,
        "weightedAverageShsOut": 559700000,
        "weightedAverageShsOutDil": 559700000,
        "link": "https://www.sec.gov/Archives/edgar/data/1518832/000151883220000014/0001518832-20-000014-index.htm",
        "finalLink": "https://www.sec.gov/Archives/edgar/data/1518832/000151883220000014/wpx-20200630.htm"
    },
    {
        "date": "2020-03-31",
        "symbol": "WPX",
        "reportedCurrency": "USD",
        "cik": "0001518832",
        "fillingDate": "2020-05-07",
        "acceptedDate": "2020-05-07 14:44:10",
        "calendarYear": "2020",
        "period": "Q1",
        "revenue": 529000000,
        "costOfRevenue": 293000000,
        "grossProfit": 236000000,
        "grossProfitRatio": 0.4461247637,
        "researchAndDevelopmentExpenses": 0,
        "generalAndAdministrativeExpenses": 214000000,
        "sellingAndMarketingExpenses": 109000000,
        "sellingGeneralAndAdministrativeExpenses": 323000000,
        "otherExpenses": 0,
        "operatingExpenses": 323000000,
        "costAndExpenses": 616000000,
        "interestIncome": 0,
        "interestExpense": 48000000,
        "depreciationAndAmortization": -314000000,
        "ebitda": -401000000,
        "ebitdaratio": -0.7580340265,
        "operatingIncome": -87000000,
        "operatingIncomeRatio": -0.1644612476,
        "totalOtherIncomeExpensesNet": -180000000,
        "incomeBeforeTax": -267000000,
        "incomeBeforeTaxRatio": -0.5047258979,
        "incomeTaxExpense": -61000000,
        "netIncome": -388000000,
        "netIncomeRatio": -0.7334593573,
        "eps": -0.85,
        "epsdiluted": -0.85,
        "weightedAverageShsOut": 458000000,
        "weightedAverageShsOutDil": 458000000,
        "link": "https://www.sec.gov/Archives/edgar/data/1518832/000151883220000010/0001518832-20-000010-index.html",
        "finalLink": "https://www.sec.gov/Archives/edgar/data/1518832/000151883220000010/wpx-20200331.htm"
    },
    {
        "date": "2019-12-31",
        "symbol": "WPX",
        "reportedCurrency": "USD",
        "cik": "0001518832",
        "fillingDate": "2020-02-28",
        "acceptedDate": "2020-02-27 17:34:57",
        "calendarYear": "2019",
        "period": "Q4",
        "revenue": 642000000,
        "costOfRevenue": 284000000,
        "grossProfit": 358000000,
        "grossProfitRatio": 0.5576323988,
        "researchAndDevelopmentExpenses": 0,
        "generalAndAdministrativeExpenses": 210000000,
        "sellingAndMarketingExpenses": 75000000,
        "sellingGeneralAndAdministrativeExpenses": 285000000,
        "otherExpenses": 0,
        "operatingExpenses": 285000000,
        "costAndExpenses": 569000000,
        "interestIncome": 0,
        "interestExpense": 40000000,
        "depreciationAndAmortization": -194000000,
        "ebitda": -121000000,
        "ebitdaratio": -0.1884735202,
        "operatingIncome": 73000000,
        "operatingIncomeRatio": 0.1137071651,
        "totalOtherIncomeExpensesNet": -233000000,
        "incomeBeforeTax": -160000000,
        "incomeBeforeTaxRatio": -0.2492211838,
        "incomeTaxExpense": -39000000,
        "netIncome": -122000000,
        "netIncomeRatio": -0.1900311526,
        "eps": -0.27,
        "epsdiluted": -0.27,
        "weightedAverageShsOut": 458000000,
        "weightedAverageShsOutDil": 458000000,
        "link": "https://www.sec.gov/Archives/edgar/data/1518832/000151883220000006/0001518832-20-000006-index.html",
        "finalLink": "https://www.sec.gov/Archives/edgar/data/1518832/000151883220000006/wpx-20191231.htm"
    },
    {
        "date": "2019-09-30",
        "symbol": "WPX",
        "reportedCurrency": "USD",
        "cik": "0001518832",
        "fillingDate": "2019-10-31",
        "acceptedDate": "2019-10-31 13:26:27",
        "calendarYear": "2019",
        "period": "Q3",
        "revenue": 620000000,
        "costOfRevenue": 277000000,
        "grossProfit": 343000000,
        "grossProfitRatio": 0.5532258065,
        "researchAndDevelopmentExpenses": 0,
        "generalAndAdministrativeExpenses": 196000000,
        "sellingAndMarketingExpenses": 68000000,
        "sellingGeneralAndAdministrativeExpenses": 264000000,
        "otherExpenses": 0,
        "operatingExpenses": 264000000,
        "costAndExpenses": 541000000,
        "interestIncome": 0,
        "interestExpense": 38000000,
        "depreciationAndAmortization": 119000000,
        "ebitda": 198000000,
        "ebitdaratio": 0.3193548387,
        "operatingIncome": 79000000,
        "operatingIncomeRatio": 0.1274193548,
        "totalOtherIncomeExpensesNet": 82000000,
        "incomeBeforeTax": 161000000,
        "incomeBeforeTaxRatio": 0.2596774194,
        "incomeTaxExpense": 39000000,
        "netIncome": 121000000,
        "netIncomeRatio": 0.1951612903,
        "eps": 0.29,
        "epsdiluted": 0.29,
        "weightedAverageShsOut": 420800000,
        "weightedAverageShsOutDil": 421800000,
        "link": "https://www.sec.gov/Archives/edgar/data/1518832/000151883219000018/0001518832-19-000018-index.html",
        "finalLink": "https://www.sec.gov/Archives/edgar/data/1518832/000151883219000018/wpx-20190930.htm"
    },
    {
        "date": "2019-06-30",
        "symbol": "WPX",
        "reportedCurrency": "USD",
        "cik": "0001518832",
        "fillingDate": "2019-08-06",
        "acceptedDate": "2019-08-06 13:48:51",
        "calendarYear": "2019",
        "period": "Q2",
        "revenue": 617000000,
        "costOfRevenue": 262000000,
        "grossProfit": 355000000,
        "grossProfitRatio": 0.5753646677,
        "researchAndDevelopmentExpenses": 0,
        "generalAndAdministrativeExpenses": 182000000,
        "sellingAndMarketingExpenses": 67000000,
        "sellingGeneralAndAdministrativeExpenses": 249000000,
        "otherExpenses": 0,
        "operatingExpenses": 249000000,
        "costAndExpenses": 511000000,
        "interestIncome": 0,
        "interestExpense": 40000000,
        "depreciationAndAmortization": 323000000,
        "ebitda": 429000000,
        "ebitdaratio": 0.6952998379,
        "operatingIncome": 106000000,
        "operatingIncomeRatio": 0.1717990276,
        "totalOtherIncomeExpensesNet": 283000000,
        "incomeBeforeTax": 389000000,
        "incomeBeforeTaxRatio": 0.6304700162,
        "incomeTaxExpense": 84000000,
        "netIncome": 305000000,
        "netIncomeRatio": 0.4943273906,
        "eps": 0.72,
        "epsdiluted": 0.72,
        "weightedAverageShsOut": 422500000,
        "weightedAverageShsOutDil": 423500000,
        "link": "https://www.sec.gov/Archives/edgar/data/1518832/000151883219000014/0001518832-19-000014-index.htm",
        "finalLink": "https://www.sec.gov/Archives/edgar/data/1518832/000151883219000014/wpx-20190630.htm"
    },
    {
        "date": "2019-03-31",
        "symbol": "WPX",
        "reportedCurrency": "USD",
        "cik": "0001518832",
        "fillingDate": "2019-05-02",
        "acceptedDate": "2019-05-02 16:10:51",
        "calendarYear": "2019",
        "period": "Q1",
        "revenue": 566000000,
        "costOfRevenue": 268000000,
        "grossProfit": 298000000,
        "grossProfitRatio": 0.5265017668,
        "researchAndDevelopmentExpenses": 0,
        "generalAndAdministrativeExpenses": 175000000,
        "sellingAndMarketingExpenses": 63000000,
        "sellingGeneralAndAdministrativeExpenses": 238000000,
        "otherExpenses": 0,
        "operatingExpenses": 238000000,
        "costAndExpenses": 506000000,
        "interestIncome": 0,
        "interestExpense": 41000000,
        "depreciationAndAmortization": -81000000,
        "ebitda": -21000000,
        "ebitdaratio": -0.0371024735,
        "operatingIncome": 60000000,
        "operatingIncomeRatio": 0.1060070671,
        "totalOtherIncomeExpensesNet": -122000000,
        "incomeBeforeTax": -62000000,
        "incomeBeforeTaxRatio": -0.109540636,
        "incomeTaxExpense": -14000000,
        "netIncome": -48000000,
        "netIncomeRatio": -0.0848056537,
        "eps": -0.11,
        "epsdiluted": -0.11,
        "weightedAverageShsOut": 421000000,
        "weightedAverageShsOutDil": 421000000,
        "link": "https://www.sec.gov/Archives/edgar/data/1518832/000151883219000009/0001518832-19-000009-index.html",
        "finalLink": "https://www.sec.gov/Archives/edgar/data/1518832/000151883219000009/wpx-20190331.htm"
    },
    {
        "date": "2018-12-31",
        "symbol": "WPX",
        "reportedCurrency": "USD",
        "cik": "0001518832",
        "fillingDate": "2019-02-21",
        "acceptedDate": "2019-02-21 15:23:40",
        "calendarYear": "2018",
        "period": "Q4",
        "revenue": 579000000,
        "costOfRevenue": 252000000,
        "grossProfit": 327000000,
        "grossProfitRatio": 0.5647668394,
        "researchAndDevelopmentExpenses": 0,
        "generalAndAdministrativeExpenses": 184000000,
        "sellingAndMarketingExpenses": 62000000,
        "sellingGeneralAndAdministrativeExpenses": 246000000,
        "otherExpenses": 0,
        "operatingExpenses": 246000000,
        "costAndExpenses": 498000000,
        "interestIncome": 0,
        "interestExpense": 40000000,
        "depreciationAndAmortization": 443000000,
        "ebitda": 524000000,
        "ebitdaratio": 0.9050086356,
        "operatingIncome": 81000000,
        "operatingIncomeRatio": 0.1398963731,
        "totalOtherIncomeExpensesNet": 402000000,
        "incomeBeforeTax": 483000000,
        "incomeBeforeTaxRatio": 0.8341968912,
        "incomeTaxExpense": 130000000,
        "netIncome": 354000000,
        "netIncomeRatio": 0.6113989637,
        "eps": 0.84,
        "epsdiluted": 0.84,
        "weightedAverageShsOut": 421000000,
        "weightedAverageShsOutDil": 421000000,
        "link": "https://www.sec.gov/Archives/edgar/data/1518832/000151883219000005/0001518832-19-000005-index.html",
        "finalLink": "https://www.sec.gov/Archives/edgar/data/1518832/000151883219000005/wpx-20181231.htm"
    },
    {
        "date": "2018-09-30",
        "symbol": "WPX",
        "reportedCurrency": "USD",
        "cik": "0001518832",
        "fillingDate": "2018-11-01",
        "acceptedDate": "2018-11-01 15:39:16",
        "calendarYear": "2018",
        "period": "Q3",
        "revenue": 623000000,
        "costOfRevenue": 256000000,
        "grossProfit": 367000000,
        "grossProfitRatio": 0.5890850722,
        "researchAndDevelopmentExpenses": 0,
        "generalAndAdministrativeExpenses": 138000000,
        "sellingAndMarketingExpenses": 63000000,
        "sellingGeneralAndAdministrativeExpenses": 201000000,
        "otherExpenses": 0,
        "operatingExpenses": 201000000,
        "costAndExpenses": 457000000,
        "interestIncome": 0,
        "interestExpense": 38000000,
        "depreciationAndAmortization": -143000000,
        "ebitda": 23000000,
        "ebitdaratio": 0.036918138,
        "operatingIncome": 166000000,
        "operatingIncomeRatio": 0.2664526485,
        "totalOtherIncomeExpensesNet": -180000000,
        "incomeBeforeTax": -14000000,
        "incomeBeforeTaxRatio": -0.0224719101,
        "incomeTaxExpense": -8000000,
        "netIncome": -7000000,
        "netIncomeRatio": -0.0112359551,
        "eps": -0.0169,
        "epsdiluted": -0.0169,
        "weightedAverageShsOut": 414000000,
        "weightedAverageShsOutDil": 414000000,
        "link": "https://www.sec.gov/Archives/edgar/data/1518832/000151883218000016/0001518832-18-000016-index.html",
        "finalLink": "https://www.sec.gov/Archives/edgar/data/1518832/000151883218000016/wpx2018093010q.htm"
    },
    {
        "date": "2018-06-30",
        "symbol": "WPX",
        "reportedCurrency": "USD",
        "cik": "0001518832",
        "fillingDate": "2018-08-02",
        "acceptedDate": "2018-08-02 15:35:06",
        "calendarYear": "2018",
        "period": "Q2",
        "revenue": 584000000,
        "costOfRevenue": 251000000,
        "grossProfit": 333000000,
        "grossProfitRatio": 0.5702054795,
        "researchAndDevelopmentExpenses": 0,
        "generalAndAdministrativeExpenses": 123000000,
        "sellingAndMarketingExpenses": 58000000,
        "sellingGeneralAndAdministrativeExpenses": 181000000,
        "otherExpenses": 0,
        "operatingExpenses": 181000000,
        "costAndExpenses": 432000000,
        "interestIncome": 0,
        "interestExpense": 39000000,
        "depreciationAndAmortization": -227000000,
        "ebitda": -75000000,
        "ebitdaratio": -0.1284246575,
        "operatingIncome": 152000000,
        "operatingIncomeRatio": 0.2602739726,
        "totalOtherIncomeExpensesNet": -264000000,
        "incomeBeforeTax": -112000000,
        "incomeBeforeTaxRatio": -0.1917808219,
        "incomeTaxExpense": -33000000,
        "netIncome": -81000000,
        "netIncomeRatio": -0.1386986301,
        "eps": -0.2,
        "epsdiluted": -0.2,
        "weightedAverageShsOut": 400000000,
        "weightedAverageShsOutDil": 400000000,
        "link": "https://www.sec.gov/Archives/edgar/data/1518832/000151883218000013/0001518832-18-000013-index.html",
        "finalLink": "https://www.sec.gov/Archives/edgar/data/1518832/000151883218000013/wpx2018063010q.htm"
    },
    {
        "date": "2018-03-31",
        "symbol": "WPX",
        "reportedCurrency": "USD",
        "cik": "0001518832",
        "fillingDate": "2018-05-03",
        "acceptedDate": "2018-05-03 16:05:49",
        "calendarYear": "2018",
        "period": "Q1",
        "revenue": 443000000,
        "costOfRevenue": 200000000,
        "grossProfit": 243000000,
        "grossProfitRatio": 0.5485327314,
        "researchAndDevelopmentExpenses": 0,
        "generalAndAdministrativeExpenses": 116000000,
        "sellingAndMarketingExpenses": 49000000,
        "sellingGeneralAndAdministrativeExpenses": 165000000,
        "otherExpenses": 0,
        "operatingExpenses": 165000000,
        "costAndExpenses": 365000000,
        "interestIncome": 0,
        "interestExpense": 46000000,
        "depreciationAndAmortization": -162000000,
        "ebitda": -84000000,
        "ebitdaratio": -0.1896162528,
        "operatingIncome": 78000000,
        "operatingIncomeRatio": 0.1760722348,
        "totalOtherIncomeExpensesNet": -119000000,
        "incomeBeforeTax": -41000000,
        "incomeBeforeTaxRatio": -0.0925507901,
        "incomeTaxExpense": -15000000,
        "netIncome": -115000000,
        "netIncomeRatio": -0.2595936795,
        "eps": -0.29,
        "epsdiluted": -0.29,
        "weightedAverageShsOut": 398600000,
        "weightedAverageShsOutDil": 398600000,
        "link": "https://www.sec.gov/Archives/edgar/data/1518832/000151883218000006/0001518832-18-000006-index.html",
        "finalLink": "https://www.sec.gov/Archives/edgar/data/1518832/000151883218000006/wpx2018033110q.htm"
    },
    {
        "date": "2017-12-31",
        "symbol": "WPX",
        "reportedCurrency": "USD",
        "cik": "0001518832",
        "fillingDate": "2018-02-22",
        "acceptedDate": "2018-02-22 17:19:35",
        "calendarYear": "2017",
        "period": "Q4",
        "revenue": 448000000,
        "costOfRevenue": 196000000,
        "grossProfit": 252000000,
        "grossProfitRatio": 0.5625,
        "researchAndDevelopmentExpenses": 0,
        "generalAndAdministrativeExpenses": 129000000,
        "sellingAndMarketingExpenses": 55000000,
        "sellingGeneralAndAdministrativeExpenses": 184000000,
        "otherExpenses": 0,
        "operatingExpenses": 184000000,
        "costAndExpenses": 380000000,
        "interestIncome": 0,
        "interestExpense": 47000000,
        "depreciationAndAmortization": -205000000,
        "ebitda": -137000000,
        "ebitdaratio": -0.3058035714,
        "operatingIncome": 68000000,
        "operatingIncomeRatio": 0.1517857143,
        "totalOtherIncomeExpensesNet": -245000000,
        "incomeBeforeTax": -177000000,
        "incomeBeforeTaxRatio": -0.3950892857,
        "incomeTaxExpense": -146000000,
        "netIncome": -38000000,
        "netIncomeRatio": -0.0848214286,
        "eps": -0.0953,
        "epsdiluted": -0.0953,
        "weightedAverageShsOut": 398600000,
        "weightedAverageShsOutDil": 398600000,
        "link": "https://www.sec.gov/Archives/edgar/data/1518832/000151883218000003/0001518832-18-000003-index.html",
        "finalLink": "https://www.sec.gov/Archives/edgar/data/1518832/000151883218000003/wpx20171231-10xk.htm"
    },
    {
        "date": "2017-09-30",
        "symbol": "WPX",
        "reportedCurrency": "USD",
        "cik": "0001518832",
        "fillingDate": "2017-11-02",
        "acceptedDate": "2017-11-02 16:58:41",
        "calendarYear": "2017",
        "period": "Q3",
        "revenue": 330000000,
        "costOfRevenue": 173000000,
        "grossProfit": 157000000,
        "grossProfitRatio": 0.4757575758,
        "researchAndDevelopmentExpenses": 0,
        "generalAndAdministrativeExpenses": 125000000,
        "sellingAndMarketingExpenses": 46000000,
        "sellingGeneralAndAdministrativeExpenses": 171000000,
        "otherExpenses": 0,
        "operatingExpenses": 171000000,
        "costAndExpenses": 344000000,
        "interestIncome": 0,
        "interestExpense": 48000000,
        "depreciationAndAmortization": -64000000,
        "ebitda": -78000000,
        "ebitdaratio": -0.2363636364,
        "operatingIncome": -14000000,
        "operatingIncomeRatio": -0.0424242424,
        "totalOtherIncomeExpensesNet": -116000000,
        "incomeBeforeTax": -130000000,
        "incomeBeforeTaxRatio": -0.3939393939,
        "incomeTaxExpense": 20000000,
        "netIncome": -146000000,
        "netIncomeRatio": -0.4424242424,
        "eps": -0.37,
        "epsdiluted": -0.37,
        "weightedAverageShsOut": 398100000,
        "weightedAverageShsOutDil": 398100000,
        "link": "https://www.sec.gov/Archives/edgar/data/1518832/000151883217000019/0001518832-17-000019-index.html",
        "finalLink": "https://www.sec.gov/Archives/edgar/data/1518832/000151883217000019/wpx2017093010q.htm"
    },
    {
        "date": "2017-06-30",
        "symbol": "WPX",
        "reportedCurrency": "USD",
        "cik": "0001518832",
        "fillingDate": "2017-08-03",
        "acceptedDate": "2017-08-03 15:13:44",
        "calendarYear": "2017",
        "period": "Q2",
        "revenue": 297000000,
        "costOfRevenue": 179000000,
        "grossProfit": 118000000,
        "grossProfitRatio": 0.3973063973,
        "researchAndDevelopmentExpenses": 0,
        "generalAndAdministrativeExpenses": 120000000,
        "sellingAndMarketingExpenses": 44000000,
        "sellingGeneralAndAdministrativeExpenses": 164000000,
        "otherExpenses": 0,
        "operatingExpenses": 164000000,
        "costAndExpenses": 343000000,
        "interestIncome": 0,
        "interestExpense": 46000000,
        "depreciationAndAmortization": 115000000,
        "ebitda": 69000000,
        "ebitdaratio": 0.2323232323,
        "operatingIncome": -46000000,
        "operatingIncomeRatio": -0.1548821549,
        "totalOtherIncomeExpensesNet": 69000000,
        "incomeBeforeTax": 23000000,
        "incomeBeforeTaxRatio": 0.0774410774,
        "incomeTaxExpense": -53000000,
        "netIncome": 76000000,
        "netIncomeRatio": 0.2558922559,
        "eps": 0.19,
        "epsdiluted": 0.18,
        "weightedAverageShsOut": 397800000,
        "weightedAverageShsOutDil": 423200000,
        "link": "https://www.sec.gov/Archives/edgar/data/1518832/000151883217000013/0001518832-17-000013-index.html",
        "finalLink": "https://www.sec.gov/Archives/edgar/data/1518832/000151883217000013/wpx2017063010q.htm"
    },
    {
        "date": "2017-03-31",
        "symbol": "WPX",
        "reportedCurrency": "USD",
        "cik": "0001518832",
        "fillingDate": "2017-05-04",
        "acceptedDate": "2017-05-04 16:08:51",
        "calendarYear": "2017",
        "period": "Q1",
        "revenue": 258000000,
        "costOfRevenue": 152000000,
        "grossProfit": 106000000,
        "grossProfitRatio": 0.4108527132,
        "researchAndDevelopmentExpenses": 0,
        "generalAndAdministrativeExpenses": 112000000,
        "sellingAndMarketingExpenses": 58000000,
        "sellingGeneralAndAdministrativeExpenses": 170000000,
        "otherExpenses": 0,
        "operatingExpenses": 170000000,
        "costAndExpenses": 322000000,
        "interestIncome": 0,
        "interestExpense": 47000000,
        "depreciationAndAmortization": 234000000,
        "ebitda": 170000000,
        "ebitdaratio": 0.6589147287,
        "operatingIncome": -64000000,
        "operatingIncomeRatio": -0.2480620155,
        "totalOtherIncomeExpensesNet": 189000000,
        "incomeBeforeTax": 125000000,
        "incomeBeforeTaxRatio": 0.484496124,
        "incomeTaxExpense": 31000000,
        "netIncome": 92000000,
        "netIncomeRatio": 0.3565891473,
        "eps": 0.24,
        "epsdiluted": 0.22,
        "weightedAverageShsOut": 386300000,
        "weightedAverageShsOutDil": 410400000,
        "link": "https://www.sec.gov/Archives/edgar/data/1518832/000151883217000007/0001518832-17-000007-index.html",
        "finalLink": "https://www.sec.gov/Archives/edgar/data/1518832/000151883217000007/wpx2017033110q.htm"
    },
    {
        "date": "2016-12-31",
        "symbol": "WPX",
        "reportedCurrency": "USD",
        "cik": "0001518832",
        "fillingDate": "2017-02-23",
        "acceptedDate": "2017-02-23 16:18:41",
        "calendarYear": "2016",
        "period": "Q4",
        "revenue": 236000000,
        "costOfRevenue": 164000000,
        "grossProfit": 72000000,
        "grossProfitRatio": 0.3050847458,
        "researchAndDevelopmentExpenses": 0,
        "generalAndAdministrativeExpenses": 116000000,
        "sellingAndMarketingExpenses": 30000000,
        "sellingGeneralAndAdministrativeExpenses": 146000000,
        "otherExpenses": 0,
        "operatingExpenses": 146000000,
        "costAndExpenses": 310000000,
        "interestIncome": 0,
        "interestExpense": 48000000,
        "depreciationAndAmortization": -148000000,
        "ebitda": -222000000,
        "ebitdaratio": -0.9406779661,
        "operatingIncome": -74000000,
        "operatingIncomeRatio": -0.313559322,
        "totalOtherIncomeExpensesNet": -195000000,
        "incomeBeforeTax": -269000000,
        "incomeBeforeTaxRatio": -1.1398305085,
        "incomeTaxExpense": -98000000,
        "netIncome": -172000000,
        "netIncomeRatio": -0.7288135593,
        "eps": -0.45,
        "epsdiluted": -0.45,
        "weightedAverageShsOut": 386300000,
        "weightedAverageShsOutDil": 386300000,
        "link": "https://www.sec.gov/Archives/edgar/data/1518832/000151883217000004/0001518832-17-000004-index.html",
        "finalLink": "https://www.sec.gov/Archives/edgar/data/1518832/000151883217000004/wpx20161231-10xk.htm"
    },
    {
        "date": "2016-09-30",
        "symbol": "WPX",
        "reportedCurrency": "USD",
        "cik": "0001518832",
        "fillingDate": "2016-11-03",
        "acceptedDate": "2016-11-03 14:43:04",
        "calendarYear": "2016",
        "period": "Q3",
        "revenue": 213000000,
        "costOfRevenue": 181000000,
        "grossProfit": 32000000,
        "grossProfitRatio": 0.1502347418,
        "researchAndDevelopmentExpenses": 0,
        "generalAndAdministrativeExpenses": 110000000,
        "sellingAndMarketingExpenses": 24000000,
        "sellingGeneralAndAdministrativeExpenses": 134000000,
        "otherExpenses": 0,
        "operatingExpenses": 134000000,
        "costAndExpenses": 315000000,
        "interestIncome": 0,
        "interestExpense": 49000000,
        "depreciationAndAmortization": -200000000,
        "ebitda": -302000000,
        "ebitdaratio": -1.4178403756,
        "operatingIncome": -102000000,
        "operatingIncomeRatio": -0.4788732394,
        "totalOtherIncomeExpensesNet": -248000000,
        "incomeBeforeTax": -350000000,
        "incomeBeforeTaxRatio": -1.6431924883,
        "incomeTaxExpense": -132000000,
        "netIncome": -219000000,
        "netIncomeRatio": -1.0281690141,
        "eps": -0.64,
        "epsdiluted": -0.64,
        "weightedAverageShsOut": 341500000,
        "weightedAverageShsOutDil": 341500000,
        "link": "https://www.sec.gov/Archives/edgar/data/1518832/000151883216000035/0001518832-16-000035-index.html",
        "finalLink": "https://www.sec.gov/Archives/edgar/data/1518832/000151883216000035/wpx2016093010q.htm"
    },
    {
        "date": "2016-06-30",
        "symbol": "WPX",
        "reportedCurrency": "USD",
        "cik": "0001518832",
        "fillingDate": "2016-08-04",
        "acceptedDate": "2016-08-04 15:43:46",
        "calendarYear": "2016",
        "period": "Q2",
        "revenue": 292000000,
        "costOfRevenue": 295000000,
        "grossProfit": -3000000,
        "grossProfitRatio": -0.0102739726,
        "researchAndDevelopmentExpenses": 0,
        "generalAndAdministrativeExpenses": 116000000,
        "sellingAndMarketingExpenses": 28000000,
        "sellingGeneralAndAdministrativeExpenses": 144000000,
        "otherExpenses": 0,
        "operatingExpenses": 144000000,
        "costAndExpenses": 439000000,
        "interestIncome": 0,
        "interestExpense": 53000000,
        "depreciationAndAmortization": -128000000,
        "ebitda": -275000000,
        "ebitdaratio": -0.9417808219,
        "operatingIncome": -147000000,
        "operatingIncomeRatio": -0.5034246575,
        "totalOtherIncomeExpensesNet": -206000000,
        "incomeBeforeTax": -353000000,
        "incomeBeforeTaxRatio": -1.2089041096,
        "incomeTaxExpense": -130000000,
        "netIncome": -198000000,
        "netIncomeRatio": -0.6780821918,
        "eps": -0.66,
        "epsdiluted": -0.66,
        "weightedAverageShsOut": 300700000,
        "weightedAverageShsOutDil": 300700000,
        "link": "https://www.sec.gov/Archives/edgar/data/1518832/000151883216000030/0001518832-16-000030-index.htm",
        "finalLink": "https://www.sec.gov/Archives/edgar/data/1518832/000151883216000030/wpx2016063010q.htm"
    },
    {
        "date": "2016-03-31",
        "symbol": "WPX",
        "reportedCurrency": "USD",
        "cik": "0001518832",
        "fillingDate": "2016-05-05",
        "acceptedDate": "2016-05-05 13:54:19",
        "calendarYear": "2016",
        "period": "Q1",
        "revenue": 159000000,
        "costOfRevenue": 191000000,
        "grossProfit": -32000000,
        "grossProfitRatio": -0.2012578616,
        "researchAndDevelopmentExpenses": 0,
        "generalAndAdministrativeExpenses": 111000000,
        "sellingAndMarketingExpenses": 20000000,
        "sellingGeneralAndAdministrativeExpenses": 131000000,
        "otherExpenses": 0,
        "operatingExpenses": 131000000,
        "costAndExpenses": 322000000,
        "interestIncome": 0,
        "interestExpense": 57000000,
        "depreciationAndAmortization": 243000000,
        "ebitda": 80000000,
        "ebitdaratio": 0.5031446541,
        "operatingIncome": -163000000,
        "operatingIncomeRatio": -1.0251572327,
        "totalOtherIncomeExpensesNet": 198000000,
        "incomeBeforeTax": 35000000,
        "incomeBeforeTaxRatio": 0.2201257862,
        "incomeTaxExpense": 35000000,
        "netIncome": -12000000,
        "netIncomeRatio": -0.0754716981,
        "eps": -0.0399,
        "epsdiluted": -0.0399,
        "weightedAverageShsOut": 300700000,
        "weightedAverageShsOutDil": 300700000,
        "link": "https://www.sec.gov/Archives/edgar/data/1518832/000151883216000021/0001518832-16-000021-index.html",
        "finalLink": "https://www.sec.gov/Archives/edgar/data/1518832/000151883216000021/wpx2016033110q.htm"
    },
    {
        "date": "2015-12-31",
        "symbol": "WPX",
        "reportedCurrency": "USD",
        "cik": "0001518832",
        "fillingDate": "2016-02-25",
        "acceptedDate": "2016-02-25 16:51:14",
        "calendarYear": "2015",
        "period": "Q4",
        "revenue": 316000000,
        "costOfRevenue": 306000000,
        "grossProfit": 10000000,
        "grossProfitRatio": 0.0316455696,
        "researchAndDevelopmentExpenses": 0,
        "generalAndAdministrativeExpenses": 195000000,
        "sellingAndMarketingExpenses": 59000000,
        "sellingGeneralAndAdministrativeExpenses": 254000000,
        "otherExpenses": 0,
        "operatingExpenses": 254000000,
        "costAndExpenses": 560000000,
        "interestIncome": 0,
        "interestExpense": 57000000,
        "depreciationAndAmortization": -2095000000,
        "ebitda": -2339000000,
        "ebitdaratio": -7.4018987342,
        "operatingIncome": -244000000,
        "operatingIncomeRatio": -0.7721518987,
        "totalOtherIncomeExpensesNet": -2150000000,
        "incomeBeforeTax": -2394000000,
        "incomeBeforeTaxRatio": -7.5759493671,
        "incomeTaxExpense": -862000000,
        "netIncome": -1534000000,
        "netIncomeRatio": -4.8544303797,
        "eps": -5.56,
        "epsdiluted": -5.56,
        "weightedAverageShsOut": 276100000,
        "weightedAverageShsOutDil": 276100000,
        "link": "https://www.sec.gov/Archives/edgar/data/1518832/000151883216000018/0001518832-16-000018-index.html",
        "finalLink": "https://www.sec.gov/Archives/edgar/data/1518832/000151883216000018/wpx20151231-10xk.htm"
    },
    {
        "date": "2015-09-30",
        "symbol": "WPX",
        "reportedCurrency": "USD",
        "cik": "0001518832",
        "fillingDate": "2015-11-05",
        "acceptedDate": "2015-11-05 15:07:02",
        "calendarYear": "2015",
        "period": "Q3",
        "revenue": 332000000,
        "costOfRevenue": 285000000,
        "grossProfit": 47000000,
        "grossProfitRatio": 0.1415662651,
        "researchAndDevelopmentExpenses": 0,
        "generalAndAdministrativeExpenses": 179000000,
        "sellingAndMarketingExpenses": 73000000,
        "sellingGeneralAndAdministrativeExpenses": 252000000,
        "otherExpenses": 0,
        "operatingExpenses": 252000000,
        "costAndExpenses": 537000000,
        "interestIncome": 0,
        "interestExpense": 65000000,
        "depreciationAndAmortization": -12000000,
        "ebitda": -217000000,
        "ebitdaratio": -0.6536144578,
        "operatingIncome": -205000000,
        "operatingIncomeRatio": -0.6174698795,
        "totalOtherIncomeExpensesNet": 47000000,
        "incomeBeforeTax": -158000000,
        "incomeBeforeTaxRatio": -0.4759036145,
        "incomeTaxExpense": -52000000,
        "netIncome": -230000000,
        "netIncomeRatio": -0.6927710843,
        "eps": -0.92,
        "epsdiluted": -0.92,
        "weightedAverageShsOut": 251200000,
        "weightedAverageShsOutDil": 251200000,
        "link": "https://www.sec.gov/Archives/edgar/data/1518832/000151883215000015/0001518832-15-000015-index.html",
        "finalLink": "https://www.sec.gov/Archives/edgar/data/1518832/000151883215000015/wpx2015093010q.htm"
    },
    {
        "date": "2015-06-30",
        "symbol": "WPX",
        "reportedCurrency": "USD",
        "cik": "0001518832",
        "fillingDate": "2015-08-06",
        "acceptedDate": "2015-08-06 15:55:08",
        "calendarYear": "2015",
        "period": "Q2",
        "revenue": 355000000,
        "costOfRevenue": 286000000,
        "grossProfit": 69000000,
        "grossProfitRatio": 0.1943661972,
        "researchAndDevelopmentExpenses": 0,
        "generalAndAdministrativeExpenses": 183000000,
        "sellingAndMarketingExpenses": 25000000,
        "sellingGeneralAndAdministrativeExpenses": 208000000,
        "otherExpenses": 0,
        "operatingExpenses": 208000000,
        "costAndExpenses": 494000000,
        "interestIncome": 0,
        "interestExpense": 32000000,
        "depreciationAndAmortization": 127000000,
        "ebitda": -12000000,
        "ebitdaratio": -0.0338028169,
        "operatingIncome": -139000000,
        "operatingIncomeRatio": -0.3915492958,
        "totalOtherIncomeExpensesNet": 102000000,
        "incomeBeforeTax": -37000000,
        "incomeBeforeTaxRatio": -0.1042253521,
        "incomeTaxExpense": -14000000,
        "netIncome": -30000000,
        "netIncomeRatio": -0.0845070423,
        "eps": -0.15,
        "epsdiluted": -0.15,
        "weightedAverageShsOut": 205000000,
        "weightedAverageShsOutDil": 205000000,
        "link": "https://www.sec.gov/Archives/edgar/data/1518832/000151883215000008/0001518832-15-000008-index.html",
        "finalLink": "https://www.sec.gov/Archives/edgar/data/1518832/000151883215000008/wpx2015063010q.htm"
    },
    {
        "date": "2015-03-31",
        "symbol": "WPX",
        "reportedCurrency": "USD",
        "cik": "0001518832",
        "fillingDate": "2015-05-06",
        "acceptedDate": "2015-05-06 16:12:46",
        "calendarYear": "2015",
        "period": "Q1",
        "revenue": 467000000,
        "costOfRevenue": 325000000,
        "grossProfit": 142000000,
        "grossProfitRatio": 0.3040685225,
        "researchAndDevelopmentExpenses": 0,
        "generalAndAdministrativeExpenses": 194000000,
        "sellingAndMarketingExpenses": 29000000,
        "sellingGeneralAndAdministrativeExpenses": 223000000,
        "otherExpenses": 0,
        "operatingExpenses": 223000000,
        "costAndExpenses": 548000000,
        "interestIncome": 0,
        "interestExpense": 33000000,
        "depreciationAndAmortization": 194000000,
        "ebitda": 113000000,
        "ebitdaratio": 0.2419700214,
        "operatingIncome": -81000000,
        "operatingIncomeRatio": -0.1734475375,
        "totalOtherIncomeExpensesNet": 116000000,
        "incomeBeforeTax": 35000000,
        "incomeBeforeTaxRatio": 0.0749464668,
        "incomeTaxExpense": 13000000,
        "netIncome": 67000000,
        "netIncomeRatio": 0.1434689507,
        "eps": 0.33,
        "epsdiluted": 0.33,
        "weightedAverageShsOut": 204100000,
        "weightedAverageShsOutDil": 205900000,
        "link": "https://www.sec.gov/Archives/edgar/data/1518832/000151883215000005/0001518832-15-000005-index.html",
        "finalLink": "https://www.sec.gov/Archives/edgar/data/1518832/000151883215000005/wpx2015033110q.htm"
    },
    {
        "date": "2014-12-31",
        "symbol": "WPX",
        "reportedCurrency": "USD",
        "cik": "0001518832",
        "fillingDate": "2015-02-26",
        "acceptedDate": "2015-02-26 17:19:11",
        "calendarYear": "2014",
        "period": "Q4",
        "revenue": 510000000,
        "costOfRevenue": 382000000,
        "grossProfit": 128000000,
        "grossProfitRatio": 0.2509803922,
        "researchAndDevelopmentExpenses": 0,
        "generalAndAdministrativeExpenses": 166000000,
        "sellingAndMarketingExpenses": 77000000,
        "sellingGeneralAndAdministrativeExpenses": 243000000,
        "otherExpenses": 0,
        "operatingExpenses": 243000000,
        "costAndExpenses": 625000000,
        "interestIncome": 0,
        "interestExpense": 36000000,
        "depreciationAndAmortization": 476000000,
        "ebitda": 361000000,
        "ebitdaratio": 0.7078431373,
        "operatingIncome": -115000000,
        "operatingIncomeRatio": -0.2254901961,
        "totalOtherIncomeExpensesNet": 428000000,
        "incomeBeforeTax": 313000000,
        "incomeBeforeTaxRatio": 0.6137254902,
        "incomeTaxExpense": 106000000,
        "netIncome": 219000000,
        "netIncomeRatio": 0.4294117647,
        "eps": 1.07,
        "epsdiluted": 1.07,
        "weightedAverageShsOut": 204100000,
        "weightedAverageShsOutDil": 204100000,
        "link": "https://www.sec.gov/Archives/edgar/data/1518832/000151883215000002/0001518832-15-000002-index.htm",
        "finalLink": "https://www.sec.gov/Archives/edgar/data/1518832/000151883215000002/wpx20141231-10xk.htm"
    },
    {
        "date": "2014-09-30",
        "symbol": "WPX",
        "reportedCurrency": "USD",
        "cik": "0001518832",
        "fillingDate": "2014-11-05",
        "acceptedDate": "2014-11-05 16:34:41",
        "calendarYear": "2014",
        "period": "Q3",
        "revenue": 646000000,
        "costOfRevenue": 377000000,
        "grossProfit": 269000000,
        "grossProfitRatio": 0.4164086687,
        "researchAndDevelopmentExpenses": 0,
        "generalAndAdministrativeExpenses": 230000000,
        "sellingAndMarketingExpenses": 69000000,
        "sellingGeneralAndAdministrativeExpenses": 299000000,
        "otherExpenses": 0,
        "operatingExpenses": 299000000,
        "costAndExpenses": 676000000,
        "interestIncome": 0,
        "interestExpense": 30000000,
        "depreciationAndAmortization": 150000000,
        "ebitda": 120000000,
        "ebitdaratio": 0.1857585139,
        "operatingIncome": -30000000,
        "operatingIncomeRatio": -0.0464396285,
        "totalOtherIncomeExpensesNet": 119000000,
        "incomeBeforeTax": 89000000,
        "incomeBeforeTaxRatio": 0.1377708978,
        "incomeTaxExpense": 28000000,
        "netIncome": 62000000,
        "netIncomeRatio": 0.0959752322,
        "eps": 0.3,
        "epsdiluted": 0.3,
        "weightedAverageShsOut": 203300000,
        "weightedAverageShsOutDil": 207500000,
        "link": "https://www.sec.gov/Archives/edgar/data/1518832/000151883214000024/0001518832-14-000024-index.html",
        "finalLink": "https://www.sec.gov/Archives/edgar/data/1518832/000151883214000024/wpx2014093010q.htm"
    },
    {
        "date": "2014-06-30",
        "symbol": "WPX",
        "reportedCurrency": "USD",
        "cik": "0001518832",
        "fillingDate": "2014-08-06",
        "acceptedDate": "2014-08-06 15:16:43",
        "calendarYear": "2014",
        "period": "Q2",
        "revenue": 831000000,
        "costOfRevenue": 448000000,
        "grossProfit": 383000000,
        "grossProfitRatio": 0.4608904934,
        "researchAndDevelopmentExpenses": 0,
        "generalAndAdministrativeExpenses": 248000000,
        "sellingAndMarketingExpenses": 99000000,
        "sellingGeneralAndAdministrativeExpenses": 347000000,
        "otherExpenses": 0,
        "operatingExpenses": 347000000,
        "costAndExpenses": 795000000,
        "interestIncome": 0,
        "interestExpense": 27000000,
        "depreciationAndAmortization": -212000000,
        "ebitda": -176000000,
        "ebitdaratio": -0.2117930205,
        "operatingIncome": 36000000,
        "operatingIncomeRatio": 0.0433212996,
        "totalOtherIncomeExpensesNet": -237000000,
        "incomeBeforeTax": -201000000,
        "incomeBeforeTaxRatio": -0.2418772563,
        "incomeTaxExpense": -68000000,
        "netIncome": -135000000,
        "netIncomeRatio": -0.1624548736,
        "eps": -0.67,
        "epsdiluted": -0.67,
        "weightedAverageShsOut": 202700000,
        "weightedAverageShsOutDil": 202700000,
        "link": "https://www.sec.gov/Archives/edgar/data/1518832/000151883214000021/0001518832-14-000021-index.html",
        "finalLink": "https://www.sec.gov/Archives/edgar/data/1518832/000151883214000021/wpx2014063010q.htm"
    },
    {
        "date": "2014-03-31",
        "symbol": "WPX",
        "reportedCurrency": "USD",
        "cik": "0001518832",
        "fillingDate": "2014-05-07",
        "acceptedDate": "2014-05-07 15:12:53",
        "calendarYear": "2014",
        "period": "Q1",
        "revenue": 1182000000,
        "costOfRevenue": 598000000,
        "grossProfit": 584000000,
        "grossProfitRatio": 0.4940778342,
        "researchAndDevelopmentExpenses": 0,
        "generalAndAdministrativeExpenses": 257000000,
        "sellingAndMarketingExpenses": 62000000,
        "sellingGeneralAndAdministrativeExpenses": 319000000,
        "otherExpenses": 0,
        "operatingExpenses": 319000000,
        "costAndExpenses": 917000000,
        "interestIncome": 0,
        "interestExpense": 29000000,
        "depreciationAndAmortization": -195000000,
        "ebitda": 70000000,
        "ebitdaratio": 0.0592216582,
        "operatingIncome": 265000000,
        "operatingIncomeRatio": 0.2241962775,
        "totalOtherIncomeExpensesNet": -223000000,
        "incomeBeforeTax": 42000000,
        "incomeBeforeTaxRatio": 0.0355329949,
        "incomeTaxExpense": 23000000,
        "netIncome": 18000000,
        "netIncomeRatio": 0.0152284264,
        "eps": 0.0893,
        "epsdiluted": 0.0877,
        "weightedAverageShsOut": 201500000,
        "weightedAverageShsOutDil": 205200000,
        "link": "https://www.sec.gov/Archives/edgar/data/1518832/000151883214000014/0001518832-14-000014-index.html",
        "finalLink": "https://www.sec.gov/Archives/edgar/data/1518832/000151883214000014/wpx2014033110q.htm"
    },
    {
        "date": "2013-12-31",
        "symbol": "WPX",
        "reportedCurrency": "USD",
        "cik": "0001518832",
        "fillingDate": "2014-02-27",
        "acceptedDate": "2014-02-27 16:04:27",
        "calendarYear": "2013",
        "period": "Q4",
        "revenue": 750000000,
        "costOfRevenue": 506000000,
        "grossProfit": 244000000,
        "grossProfitRatio": 0.3253333333,
        "researchAndDevelopmentExpenses": 0,
        "generalAndAdministrativeExpenses": 262000000,
        "sellingAndMarketingExpenses": 405000000,
        "sellingGeneralAndAdministrativeExpenses": 667000000,
        "otherExpenses": 0,
        "operatingExpenses": 667000000,
        "costAndExpenses": 1173000000,
        "interestIncome": 0,
        "interestExpense": 25000000,
        "depreciationAndAmortization": -1096000000,
        "ebitda": -1519000000,
        "ebitdaratio": -2.0253333333,
        "operatingIncome": -423000000,
        "operatingIncomeRatio": -0.564,
        "totalOtherIncomeExpensesNet": -1132000000,
        "incomeBeforeTax": -1555000000,
        "incomeBeforeTaxRatio": -2.0733333333,
        "incomeTaxExpense": -571000000,
        "netIncome": -973000000,
        "netIncomeRatio": -1.2973333333,
        "eps": -4.83,
        "epsdiluted": -4.83,
        "weightedAverageShsOut": 201500000,
        "weightedAverageShsOutDil": 201500000,
        "link": "https://www.sec.gov/Archives/edgar/data/1518832/000151883214000011/0001518832-14-000011-index.htm",
        "finalLink": "https://www.sec.gov/Archives/edgar/data/1518832/000151883214000011/wpx20131231-10xk.htm"
    },
    {
        "date": "2013-09-30",
        "symbol": "WPX",
        "reportedCurrency": "USD",
        "cik": "0001518832",
        "fillingDate": "2013-11-07",
        "acceptedDate": "2013-11-07 13:19:58",
        "calendarYear": "2013",
        "period": "Q3",
        "revenue": 673000000,
        "costOfRevenue": 442000000,
        "grossProfit": 231000000,
        "grossProfitRatio": 0.3432392273,
        "researchAndDevelopmentExpenses": 0,
        "generalAndAdministrativeExpenses": 256000000,
        "sellingAndMarketingExpenses": 57000000,
        "sellingGeneralAndAdministrativeExpenses": 313000000,
        "otherExpenses": 0,
        "operatingExpenses": 313000000,
        "costAndExpenses": 755000000,
        "interestIncome": 0,
        "interestExpense": 26000000,
        "depreciationAndAmortization": -38000000,
        "ebitda": -120000000,
        "ebitdaratio": -0.1783060921,
        "operatingIncome": -82000000,
        "operatingIncomeRatio": -0.1218424963,
        "totalOtherIncomeExpensesNet": -66000000,
        "incomeBeforeTax": -148000000,
        "incomeBeforeTaxRatio": -0.219910847,
        "incomeTaxExpense": -32000000,
        "netIncome": -114000000,
        "netIncomeRatio": -0.1693907875,
        "eps": -0.57,
        "epsdiluted": -0.57,
        "weightedAverageShsOut": 200700000,
        "weightedAverageShsOutDil": 200700000,
        "link": "https://www.sec.gov/Archives/edgar/data/1518832/000151883213000008/0001518832-13-000008-index.html",
        "finalLink": "https://www.sec.gov/Archives/edgar/data/1518832/000151883213000008/wpx2013093010q.htm"
    },
    {
        "date": "2013-06-30",
        "symbol": "WPX",
        "reportedCurrency": "USD",
        "cik": "0001518832",
        "fillingDate": "2013-08-01",
        "acceptedDate": "2013-08-01 15:53:47",
        "calendarYear": "2013",
        "period": "Q2",
        "revenue": 737000000,
        "costOfRevenue": 449000000,
        "grossProfit": 288000000,
        "grossProfitRatio": 0.3907734057,
        "researchAndDevelopmentExpenses": 0,
        "generalAndAdministrativeExpenses": 258000000,
        "sellingAndMarketingExpenses": 56000000,
        "sellingGeneralAndAdministrativeExpenses": 314000000,
        "otherExpenses": 0,
        "operatingExpenses": 314000000,
        "costAndExpenses": 763000000,
        "interestIncome": 0,
        "interestExpense": 27000000,
        "depreciationAndAmortization": 82000000,
        "ebitda": 56000000,
        "ebitdaratio": 0.0759837178,
        "operatingIncome": -26000000,
        "operatingIncomeRatio": -0.0352781547,
        "totalOtherIncomeExpensesNet": 59000000,
        "incomeBeforeTax": 33000000,
        "incomeBeforeTaxRatio": 0.0447761194,
        "incomeTaxExpense": 11000000,
        "netIncome": 18000000,
        "netIncomeRatio": 0.0244233379,
        "eps": 0.0898,
        "epsdiluted": 0.0883,
        "weightedAverageShsOut": 200400000,
        "weightedAverageShsOutDil": 203800000,
        "link": "https://www.sec.gov/Archives/edgar/data/1518832/000151883213000003/0001518832-13-000003-index.html",
        "finalLink": "https://www.sec.gov/Archives/edgar/data/1518832/000151883213000003/wpx2013063010q.htm"
    },
    {
        "date": "2013-03-31",
        "symbol": "WPX",
        "reportedCurrency": "USD",
        "cik": "0001518832",
        "fillingDate": "2013-05-02",
        "acceptedDate": "2013-05-02 16:39:39",
        "calendarYear": "2013",
        "period": "Q1",
        "revenue": 725000000,
        "costOfRevenue": 474000000,
        "grossProfit": 251000000,
        "grossProfitRatio": 0.3462068966,
        "researchAndDevelopmentExpenses": 0,
        "generalAndAdministrativeExpenses": 254000000,
        "sellingAndMarketingExpenses": 54000000,
        "sellingGeneralAndAdministrativeExpenses": 308000000,
        "otherExpenses": 0,
        "operatingExpenses": 308000000,
        "costAndExpenses": 782000000,
        "interestIncome": 0,
        "interestExpense": 25000000,
        "depreciationAndAmortization": -97000000,
        "ebitda": -154000000,
        "ebitdaratio": -0.2124137931,
        "operatingIncome": -57000000,
        "operatingIncomeRatio": -0.0786206897,
        "totalOtherIncomeExpensesNet": -119000000,
        "incomeBeforeTax": -176000000,
        "incomeBeforeTaxRatio": -0.2427586207,
        "incomeTaxExpense": -63000000,
        "netIncome": -116000000,
        "netIncomeRatio": -0.16,
        "eps": -0.58,
        "epsdiluted": -0.58,
        "weightedAverageShsOut": 199900000,
        "weightedAverageShsOutDil": 199900000,
        "link": "https://www.sec.gov/Archives/edgar/data/1518832/000144530513001071/0001445305-13-001071-index.html",
        "finalLink": "https://www.sec.gov/Archives/edgar/data/1518832/000144530513001071/wpx2013033110q.htm"
    }
]