[
    {
        "date": "2025-09-30",
        "symbol": "WU",
        "reportedCurrency": "USD",
        "cik": "0001365135",
        "fillingDate": "2025-10-27",
        "acceptedDate": "2025-10-27 16:08:59",
        "calendarYear": "2025",
        "period": "Q3",
        "revenue": 1032600000,
        "costOfRevenue": 643200000,
        "grossProfit": 389400000,
        "grossProfitRatio": 0.3771063335,
        "researchAndDevelopmentExpenses": 0,
        "generalAndAdministrativeExpenses": 0,
        "sellingAndMarketingExpenses": 0,
        "sellingGeneralAndAdministrativeExpenses": 187500000,
        "otherExpenses": 0,
        "operatingExpenses": 187500000,
        "costAndExpenses": 830700000,
        "interestIncome": 2400000,
        "interestExpense": 175600000,
        "depreciationAndAmortization": 41300000,
        "ebitda": 243200000,
        "ebitdaratio": 0.2355219833,
        "operatingIncome": 201900000,
        "operatingIncomeRatio": 0.1955258571,
        "totalOtherIncomeExpensesNet": -34300000,
        "incomeBeforeTax": 167600000,
        "incomeBeforeTaxRatio": 0.1623087352,
        "incomeTaxExpense": 28000000,
        "netIncome": 139600000,
        "netIncomeRatio": 0.1351927174,
        "eps": 0.43,
        "epsdiluted": 0.43,
        "weightedAverageShsOut": 329500000,
        "weightedAverageShsOutDil": 330500000,
        "link": "https://www.sec.gov/Archives/edgar/data/1365135/000119312525251580/0001193125-25-251580-index.htm",
        "finalLink": "https://www.sec.gov/Archives/edgar/data/1365135/000119312525251580/wu-20250930.htm"
    },
    {
        "date": "2025-06-30",
        "symbol": "WU",
        "reportedCurrency": "USD",
        "cik": "0001365135",
        "fillingDate": "2025-07-28",
        "acceptedDate": "2025-07-28 16:07:23",
        "calendarYear": "2025",
        "period": "Q2",
        "revenue": 1026100000,
        "costOfRevenue": 642800000,
        "grossProfit": 383300000,
        "grossProfitRatio": 0.3735503362,
        "researchAndDevelopmentExpenses": 0,
        "generalAndAdministrativeExpenses": 0,
        "sellingAndMarketingExpenses": 0,
        "sellingGeneralAndAdministrativeExpenses": 190600000,
        "otherExpenses": 0,
        "operatingExpenses": 190600000,
        "costAndExpenses": 833400000,
        "interestIncome": 1800000,
        "interestExpense": 36700000,
        "depreciationAndAmortization": 40200000,
        "ebitda": 236600000,
        "ebitdaratio": 0.2305818146,
        "operatingIncome": 192700000,
        "operatingIncomeRatio": 0.1877984602,
        "totalOtherIncomeExpensesNet": -33000000,
        "incomeBeforeTax": 159700000,
        "incomeBeforeTaxRatio": 0.1556378521,
        "incomeTaxExpense": 37600000,
        "netIncome": 122100000,
        "netIncomeRatio": 0.1189942501,
        "eps": 0.37,
        "epsdiluted": 0.37,
        "weightedAverageShsOut": 328900000,
        "weightedAverageShsOutDil": 329600000,
        "link": "https://www.sec.gov/Archives/edgar/data/1365135/000095017025099163/0000950170-25-099163-index.htm",
        "finalLink": "https://www.sec.gov/Archives/edgar/data/1365135/000095017025099163/wu-20250630.htm"
    },
    {
        "date": "2025-03-31",
        "symbol": "WU",
        "reportedCurrency": "USD",
        "cik": "0001365135",
        "fillingDate": "2025-04-23",
        "acceptedDate": "2025-04-23 16:06:28",
        "calendarYear": "2025",
        "period": "Q1",
        "revenue": 983600000,
        "costOfRevenue": 619200000,
        "grossProfit": 364400000,
        "grossProfitRatio": 0.3704758032,
        "researchAndDevelopmentExpenses": 0,
        "generalAndAdministrativeExpenses": 0,
        "sellingAndMarketingExpenses": 0,
        "sellingGeneralAndAdministrativeExpenses": 187000000,
        "otherExpenses": 0,
        "operatingExpenses": 187000000,
        "costAndExpenses": 806200000,
        "interestIncome": 1700000,
        "interestExpense": 32600000,
        "depreciationAndAmortization": 41900000,
        "ebitda": 221800000,
        "ebitdaratio": 0.22549817,
        "operatingIncome": 177400000,
        "operatingIncomeRatio": 0.1803578691,
        "totalOtherIncomeExpensesNet": -30100000,
        "incomeBeforeTax": 147300000,
        "incomeBeforeTaxRatio": 0.1497559984,
        "incomeTaxExpense": 23800000,
        "netIncome": 123500000,
        "netIncomeRatio": 0.1255591704,
        "eps": 0.37,
        "epsdiluted": 0.36,
        "weightedAverageShsOut": 337700000,
        "weightedAverageShsOutDil": 339200000,
        "link": "https://www.sec.gov/Archives/edgar/data/1365135/000095017025057339/0000950170-25-057339-index.htm",
        "finalLink": "https://www.sec.gov/Archives/edgar/data/1365135/000095017025057339/wu-20250331.htm"
    },
    {
        "date": "2024-12-31",
        "symbol": "WU",
        "reportedCurrency": "USD",
        "cik": "0001365135",
        "fillingDate": "2025-02-20",
        "acceptedDate": "2025-02-20 16:05:54",
        "calendarYear": "2024",
        "period": "Q4",
        "revenue": 1058200000,
        "costOfRevenue": 661700000,
        "grossProfit": 396500000,
        "grossProfitRatio": 0.3746928747,
        "researchAndDevelopmentExpenses": 0,
        "generalAndAdministrativeExpenses": 0,
        "sellingAndMarketingExpenses": 0,
        "sellingGeneralAndAdministrativeExpenses": 218400000,
        "otherExpenses": 0,
        "operatingExpenses": 218400000,
        "costAndExpenses": 880100000,
        "interestIncome": 2300000,
        "interestExpense": 30400000,
        "depreciationAndAmortization": 43400000,
        "ebitda": 221500000,
        "ebitdaratio": 0.2093177093,
        "operatingIncome": 178100000,
        "operatingIncomeRatio": 0.1683046683,
        "totalOtherIncomeExpensesNet": -30400000,
        "incomeBeforeTax": 147700000,
        "incomeBeforeTaxRatio": 0.1395766396,
        "incomeTaxExpense": -238000000,
        "netIncome": 385700000,
        "netIncomeRatio": 0.3644868645,
        "eps": 1.13,
        "epsdiluted": 1.13,
        "weightedAverageShsOut": 340000000,
        "weightedAverageShsOutDil": 341100000,
        "link": "https://www.sec.gov/Archives/edgar/data/1365135/000095017025024137/0000950170-25-024137-index.htm",
        "finalLink": "https://www.sec.gov/Archives/edgar/data/1365135/000095017025024137/wu-20241231.htm"
    },
    {
        "date": "2024-09-30",
        "symbol": "WU",
        "reportedCurrency": "USD",
        "cik": "0001365135",
        "fillingDate": "2024-10-23",
        "acceptedDate": "2024-10-23 16:06:11",
        "calendarYear": "2024",
        "period": "Q3",
        "revenue": 1036000000,
        "costOfRevenue": 653600000,
        "grossProfit": 382400000,
        "grossProfitRatio": 0.3691119691,
        "researchAndDevelopmentExpenses": 0,
        "generalAndAdministrativeExpenses": 0,
        "sellingAndMarketingExpenses": 0,
        "sellingGeneralAndAdministrativeExpenses": 217500000,
        "otherExpenses": 0,
        "operatingExpenses": 217500000,
        "costAndExpenses": 871100000,
        "interestIncome": 2800000,
        "interestExpense": 32200000,
        "depreciationAndAmortization": 43000000,
        "ebitda": 210900000,
        "ebitdaratio": 0.2035714286,
        "operatingIncome": 164900000,
        "operatingIncomeRatio": 0.1591698842,
        "totalOtherIncomeExpensesNet": -29200000,
        "incomeBeforeTax": 135700000,
        "incomeBeforeTaxRatio": 0.130984556,
        "incomeTaxExpense": -129100000,
        "netIncome": 264800000,
        "netIncomeRatio": 0.2555984556,
        "eps": 0.78,
        "epsdiluted": 0.78,
        "weightedAverageShsOut": 338300000,
        "weightedAverageShsOutDil": 339500000,
        "link": "https://www.sec.gov/Archives/edgar/data/1365135/000095017024116637/0000950170-24-116637-index.htm",
        "finalLink": "https://www.sec.gov/Archives/edgar/data/1365135/000095017024116637/wu-20240930.htm"
    },
    {
        "date": "2024-06-30",
        "symbol": "WU",
        "reportedCurrency": "USD",
        "cik": "0001365135",
        "fillingDate": "2024-07-30",
        "acceptedDate": "2024-07-30 16:15:50",
        "calendarYear": "2024",
        "period": "Q2",
        "revenue": 1066400000,
        "costOfRevenue": 663900000,
        "grossProfit": 402500000,
        "grossProfitRatio": 0.3774381095,
        "researchAndDevelopmentExpenses": 0,
        "generalAndAdministrativeExpenses": 0,
        "sellingAndMarketingExpenses": 0,
        "sellingGeneralAndAdministrativeExpenses": 211800000,
        "otherExpenses": 0,
        "operatingExpenses": 211800000,
        "costAndExpenses": 875700000,
        "interestIncome": 3700000,
        "interestExpense": 31100000,
        "depreciationAndAmortization": 46100000,
        "ebitda": 242400000,
        "ebitdaratio": 0.2273068267,
        "operatingIncome": 190700000,
        "operatingIncomeRatio": 0.1788259565,
        "totalOtherIncomeExpensesNet": -25500000,
        "incomeBeforeTax": 165200000,
        "incomeBeforeTaxRatio": 0.1549137284,
        "incomeTaxExpense": 24200000,
        "netIncome": 141000000,
        "netIncomeRatio": 0.1322205551,
        "eps": 0.42,
        "epsdiluted": 0.42,
        "weightedAverageShsOut": 338600000,
        "weightedAverageShsOutDil": 339600000,
        "link": "https://www.sec.gov/Archives/edgar/data/1365135/000095017024087866/0000950170-24-087866-index.htm",
        "finalLink": "https://www.sec.gov/Archives/edgar/data/1365135/000095017024087866/wu-20240630.htm"
    },
    {
        "date": "2024-03-31",
        "symbol": "WU",
        "reportedCurrency": "USD",
        "cik": "0001365135",
        "fillingDate": "2024-04-24",
        "acceptedDate": "2024-04-24 17:00:55",
        "calendarYear": "2024",
        "period": "Q1",
        "revenue": 1049100000,
        "costOfRevenue": 641300000,
        "grossProfit": 407800000,
        "grossProfitRatio": 0.3887141359,
        "researchAndDevelopmentExpenses": 0,
        "generalAndAdministrativeExpenses": 0,
        "sellingAndMarketingExpenses": 0,
        "sellingGeneralAndAdministrativeExpenses": 215700000,
        "otherExpenses": 0,
        "operatingExpenses": 215700000,
        "costAndExpenses": 857000000,
        "interestIncome": 3100000,
        "interestExpense": 26100000,
        "depreciationAndAmortization": 46600000,
        "ebitda": 242700000,
        "ebitdaratio": 0.2313411496,
        "operatingIncome": 192100000,
        "operatingIncomeRatio": 0.1831093318,
        "totalOtherIncomeExpensesNet": -22100000,
        "incomeBeforeTax": 170000000,
        "incomeBeforeTaxRatio": 0.1620436565,
        "incomeTaxExpense": 27300000,
        "netIncome": 142700000,
        "netIncomeRatio": 0.1360213516,
        "eps": 0.41,
        "epsdiluted": 0.41,
        "weightedAverageShsOut": 344400000,
        "weightedAverageShsOutDil": 345700000,
        "link": "https://www.sec.gov/Archives/edgar/data/1365135/000095017024047691/0000950170-24-047691-index.htm",
        "finalLink": "https://www.sec.gov/Archives/edgar/data/1365135/000095017024047691/wu-20240331.htm"
    },
    {
        "date": "2023-12-31",
        "symbol": "WU",
        "reportedCurrency": "USD",
        "cik": "0001365135",
        "fillingDate": "2024-02-22",
        "acceptedDate": "2024-02-22 16:06:22",
        "calendarYear": "2023",
        "period": "Q4",
        "revenue": 1052300000,
        "costOfRevenue": 656100000,
        "grossProfit": 396200000,
        "grossProfitRatio": 0.3765086002,
        "researchAndDevelopmentExpenses": 0,
        "generalAndAdministrativeExpenses": 0,
        "sellingAndMarketingExpenses": 0,
        "sellingGeneralAndAdministrativeExpenses": 236900000,
        "otherExpenses": 0,
        "operatingExpenses": 236900000,
        "costAndExpenses": 893000000,
        "interestIncome": 4600000,
        "interestExpense": 26300000,
        "depreciationAndAmortization": 45100000,
        "ebitda": 215500000,
        "ebitdaratio": 0.2047895087,
        "operatingIncome": 159300000,
        "operatingIncomeRatio": 0.1513826855,
        "totalOtherIncomeExpensesNet": -15200000,
        "incomeBeforeTax": 144100000,
        "incomeBeforeTaxRatio": 0.1369381355,
        "incomeTaxExpense": 17100000,
        "netIncome": 127000000,
        "netIncomeRatio": 0.1206880167,
        "eps": 0.35,
        "epsdiluted": 0.35,
        "weightedAverageShsOut": 359700000,
        "weightedAverageShsOutDil": 361100000,
        "link": "https://www.sec.gov/Archives/edgar/data/1365135/000095017024018751/0000950170-24-018751-index.htm",
        "finalLink": "https://www.sec.gov/Archives/edgar/data/1365135/000095017024018751/wu-20231231.htm"
    },
    {
        "date": "2023-09-30",
        "symbol": "WU",
        "reportedCurrency": "USD",
        "cik": "0001365135",
        "fillingDate": "2023-10-25",
        "acceptedDate": "2023-10-25 16:06:21",
        "calendarYear": "2023",
        "period": "Q3",
        "revenue": 1097800000,
        "costOfRevenue": 687200000,
        "grossProfit": 410600000,
        "grossProfitRatio": 0.3740207688,
        "researchAndDevelopmentExpenses": 0,
        "generalAndAdministrativeExpenses": 0,
        "sellingAndMarketingExpenses": 0,
        "sellingGeneralAndAdministrativeExpenses": 199700000,
        "otherExpenses": 0,
        "operatingExpenses": 199700000,
        "costAndExpenses": 886900000,
        "interestIncome": 3600000,
        "interestExpense": 27000000,
        "depreciationAndAmortization": 46000000,
        "ebitda": 277300000,
        "ebitdaratio": 0.2525961013,
        "operatingIncome": 210900000,
        "operatingIncomeRatio": 0.1921114957,
        "totalOtherIncomeExpensesNet": -6600000,
        "incomeBeforeTax": 204300000,
        "incomeBeforeTaxRatio": 0.1860994717,
        "incomeTaxExpense": 33300000,
        "netIncome": 171000000,
        "netIncomeRatio": 0.1557660776,
        "eps": 0.46,
        "epsdiluted": 0.46,
        "weightedAverageShsOut": 373900000,
        "weightedAverageShsOutDil": 375000000,
        "link": "https://www.sec.gov/Archives/edgar/data/1365135/000095017023055181/0000950170-23-055181-index.htm",
        "finalLink": "https://www.sec.gov/Archives/edgar/data/1365135/000095017023055181/wu-20230930.htm"
    },
    {
        "date": "2023-06-30",
        "symbol": "WU",
        "reportedCurrency": "USD",
        "cik": "0001365135",
        "fillingDate": "2023-07-26",
        "acceptedDate": "2023-07-26 16:09:07",
        "calendarYear": "2023",
        "period": "Q2",
        "revenue": 1170000000,
        "costOfRevenue": 698900000,
        "grossProfit": 471100000,
        "grossProfitRatio": 0.4026495726,
        "researchAndDevelopmentExpenses": 0,
        "generalAndAdministrativeExpenses": 0,
        "sellingAndMarketingExpenses": 0,
        "sellingGeneralAndAdministrativeExpenses": 228500000,
        "otherExpenses": 0,
        "operatingExpenses": 228500000,
        "costAndExpenses": 927400000,
        "interestIncome": 4200000,
        "interestExpense": 27000000,
        "depreciationAndAmortization": 45900000,
        "ebitda": 289300000,
        "ebitdaratio": 0.2472649573,
        "operatingIncome": 242600000,
        "operatingIncomeRatio": 0.2073504274,
        "totalOtherIncomeExpensesNet": -26200000,
        "incomeBeforeTax": 216400000,
        "incomeBeforeTaxRatio": 0.184957265,
        "incomeTaxExpense": 40200000,
        "netIncome": 176200000,
        "netIncomeRatio": 0.1505982906,
        "eps": 0.47,
        "epsdiluted": 0.47,
        "weightedAverageShsOut": 375000000,
        "weightedAverageShsOutDil": 375600000,
        "link": "https://www.sec.gov/Archives/edgar/data/1365135/000095017023034718/0000950170-23-034718-index.htm",
        "finalLink": "https://www.sec.gov/Archives/edgar/data/1365135/000095017023034718/wu-20230630.htm"
    },
    {
        "date": "2023-03-31",
        "symbol": "WU",
        "reportedCurrency": "USD",
        "cik": "0001365135",
        "fillingDate": "2023-05-02",
        "acceptedDate": "2023-05-02 16:11:11",
        "calendarYear": "2023",
        "period": "Q1",
        "revenue": 1036900000,
        "costOfRevenue": 629500000,
        "grossProfit": 407400000,
        "grossProfitRatio": 0.3929019192,
        "researchAndDevelopmentExpenses": 0,
        "generalAndAdministrativeExpenses": 0,
        "sellingAndMarketingExpenses": 0,
        "sellingGeneralAndAdministrativeExpenses": 202700000,
        "otherExpenses": 0,
        "operatingExpenses": 202700000,
        "costAndExpenses": 832200000,
        "interestIncome": 3200000,
        "interestExpense": 25000000,
        "depreciationAndAmortization": 46600000,
        "ebitda": 252600000,
        "ebitdaratio": 0.2436107629,
        "operatingIncome": 204700000,
        "operatingIncomeRatio": 0.1974153727,
        "totalOtherIncomeExpensesNet": -23700000,
        "incomeBeforeTax": 181000000,
        "incomeBeforeTaxRatio": 0.174558781,
        "incomeTaxExpense": 29200000,
        "netIncome": 151800000,
        "netIncomeRatio": 0.1463979169,
        "eps": 0.41,
        "epsdiluted": 0.4,
        "weightedAverageShsOut": 374400000,
        "weightedAverageShsOutDil": 375500000,
        "link": "https://www.sec.gov/Archives/edgar/data/1365135/000095017023016682/0000950170-23-016682-index.htm",
        "finalLink": "https://www.sec.gov/Archives/edgar/data/1365135/000095017023016682/wu-20230331.htm"
    },
    {
        "date": "2022-12-31",
        "symbol": "WU",
        "reportedCurrency": "USD",
        "cik": "0001365135",
        "fillingDate": "2023-02-23",
        "acceptedDate": "2023-02-23 16:33:33",
        "calendarYear": "2022",
        "period": "Q4",
        "revenue": 1091900000,
        "costOfRevenue": 681000000,
        "grossProfit": 410900000,
        "grossProfitRatio": 0.3763165125,
        "researchAndDevelopmentExpenses": 0,
        "generalAndAdministrativeExpenses": 0,
        "sellingAndMarketingExpenses": 0,
        "sellingGeneralAndAdministrativeExpenses": 259300000,
        "otherExpenses": 0,
        "operatingExpenses": 259300000,
        "costAndExpenses": 940300000,
        "interestIncome": 6600000,
        "interestExpense": 26200000,
        "depreciationAndAmortization": 46300000,
        "ebitda": 289000000,
        "ebitdaratio": 0.2646762524,
        "operatingIncome": 151600000,
        "operatingIncomeRatio": 0.1388405532,
        "totalOtherIncomeExpensesNet": 64900000,
        "incomeBeforeTax": 216500000,
        "incomeBeforeTaxRatio": 0.1982782306,
        "incomeTaxExpense": -32900000,
        "netIncome": 249400000,
        "netIncomeRatio": 0.228409195,
        "eps": 0.65,
        "epsdiluted": 0.65,
        "weightedAverageShsOut": 382500000,
        "weightedAverageShsOutDil": 383900000,
        "link": "https://www.sec.gov/Archives/edgar/data/1365135/000095017023004146/0000950170-23-004146-index.htm",
        "finalLink": "https://www.sec.gov/Archives/edgar/data/1365135/000095017023004146/wu-20221231.htm"
    },
    {
        "date": "2022-09-30",
        "symbol": "WU",
        "reportedCurrency": "USD",
        "cik": "0001365135",
        "fillingDate": "2022-11-01",
        "acceptedDate": "2022-11-01 16:10:43",
        "calendarYear": "2022",
        "period": "Q3",
        "revenue": 1089600000,
        "costOfRevenue": 637300000,
        "grossProfit": 452300000,
        "grossProfitRatio": 0.4151064611,
        "researchAndDevelopmentExpenses": 0,
        "generalAndAdministrativeExpenses": 0,
        "sellingAndMarketingExpenses": 0,
        "sellingGeneralAndAdministrativeExpenses": 220500000,
        "otherExpenses": 0,
        "operatingExpenses": 220500000,
        "costAndExpenses": 857800000,
        "interestIncome": 4900000,
        "interestExpense": 25200000,
        "depreciationAndAmortization": 44800000,
        "ebitda": 263700000,
        "ebitdaratio": 0.2420154185,
        "operatingIncome": 231800000,
        "operatingIncomeRatio": 0.2127386197,
        "totalOtherIncomeExpensesNet": -38100000,
        "incomeBeforeTax": 193700000,
        "incomeBeforeTaxRatio": 0.1777716593,
        "incomeTaxExpense": 19800000,
        "netIncome": 173900000,
        "netIncomeRatio": 0.1595998532,
        "eps": 0.45,
        "epsdiluted": 0.45,
        "weightedAverageShsOut": 386500000,
        "weightedAverageShsOutDil": 387600000,
        "link": "https://www.sec.gov/Archives/edgar/data/1365135/000095017022020842/0000950170-22-020842-index.htm",
        "finalLink": "https://www.sec.gov/Archives/edgar/data/1365135/000095017022020842/wu-20220930.htm"
    },
    {
        "date": "2022-06-30",
        "symbol": "WU",
        "reportedCurrency": "USD",
        "cik": "0001365135",
        "fillingDate": "2022-08-03",
        "acceptedDate": "2022-08-03 16:18:18",
        "calendarYear": "2022",
        "period": "Q2",
        "revenue": 1138300000,
        "costOfRevenue": 653000000,
        "grossProfit": 485300000,
        "grossProfitRatio": 0.4263375209,
        "researchAndDevelopmentExpenses": 0,
        "generalAndAdministrativeExpenses": 0,
        "sellingAndMarketingExpenses": 0,
        "sellingGeneralAndAdministrativeExpenses": 221300000,
        "otherExpenses": 0,
        "operatingExpenses": 221300000,
        "costAndExpenses": 874300000,
        "interestIncome": 1800000,
        "interestExpense": 24800000,
        "depreciationAndAmortization": 45900000,
        "ebitda": 306900000,
        "ebitdaratio": 0.2696125802,
        "operatingIncome": 264000000,
        "operatingIncomeRatio": 0.2319248001,
        "totalOtherIncomeExpensesNet": -27800000,
        "incomeBeforeTax": 236200000,
        "incomeBeforeTaxRatio": 0.2075024159,
        "incomeTaxExpense": 42200000,
        "netIncome": 194000000,
        "netIncomeRatio": 0.170429588,
        "eps": 0.5,
        "epsdiluted": 0.5,
        "weightedAverageShsOut": 386700000,
        "weightedAverageShsOutDil": 387600000,
        "link": "https://www.sec.gov/Archives/edgar/data/1365135/000095017022014269/0000950170-22-014269-index.htm",
        "finalLink": "https://www.sec.gov/Archives/edgar/data/1365135/000095017022014269/wu-20220630.htm"
    },
    {
        "date": "2022-03-31",
        "symbol": "WU",
        "reportedCurrency": "USD",
        "cik": "0001365135",
        "fillingDate": "2022-04-28",
        "acceptedDate": "2022-04-28 16:12:55",
        "calendarYear": "2022",
        "period": "Q1",
        "revenue": 1155700000,
        "costOfRevenue": 655100000,
        "grossProfit": 500600000,
        "grossProfitRatio": 0.4331573938,
        "researchAndDevelopmentExpenses": 0,
        "generalAndAdministrativeExpenses": 0,
        "sellingAndMarketingExpenses": 0,
        "sellingGeneralAndAdministrativeExpenses": 263100000,
        "otherExpenses": 0,
        "operatingExpenses": 263100000,
        "costAndExpenses": 918200000,
        "interestIncome": 600000,
        "interestExpense": 24800000,
        "depreciationAndAmortization": 46800000,
        "ebitda": 433800000,
        "ebitdaratio": 0.3753569265,
        "operatingIncome": 237500000,
        "operatingIncomeRatio": 0.2055031583,
        "totalOtherIncomeExpensesNet": 124700000,
        "incomeBeforeTax": 362200000,
        "incomeBeforeTaxRatio": 0.3134031323,
        "incomeTaxExpense": 68900000,
        "netIncome": 293300000,
        "netIncomeRatio": 0.2537855845,
        "eps": 0.75,
        "epsdiluted": 0.74,
        "weightedAverageShsOut": 393100000,
        "weightedAverageShsOutDil": 394500000,
        "link": "https://www.sec.gov/Archives/edgar/data/1365135/000095017022006539/0000950170-22-006539-index.htm",
        "finalLink": "https://www.sec.gov/Archives/edgar/data/1365135/000095017022006539/wu-20220331.htm"
    },
    {
        "date": "2021-12-31",
        "symbol": "WU",
        "reportedCurrency": "USD",
        "cik": "0001365135",
        "fillingDate": "2022-02-24",
        "acceptedDate": "2022-02-24 16:07:44",
        "calendarYear": "2021",
        "period": "Q4",
        "revenue": 1284800000,
        "costOfRevenue": 715300000,
        "grossProfit": 569500000,
        "grossProfitRatio": 0.4432596513,
        "researchAndDevelopmentExpenses": 0,
        "generalAndAdministrativeExpenses": 0,
        "sellingAndMarketingExpenses": 0,
        "sellingGeneralAndAdministrativeExpenses": 252700000,
        "otherExpenses": 0,
        "operatingExpenses": 252700000,
        "costAndExpenses": 968000000,
        "interestIncome": 300000,
        "interestExpense": 25800000,
        "depreciationAndAmortization": 47900000,
        "ebitda": 254600000,
        "ebitdaratio": 0.1981631382,
        "operatingIncome": 316800000,
        "operatingIncomeRatio": 0.2465753425,
        "totalOtherIncomeExpensesNet": -135900000,
        "incomeBeforeTax": 180900000,
        "incomeBeforeTaxRatio": 0.1408001245,
        "incomeTaxExpense": 12100000,
        "netIncome": 168800000,
        "netIncomeRatio": 0.1313823163,
        "eps": 0.42,
        "epsdiluted": 0.42,
        "weightedAverageShsOut": 400100000,
        "weightedAverageShsOutDil": 401700000,
        "link": "https://www.sec.gov/Archives/edgar/data/1365135/000095017022001962/0000950170-22-001962-index.htm",
        "finalLink": "https://www.sec.gov/Archives/edgar/data/1365135/000095017022001962/wu-20211231.htm"
    },
    {
        "date": "2021-09-30",
        "symbol": "WU",
        "reportedCurrency": "USD",
        "cik": "0001365135",
        "fillingDate": "2021-11-02",
        "acceptedDate": "2021-11-02 16:14:54",
        "calendarYear": "2021",
        "period": "Q3",
        "revenue": 1286300000,
        "costOfRevenue": 720100000,
        "grossProfit": 566200000,
        "grossProfitRatio": 0.4401772526,
        "researchAndDevelopmentExpenses": 0,
        "generalAndAdministrativeExpenses": 0,
        "sellingAndMarketingExpenses": 0,
        "sellingGeneralAndAdministrativeExpenses": 247600000,
        "otherExpenses": 0,
        "operatingExpenses": 247600000,
        "costAndExpenses": 967700000,
        "interestIncome": 400000,
        "interestExpense": 25700000,
        "depreciationAndAmortization": 51300000,
        "ebitda": 368500000,
        "ebitdaratio": 0.2864806033,
        "operatingIncome": 318600000,
        "operatingIncomeRatio": 0.2476871647,
        "totalOtherIncomeExpensesNet": -27100000,
        "incomeBeforeTax": 291500000,
        "incomeBeforeTaxRatio": 0.2266189847,
        "incomeTaxExpense": 58800000,
        "netIncome": 232700000,
        "netIncomeRatio": 0.1809064759,
        "eps": 0.57,
        "epsdiluted": 0.57,
        "weightedAverageShsOut": 406300000,
        "weightedAverageShsOutDil": 408000000,
        "link": "https://www.sec.gov/Archives/edgar/data/1365135/000155837021014103/0001558370-21-014103-index.htm",
        "finalLink": "https://www.sec.gov/Archives/edgar/data/1365135/000155837021014103/wu-20210930x10q.htm"
    },
    {
        "date": "2021-06-30",
        "symbol": "WU",
        "reportedCurrency": "USD",
        "cik": "0001365135",
        "fillingDate": "2021-08-04",
        "acceptedDate": "2021-08-04 16:10:47",
        "calendarYear": "2021",
        "period": "Q2",
        "revenue": 1289700000,
        "costOfRevenue": 755000000,
        "grossProfit": 534700000,
        "grossProfitRatio": 0.4145925409,
        "researchAndDevelopmentExpenses": 0,
        "generalAndAdministrativeExpenses": 0,
        "sellingAndMarketingExpenses": 0,
        "sellingGeneralAndAdministrativeExpenses": 279800000,
        "otherExpenses": 0,
        "operatingExpenses": 279800000,
        "costAndExpenses": 1034800000,
        "interestIncome": 300000,
        "interestExpense": 25600000,
        "depreciationAndAmortization": 55600000,
        "ebitda": 341300000,
        "ebitdaratio": 0.2646351865,
        "operatingIncome": 254900000,
        "operatingIncomeRatio": 0.1976428627,
        "totalOtherIncomeExpensesNet": 5200000,
        "incomeBeforeTax": 260100000,
        "incomeBeforeTaxRatio": 0.2016748081,
        "incomeTaxExpense": 37600000,
        "netIncome": 222500000,
        "netIncomeRatio": 0.1725207413,
        "eps": 0.54,
        "epsdiluted": 0.54,
        "weightedAverageShsOut": 409300000,
        "weightedAverageShsOutDil": 411500000,
        "link": "https://www.sec.gov/Archives/edgar/data/1365135/000155837021010208/0001558370-21-010208-index.htm",
        "finalLink": "https://www.sec.gov/Archives/edgar/data/1365135/000155837021010208/wu-20210630x10q.htm"
    },
    {
        "date": "2021-03-31",
        "symbol": "WU",
        "reportedCurrency": "USD",
        "cik": "0001365135",
        "fillingDate": "2021-05-04",
        "acceptedDate": "2021-05-04 16:30:24",
        "calendarYear": "2021",
        "period": "Q1",
        "revenue": 1210000000,
        "costOfRevenue": 706000000,
        "grossProfit": 504000000,
        "grossProfitRatio": 0.4165289256,
        "researchAndDevelopmentExpenses": 0,
        "generalAndAdministrativeExpenses": 0,
        "sellingAndMarketingExpenses": 0,
        "sellingGeneralAndAdministrativeExpenses": 271200000,
        "otherExpenses": 0,
        "operatingExpenses": 271200000,
        "costAndExpenses": 977200000,
        "interestIncome": 400000,
        "interestExpense": 28400000,
        "depreciationAndAmortization": 53400000,
        "ebitda": 284700000,
        "ebitdaratio": 0.2352892562,
        "operatingIncome": 232800000,
        "operatingIncomeRatio": 0.1923966942,
        "totalOtherIncomeExpensesNet": -29900000,
        "incomeBeforeTax": 202900000,
        "incomeBeforeTaxRatio": 0.1676859504,
        "incomeTaxExpense": 21100000,
        "netIncome": 181800000,
        "netIncomeRatio": 0.1502479339,
        "eps": 0.44,
        "epsdiluted": 0.44,
        "weightedAverageShsOut": 411700000,
        "weightedAverageShsOutDil": 414300000,
        "link": "https://www.sec.gov/Archives/edgar/data/1365135/000155837021005716/0001558370-21-005716-index.htm",
        "finalLink": "https://www.sec.gov/Archives/edgar/data/1365135/000155837021005716/wu-20210331x10q.htm"
    },
    {
        "date": "2020-12-31",
        "symbol": "WU",
        "reportedCurrency": "USD",
        "cik": "0001365135",
        "fillingDate": "2021-02-19",
        "acceptedDate": "2021-02-19 16:08:13",
        "calendarYear": "2020",
        "period": "Q4",
        "revenue": 1271800000,
        "costOfRevenue": 759200000,
        "grossProfit": 512600000,
        "grossProfitRatio": 0.4030507942,
        "researchAndDevelopmentExpenses": 0,
        "generalAndAdministrativeExpenses": 0,
        "sellingAndMarketingExpenses": 0,
        "sellingGeneralAndAdministrativeExpenses": 285500000,
        "otherExpenses": 0,
        "operatingExpenses": 285500000,
        "costAndExpenses": 1044700000,
        "interestIncome": 300000,
        "interestExpense": 28100000,
        "depreciationAndAmortization": 56100000,
        "ebitda": 283200000,
        "ebitdaratio": 0.2226765215,
        "operatingIncome": 227100000,
        "operatingIncomeRatio": 0.1785658122,
        "totalOtherIncomeExpensesNet": -28100000,
        "incomeBeforeTax": 199000000,
        "incomeBeforeTaxRatio": 0.1564711433,
        "incomeTaxExpense": 21900000,
        "netIncome": 177100000,
        "netIncomeRatio": 0.1392514546,
        "eps": 0.43,
        "epsdiluted": 0.43,
        "weightedAverageShsOut": 411700000,
        "weightedAverageShsOutDil": 414500000,
        "link": "https://www.sec.gov/Archives/edgar/data/1365135/000155837021001284/0001558370-21-001284-index.htm",
        "finalLink": "https://www.sec.gov/Archives/edgar/data/1365135/000155837021001284/wu-20201231x10k.htm"
    },
    {
        "date": "2020-09-30",
        "symbol": "WU",
        "reportedCurrency": "USD",
        "cik": "0001365135",
        "fillingDate": "2020-10-29",
        "acceptedDate": "2020-10-29 16:26:13",
        "calendarYear": "2020",
        "period": "Q3",
        "revenue": 1258500000,
        "costOfRevenue": 721700000,
        "grossProfit": 536800000,
        "grossProfitRatio": 0.4265395312,
        "researchAndDevelopmentExpenses": 0,
        "generalAndAdministrativeExpenses": 0,
        "sellingAndMarketingExpenses": 0,
        "sellingGeneralAndAdministrativeExpenses": 251600000,
        "otherExpenses": 0,
        "operatingExpenses": 251600000,
        "costAndExpenses": 973300000,
        "interestIncome": 500000,
        "interestExpense": 28200000,
        "depreciationAndAmortization": 54200000,
        "ebitda": 343400000,
        "ebitdaratio": 0.2728645213,
        "operatingIncome": 285200000,
        "operatingIncomeRatio": 0.2266189909,
        "totalOtherIncomeExpensesNet": -24200000,
        "incomeBeforeTax": 261000000,
        "incomeBeforeTaxRatio": 0.2073897497,
        "incomeTaxExpense": 32400000,
        "netIncome": 228600000,
        "netIncomeRatio": 0.1816448153,
        "eps": 0.56,
        "epsdiluted": 0.55,
        "weightedAverageShsOut": 411600000,
        "weightedAverageShsOutDil": 414600000,
        "link": "https://www.sec.gov/Archives/edgar/data/1365135/000155837020012046/0001558370-20-012046-index.htm",
        "finalLink": "https://www.sec.gov/Archives/edgar/data/1365135/000155837020012046/wu-20200930x10q.htm"
    },
    {
        "date": "2020-06-30",
        "symbol": "WU",
        "reportedCurrency": "USD",
        "cik": "0001365135",
        "fillingDate": "2020-08-04",
        "acceptedDate": "2020-08-04 19:17:57",
        "calendarYear": "2020",
        "period": "Q2",
        "revenue": 1114700000,
        "costOfRevenue": 662200000,
        "grossProfit": 452500000,
        "grossProfitRatio": 0.4059388176,
        "researchAndDevelopmentExpenses": 0,
        "generalAndAdministrativeExpenses": 0,
        "sellingAndMarketingExpenses": 0,
        "sellingGeneralAndAdministrativeExpenses": 230700000,
        "otherExpenses": 0,
        "operatingExpenses": 230700000,
        "costAndExpenses": 892900000,
        "interestIncome": 800000,
        "interestExpense": 29300000,
        "depreciationAndAmortization": 57100000,
        "ebitda": 279600000,
        "ebitdaratio": 0.2508298197,
        "operatingIncome": 221800000,
        "operatingIncomeRatio": 0.1989773033,
        "totalOtherIncomeExpensesNet": -28600000,
        "incomeBeforeTax": 193200000,
        "incomeBeforeTaxRatio": 0.1733201758,
        "incomeTaxExpense": 31300000,
        "netIncome": 161900000,
        "netIncomeRatio": 0.145240872,
        "eps": 0.39,
        "epsdiluted": 0.39,
        "weightedAverageShsOut": 411500000,
        "weightedAverageShsOutDil": 413600000,
        "link": "https://www.sec.gov/Archives/edgar/data/1365135/000155837020009217/0001558370-20-009217-index.htm",
        "finalLink": "https://www.sec.gov/Archives/edgar/data/1365135/000155837020009217/wu-20200630x10q.htm"
    },
    {
        "date": "2020-03-31",
        "symbol": "WU",
        "reportedCurrency": "USD",
        "cik": "0001365135",
        "fillingDate": "2020-05-05",
        "acceptedDate": "2020-05-05 16:19:32",
        "calendarYear": "2020",
        "period": "Q1",
        "revenue": 1190000000,
        "costOfRevenue": 683400000,
        "grossProfit": 506600000,
        "grossProfitRatio": 0.4257142857,
        "researchAndDevelopmentExpenses": 0,
        "generalAndAdministrativeExpenses": 0,
        "sellingAndMarketingExpenses": 0,
        "sellingGeneralAndAdministrativeExpenses": 273400000,
        "otherExpenses": 0,
        "operatingExpenses": 273400000,
        "costAndExpenses": 956800000,
        "interestIncome": 1600000,
        "interestExpense": 32900000,
        "depreciationAndAmortization": 58200000,
        "ebitda": 293000000,
        "ebitdaratio": 0.2462184874,
        "operatingIncome": 233200000,
        "operatingIncomeRatio": 0.1959663866,
        "totalOtherIncomeExpensesNet": -31300000,
        "incomeBeforeTax": 201900000,
        "incomeBeforeTaxRatio": 0.1696638655,
        "incomeTaxExpense": 25200000,
        "netIncome": 176700000,
        "netIncomeRatio": 0.148487395,
        "eps": 0.43,
        "epsdiluted": 0.42,
        "weightedAverageShsOut": 414300000,
        "weightedAverageShsOutDil": 418300000,
        "link": "https://www.sec.gov/Archives/edgar/data/1365135/000155837020005200/0001558370-20-005200-index.htm",
        "finalLink": "https://www.sec.gov/Archives/edgar/data/1365135/000155837020005200/wu-20200505x10q.htm"
    },
    {
        "date": "2019-12-31",
        "symbol": "WU",
        "reportedCurrency": "USD",
        "cik": "0001365135",
        "fillingDate": "2020-02-20",
        "acceptedDate": "2020-02-20 16:33:18",
        "calendarYear": "2019",
        "period": "Q4",
        "revenue": 1307700000,
        "costOfRevenue": 756500000,
        "grossProfit": 551200000,
        "grossProfitRatio": 0.4215034029,
        "researchAndDevelopmentExpenses": 0,
        "generalAndAdministrativeExpenses": 0,
        "sellingAndMarketingExpenses": 0,
        "sellingGeneralAndAdministrativeExpenses": 324700000,
        "otherExpenses": 0,
        "operatingExpenses": 324700000,
        "costAndExpenses": 1081200000,
        "interestIncome": 2100000,
        "interestExpense": 37500000,
        "depreciationAndAmortization": 67000000,
        "ebitda": 302000000,
        "ebitdaratio": 0.230939818,
        "operatingIncome": 226500000,
        "operatingIncomeRatio": 0.1732048635,
        "totalOtherIncomeExpensesNet": -29000000,
        "incomeBeforeTax": 197500000,
        "incomeBeforeTaxRatio": 0.1510285234,
        "incomeTaxExpense": 62100000,
        "netIncome": 135400000,
        "netIncomeRatio": 0.1035405674,
        "eps": 0.32,
        "epsdiluted": 0.32,
        "weightedAverageShsOut": 419500000,
        "weightedAverageShsOutDil": 424700000,
        "link": "https://www.sec.gov/Archives/edgar/data/1365135/000155837020001090/0001558370-20-001090-index.htm",
        "finalLink": "https://www.sec.gov/Archives/edgar/data/1365135/000155837020001090/wu-20191231x10kf6082f.htm"
    },
    {
        "date": "2019-09-30",
        "symbol": "WU",
        "reportedCurrency": "USD",
        "cik": "0001365135",
        "fillingDate": "2019-10-31",
        "acceptedDate": "2019-10-31 16:21:22",
        "calendarYear": "2019",
        "period": "Q3",
        "revenue": 1306900000,
        "costOfRevenue": 768600000,
        "grossProfit": 538300000,
        "grossProfitRatio": 0.4118907338,
        "researchAndDevelopmentExpenses": 0,
        "generalAndAdministrativeExpenses": 0,
        "sellingAndMarketingExpenses": 0,
        "sellingGeneralAndAdministrativeExpenses": 340900000,
        "otherExpenses": 0,
        "operatingExpenses": 340900000,
        "costAndExpenses": 1109500000,
        "interestIncome": 1100000,
        "interestExpense": 36200000,
        "depreciationAndAmortization": 61100000,
        "ebitda": 259500000,
        "ebitdaratio": 0.1985614814,
        "operatingIncome": 197400000,
        "operatingIncomeRatio": 0.1510444563,
        "totalOtherIncomeExpensesNet": -35200000,
        "incomeBeforeTax": 162200000,
        "incomeBeforeTaxRatio": 0.1241104905,
        "incomeTaxExpense": 27200000,
        "netIncome": 135000000,
        "netIncomeRatio": 0.1032978805,
        "eps": 0.32,
        "epsdiluted": 0.32,
        "weightedAverageShsOut": 423300000,
        "weightedAverageShsOutDil": 426800000,
        "link": "https://www.sec.gov/Archives/edgar/data/1365135/000155837019009577/0001558370-19-009577-index.htm",
        "finalLink": "https://www.sec.gov/Archives/edgar/data/1365135/000155837019009577/wu-20190930x10q0d6583.htm"
    },
    {
        "date": "2019-06-30",
        "symbol": "WU",
        "reportedCurrency": "USD",
        "cik": "0001365135",
        "fillingDate": "2019-08-01",
        "acceptedDate": "2019-08-01 16:20:45",
        "calendarYear": "2019",
        "period": "Q2",
        "revenue": 1340500000,
        "costOfRevenue": 776400000,
        "grossProfit": 564100000,
        "grossProfitRatio": 0.4208131294,
        "researchAndDevelopmentExpenses": 0,
        "generalAndAdministrativeExpenses": 0,
        "sellingAndMarketingExpenses": 0,
        "sellingGeneralAndAdministrativeExpenses": 305200000,
        "otherExpenses": 0,
        "operatingExpenses": 305200000,
        "costAndExpenses": 1081600000,
        "interestIncome": 1000000,
        "interestExpense": 38600000,
        "depreciationAndAmortization": 64800000,
        "ebitda": 849000000,
        "ebitdaratio": 0.6333457665,
        "operatingIncome": 258900000,
        "operatingIncomeRatio": 0.1931368892,
        "totalOtherIncomeExpensesNet": 486700000,
        "incomeBeforeTax": 745600000,
        "incomeBeforeTaxRatio": 0.5562103693,
        "incomeTaxExpense": 130800000,
        "netIncome": 614800000,
        "netIncomeRatio": 0.4586348377,
        "eps": 1.43,
        "epsdiluted": 1.42,
        "weightedAverageShsOut": 430000000,
        "weightedAverageShsOutDil": 432300000,
        "link": "https://www.sec.gov/Archives/edgar/data/1365135/000155837019006821/0001558370-19-006821-index.htm",
        "finalLink": "https://www.sec.gov/Archives/edgar/data/1365135/000155837019006821/wu-20190630x10q.htm"
    },
    {
        "date": "2019-03-31",
        "symbol": "WU",
        "reportedCurrency": "USD",
        "cik": "0001365135",
        "fillingDate": "2019-05-07",
        "acceptedDate": "2019-05-07 16:22:49",
        "calendarYear": "2019",
        "period": "Q1",
        "revenue": 1337000000,
        "costOfRevenue": 785000000,
        "grossProfit": 552000000,
        "grossProfitRatio": 0.4128646223,
        "researchAndDevelopmentExpenses": 0,
        "generalAndAdministrativeExpenses": 0,
        "sellingAndMarketingExpenses": 0,
        "sellingGeneralAndAdministrativeExpenses": 300800000,
        "otherExpenses": 0,
        "operatingExpenses": 300800000,
        "costAndExpenses": 1085800000,
        "interestIncome": 2100000,
        "interestExpense": 39700000,
        "depreciationAndAmortization": 64800000,
        "ebitda": 320600000,
        "ebitdaratio": 0.2397905759,
        "operatingIncome": 251200000,
        "operatingIncomeRatio": 0.1878833209,
        "totalOtherIncomeExpensesNet": -35100000,
        "incomeBeforeTax": 216100000,
        "incomeBeforeTaxRatio": 0.1616305161,
        "incomeTaxExpense": 43000000,
        "netIncome": 173100000,
        "netIncomeRatio": 0.1294689604,
        "eps": 0.4,
        "epsdiluted": 0.39,
        "weightedAverageShsOut": 437700000,
        "weightedAverageShsOutDil": 439900000,
        "link": "https://www.sec.gov/Archives/edgar/data/1365135/000155837019004270/0001558370-19-004270-index.htm",
        "finalLink": "https://www.sec.gov/Archives/edgar/data/1365135/000155837019004270/wu-20190331x10q.htm"
    },
    {
        "date": "2018-12-31",
        "symbol": "WU",
        "reportedCurrency": "USD",
        "cik": "0001365135",
        "fillingDate": "2019-02-21",
        "acceptedDate": "2019-02-21 16:08:24",
        "calendarYear": "2018",
        "period": "Q4",
        "revenue": 1401600000,
        "costOfRevenue": 833800000,
        "grossProfit": 567800000,
        "grossProfitRatio": 0.4051084475,
        "researchAndDevelopmentExpenses": 0,
        "generalAndAdministrativeExpenses": 0,
        "sellingAndMarketingExpenses": 0,
        "sellingGeneralAndAdministrativeExpenses": 296800000,
        "otherExpenses": 0,
        "operatingExpenses": 296800000,
        "costAndExpenses": 1130600000,
        "interestIncome": 1200000,
        "interestExpense": 38200000,
        "depreciationAndAmortization": 68700000,
        "ebitda": 341900000,
        "ebitdaratio": 0.2439355023,
        "operatingIncome": 271000000,
        "operatingIncomeRatio": 0.1933504566,
        "totalOtherIncomeExpensesNet": -36000000,
        "incomeBeforeTax": 235000000,
        "incomeBeforeTaxRatio": 0.1676655251,
        "incomeTaxExpense": 22900000,
        "netIncome": 212100000,
        "netIncomeRatio": 0.1513270548,
        "eps": 0.48,
        "epsdiluted": 0.48,
        "weightedAverageShsOut": 442900000,
        "weightedAverageShsOutDil": 445400000,
        "link": "https://www.sec.gov/Archives/edgar/data/1365135/000155837019000848/0001558370-19-000848-index.htm",
        "finalLink": "https://www.sec.gov/Archives/edgar/data/1365135/000155837019000848/wu-20181231x10k.htm"
    },
    {
        "date": "2018-09-30",
        "symbol": "WU",
        "reportedCurrency": "USD",
        "cik": "0001365135",
        "fillingDate": "2018-11-01",
        "acceptedDate": "2018-11-01 16:11:08",
        "calendarYear": "2018",
        "period": "Q3",
        "revenue": 1387800000,
        "costOfRevenue": 812400000,
        "grossProfit": 575400000,
        "grossProfitRatio": 0.4146130566,
        "researchAndDevelopmentExpenses": 0,
        "generalAndAdministrativeExpenses": 0,
        "sellingAndMarketingExpenses": 0,
        "sellingGeneralAndAdministrativeExpenses": 272800000,
        "otherExpenses": 0,
        "operatingExpenses": 272800000,
        "costAndExpenses": 1085200000,
        "interestIncome": 1600000,
        "interestExpense": 38400000,
        "depreciationAndAmortization": 63600000,
        "ebitda": 368400000,
        "ebitdaratio": 0.2654561176,
        "operatingIncome": 302600000,
        "operatingIncomeRatio": 0.2180429457,
        "totalOtherIncomeExpensesNet": -36200000,
        "incomeBeforeTax": 266400000,
        "incomeBeforeTaxRatio": 0.1919584955,
        "incomeTaxExpense": 57800000,
        "netIncome": 208600000,
        "netIncomeRatio": 0.1503098429,
        "eps": 0.47,
        "epsdiluted": 0.46,
        "weightedAverageShsOut": 446800000,
        "weightedAverageShsOutDil": 449000000,
        "link": "https://www.sec.gov/Archives/edgar/data/1365135/000136513518000045/0001365135-18-000045-index.htm",
        "finalLink": "https://www.sec.gov/Archives/edgar/data/1365135/000136513518000045/wu-9302018x10q.htm"
    },
    {
        "date": "2018-06-30",
        "symbol": "WU",
        "reportedCurrency": "USD",
        "cik": "0001365135",
        "fillingDate": "2018-08-02",
        "acceptedDate": "2018-08-02 16:09:55",
        "calendarYear": "2018",
        "period": "Q2",
        "revenue": 1411100000,
        "costOfRevenue": 829200000,
        "grossProfit": 581900000,
        "grossProfitRatio": 0.4123733258,
        "researchAndDevelopmentExpenses": 0,
        "generalAndAdministrativeExpenses": 0,
        "sellingAndMarketingExpenses": 0,
        "sellingGeneralAndAdministrativeExpenses": 298300000,
        "otherExpenses": 0,
        "operatingExpenses": 298300000,
        "costAndExpenses": 1127500000,
        "interestIncome": 1300000,
        "interestExpense": 37500000,
        "depreciationAndAmortization": 65700000,
        "ebitda": 358700000,
        "ebitdaratio": 0.254198852,
        "operatingIncome": 283600000,
        "operatingIncomeRatio": 0.2009779605,
        "totalOtherIncomeExpensesNet": -28100000,
        "incomeBeforeTax": 255500000,
        "incomeBeforeTaxRatio": 0.1810644178,
        "incomeTaxExpense": 37900000,
        "netIncome": 217600000,
        "netIncomeRatio": 0.1542059386,
        "eps": 0.48,
        "epsdiluted": 0.47,
        "weightedAverageShsOut": 457200000,
        "weightedAverageShsOutDil": 459600000,
        "link": "https://www.sec.gov/Archives/edgar/data/1365135/000136513518000033/0001365135-18-000033-index.htm",
        "finalLink": "https://www.sec.gov/Archives/edgar/data/1365135/000136513518000033/wu-6302018x10q.htm"
    },
    {
        "date": "2018-03-31",
        "symbol": "WU",
        "reportedCurrency": "USD",
        "cik": "0001365135",
        "fillingDate": "2018-05-01",
        "acceptedDate": "2018-05-01 16:09:59",
        "calendarYear": "2018",
        "period": "Q1",
        "revenue": 1389400000,
        "costOfRevenue": 825400000,
        "grossProfit": 564000000,
        "grossProfitRatio": 0.4059306175,
        "researchAndDevelopmentExpenses": 0,
        "generalAndAdministrativeExpenses": 0,
        "sellingAndMarketingExpenses": 0,
        "sellingGeneralAndAdministrativeExpenses": 299100000,
        "otherExpenses": 0,
        "operatingExpenses": 299100000,
        "costAndExpenses": 1124500000,
        "interestIncome": 700000,
        "interestExpense": 35500000,
        "depreciationAndAmortization": 66700000,
        "ebitda": 336700000,
        "ebitdaratio": 0.2423348208,
        "operatingIncome": 264900000,
        "operatingIncomeRatio": 0.1906578379,
        "totalOtherIncomeExpensesNet": -30400000,
        "incomeBeforeTax": 234500000,
        "incomeBeforeTaxRatio": 0.1687778897,
        "incomeTaxExpense": 20900000,
        "netIncome": 213600000,
        "netIncomeRatio": 0.1537354254,
        "eps": 0.46,
        "epsdiluted": 0.46,
        "weightedAverageShsOut": 460300000,
        "weightedAverageShsOutDil": 463600000,
        "link": "https://www.sec.gov/Archives/edgar/data/1365135/000136513518000021/0001365135-18-000021-index.htm",
        "finalLink": "https://www.sec.gov/Archives/edgar/data/1365135/000136513518000021/wu-3312018x10q.htm"
    },
    {
        "date": "2017-12-31",
        "symbol": "WU",
        "reportedCurrency": "USD",
        "cik": "0001365135",
        "fillingDate": "2018-02-22",
        "acceptedDate": "2018-02-22 16:09:08",
        "calendarYear": "2017",
        "period": "Q4",
        "revenue": 1438300000,
        "costOfRevenue": 870900000,
        "grossProfit": 567400000,
        "grossProfitRatio": 0.3944934993,
        "researchAndDevelopmentExpenses": 0,
        "generalAndAdministrativeExpenses": 0,
        "sellingAndMarketingExpenses": 0,
        "sellingGeneralAndAdministrativeExpenses": 355900000,
        "otherExpenses": 464000000,
        "operatingExpenses": 819900000,
        "costAndExpenses": 1690800000,
        "interestIncome": 1100000,
        "interestExpense": 37900000,
        "depreciationAndAmortization": 65800000,
        "ebitda": -185500000,
        "ebitdaratio": -0.1289717027,
        "operatingIncome": -252500000,
        "operatingIncomeRatio": -0.175554474,
        "totalOtherIncomeExpensesNet": -36700000,
        "incomeBeforeTax": -289200000,
        "incomeBeforeTaxRatio": -0.2010707085,
        "incomeTaxExpense": 831700000,
        "netIncome": -1120900000,
        "netIncomeRatio": -0.7793228117,
        "eps": -2.44,
        "epsdiluted": -2.44,
        "weightedAverageShsOut": 459600000,
        "weightedAverageShsOutDil": 459600000,
        "link": "https://www.sec.gov/Archives/edgar/data/1365135/000136513518000013/0001365135-18-000013-index.htm",
        "finalLink": "https://www.sec.gov/Archives/edgar/data/1365135/000136513518000013/wu-12312017x10k.htm"
    },
    {
        "date": "2017-09-30",
        "symbol": "WU",
        "reportedCurrency": "USD",
        "cik": "0001365135",
        "fillingDate": "2017-11-02",
        "acceptedDate": "2017-11-02 16:07:31",
        "calendarYear": "2017",
        "period": "Q3",
        "revenue": 1404700000,
        "costOfRevenue": 840500000,
        "grossProfit": 564200000,
        "grossProfitRatio": 0.4016515982,
        "researchAndDevelopmentExpenses": 0,
        "generalAndAdministrativeExpenses": 0,
        "sellingAndMarketingExpenses": 0,
        "sellingGeneralAndAdministrativeExpenses": 292000000,
        "otherExpenses": 0,
        "operatingExpenses": 292000000,
        "costAndExpenses": 1132500000,
        "interestIncome": 1300000,
        "interestExpense": 37200000,
        "depreciationAndAmortization": 65500000,
        "ebitda": 341900000,
        "ebitdaratio": 0.2433971667,
        "operatingIncome": 271600000,
        "operatingIncomeRatio": 0.1933508934,
        "totalOtherIncomeExpensesNet": -33000000,
        "incomeBeforeTax": 239200000,
        "incomeBeforeTaxRatio": 0.1702854702,
        "incomeTaxExpense": 3600000,
        "netIncome": 235600000,
        "netIncomeRatio": 0.1677226454,
        "eps": 0.51,
        "epsdiluted": 0.51,
        "weightedAverageShsOut": 462800000,
        "weightedAverageShsOutDil": 465400000,
        "link": "https://www.sec.gov/Archives/edgar/data/1365135/000136513517000044/0001365135-17-000044-index.htm",
        "finalLink": "https://www.sec.gov/Archives/edgar/data/1365135/000136513517000044/wu-9302017x10q.htm"
    },
    {
        "date": "2017-06-30",
        "symbol": "WU",
        "reportedCurrency": "USD",
        "cik": "0001365135",
        "fillingDate": "2017-08-03",
        "acceptedDate": "2017-08-03 16:05:46",
        "calendarYear": "2017",
        "period": "Q2",
        "revenue": 1378900000,
        "costOfRevenue": 842300000,
        "grossProfit": 536600000,
        "grossProfitRatio": 0.3891507724,
        "researchAndDevelopmentExpenses": 0,
        "generalAndAdministrativeExpenses": 0,
        "sellingAndMarketingExpenses": 0,
        "sellingGeneralAndAdministrativeExpenses": 321200000,
        "otherExpenses": 0,
        "operatingExpenses": 321200000,
        "costAndExpenses": 1163500000,
        "interestIncome": 1400000,
        "interestExpense": 35700000,
        "depreciationAndAmortization": 65200000,
        "ebitda": 285300000,
        "ebitdaratio": 0.206904054,
        "operatingIncome": 214800000,
        "operatingIncomeRatio": 0.1557763435,
        "totalOtherIncomeExpensesNet": -31000000,
        "incomeBeforeTax": 184400000,
        "incomeBeforeTaxRatio": 0.1337297846,
        "incomeTaxExpense": 17900000,
        "netIncome": 166500000,
        "netIncomeRatio": 0.1207484227,
        "eps": 0.35,
        "epsdiluted": 0.35,
        "weightedAverageShsOut": 469400000,
        "weightedAverageShsOutDil": 472000000,
        "link": "https://www.sec.gov/Archives/edgar/data/1365135/000136513517000031/0001365135-17-000031-index.htm",
        "finalLink": "https://www.sec.gov/Archives/edgar/data/1365135/000136513517000031/wu-6302017x10q.htm"
    },
    {
        "date": "2017-03-31",
        "symbol": "WU",
        "reportedCurrency": "USD",
        "cik": "0001365135",
        "fillingDate": "2017-05-02",
        "acceptedDate": "2017-05-02 16:07:08",
        "calendarYear": "2017",
        "period": "Q1",
        "revenue": 1302400000,
        "costOfRevenue": 799900000,
        "grossProfit": 502500000,
        "grossProfitRatio": 0.3858261671,
        "researchAndDevelopmentExpenses": 0,
        "generalAndAdministrativeExpenses": 0,
        "sellingAndMarketingExpenses": 0,
        "sellingGeneralAndAdministrativeExpenses": 262400000,
        "otherExpenses": 0,
        "operatingExpenses": 262400000,
        "costAndExpenses": 1062300000,
        "interestIncome": 1100000,
        "interestExpense": 31300000,
        "depreciationAndAmortization": 66400000,
        "ebitda": 310800000,
        "ebitdaratio": 0.2386363636,
        "operatingIncome": 239500000,
        "operatingIncomeRatio": 0.1838912776,
        "totalOtherIncomeExpensesNet": -27000000,
        "incomeBeforeTax": 213100000,
        "incomeBeforeTaxRatio": 0.1636210074,
        "incomeTaxExpense": 51400000,
        "netIncome": 161700000,
        "netIncomeRatio": 0.1241554054,
        "eps": 0.34,
        "epsdiluted": 0.33,
        "weightedAverageShsOut": 479800000,
        "weightedAverageShsOutDil": 483400000,
        "link": "https://www.sec.gov/Archives/edgar/data/1365135/000136513517000019/0001365135-17-000019-index.htm",
        "finalLink": "https://www.sec.gov/Archives/edgar/data/1365135/000136513517000019/wu-3312017x10q.htm"
    },
    {
        "date": "2016-12-31",
        "symbol": "WU",
        "reportedCurrency": "USD",
        "cik": "0001365135",
        "fillingDate": "2017-02-22",
        "acceptedDate": "2017-02-22 16:42:32",
        "calendarYear": "2016",
        "period": "Q4",
        "revenue": 1371700000,
        "costOfRevenue": 845800000,
        "grossProfit": 525900000,
        "grossProfitRatio": 0.3833928702,
        "researchAndDevelopmentExpenses": 0,
        "generalAndAdministrativeExpenses": 0,
        "sellingAndMarketingExpenses": 0,
        "sellingGeneralAndAdministrativeExpenses": 839400000,
        "otherExpenses": 0,
        "operatingExpenses": 839400000,
        "costAndExpenses": 1685200000,
        "interestIncome": 800000,
        "interestExpense": 29600000,
        "depreciationAndAmortization": 65300000,
        "ebitda": -243400000,
        "ebitdaratio": -0.1774440475,
        "operatingIncome": -313500000,
        "operatingIncomeRatio": -0.2285485164,
        "totalOtherIncomeExpensesNet": -24800000,
        "incomeBeforeTax": -338300000,
        "incomeBeforeTaxRatio": -0.2466282715,
        "incomeTaxExpense": 16700000,
        "netIncome": -355000000,
        "netIncomeRatio": -0.2588029453,
        "eps": -0.74,
        "epsdiluted": -0.73,
        "weightedAverageShsOut": 479842557,
        "weightedAverageShsOutDil": 483600000,
        "link": "https://www.sec.gov/Archives/edgar/data/1365135/000136513517000008/0001365135-17-000008-index.htm",
        "finalLink": "https://www.sec.gov/Archives/edgar/data/1365135/000136513517000008/wu-12312016x10k.htm"
    },
    {
        "date": "2016-09-30",
        "symbol": "WU",
        "reportedCurrency": "USD",
        "cik": "0001365135",
        "fillingDate": "2016-11-01",
        "acceptedDate": "2016-11-01 16:06:57",
        "calendarYear": "2016",
        "period": "Q3",
        "revenue": 1377800000,
        "costOfRevenue": 822900000,
        "grossProfit": 554900000,
        "grossProfitRatio": 0.4027435041,
        "researchAndDevelopmentExpenses": 0,
        "generalAndAdministrativeExpenses": 0,
        "sellingAndMarketingExpenses": 0,
        "sellingGeneralAndAdministrativeExpenses": 276600000,
        "otherExpenses": 0,
        "operatingExpenses": 276600000,
        "costAndExpenses": 1099500000,
        "interestIncome": 1100000,
        "interestExpense": 41400000,
        "depreciationAndAmortization": 66400000,
        "ebitda": 347800000,
        "ebitdaratio": 0.2524314124,
        "operatingIncome": 278300000,
        "operatingIncomeRatio": 0.2019886776,
        "totalOtherIncomeExpensesNet": -38300000,
        "incomeBeforeTax": 240000000,
        "incomeBeforeTaxRatio": 0.1741907389,
        "incomeTaxExpense": 23100000,
        "netIncome": 216900000,
        "netIncomeRatio": 0.1574248802,
        "eps": 0.45,
        "epsdiluted": 0.44,
        "weightedAverageShsOut": 487000000,
        "weightedAverageShsOutDil": 490300000,
        "link": "https://www.sec.gov/Archives/edgar/data/1365135/000136513516000096/0001365135-16-000096-index.htm",
        "finalLink": "https://www.sec.gov/Archives/edgar/data/1365135/000136513516000096/wu-9302016x10q.htm"
    },
    {
        "date": "2016-06-30",
        "symbol": "WU",
        "reportedCurrency": "USD",
        "cik": "0001365135",
        "fillingDate": "2016-08-03",
        "acceptedDate": "2016-08-03 16:06:43",
        "calendarYear": "2016",
        "period": "Q2",
        "revenue": 1375700000,
        "costOfRevenue": 821900000,
        "grossProfit": 553800000,
        "grossProfitRatio": 0.4025586974,
        "researchAndDevelopmentExpenses": 0,
        "generalAndAdministrativeExpenses": 0,
        "sellingAndMarketingExpenses": 0,
        "sellingGeneralAndAdministrativeExpenses": 293500000,
        "otherExpenses": 0,
        "operatingExpenses": 293500000,
        "costAndExpenses": 1115400000,
        "interestIncome": 700000,
        "interestExpense": 41000000,
        "depreciationAndAmortization": 65900000,
        "ebitda": 329400000,
        "ebitdaratio": 0.2394417388,
        "operatingIncome": 260300000,
        "operatingIncomeRatio": 0.1892127644,
        "totalOtherIncomeExpensesNet": -37800000,
        "incomeBeforeTax": 222500000,
        "incomeBeforeTaxRatio": 0.1617358436,
        "incomeTaxExpense": 16900000,
        "netIncome": 205600000,
        "netIncomeRatio": 0.1494511885,
        "eps": 0.42,
        "epsdiluted": 0.42,
        "weightedAverageShsOut": 490300000,
        "weightedAverageShsOutDil": 493000000,
        "link": "https://www.sec.gov/Archives/edgar/data/1365135/000136513516000089/0001365135-16-000089-index.htm",
        "finalLink": "https://www.sec.gov/Archives/edgar/data/1365135/000136513516000089/wu-6302016x10q.htm"
    },
    {
        "date": "2016-03-31",
        "symbol": "WU",
        "reportedCurrency": "USD",
        "cik": "0001365135",
        "fillingDate": "2016-05-03",
        "acceptedDate": "2016-05-03 16:07:04",
        "calendarYear": "2016",
        "period": "Q1",
        "revenue": 1297700000,
        "costOfRevenue": 779400000,
        "grossProfit": 518300000,
        "grossProfitRatio": 0.3993989366,
        "researchAndDevelopmentExpenses": 0,
        "generalAndAdministrativeExpenses": 0,
        "sellingAndMarketingExpenses": 0,
        "sellingGeneralAndAdministrativeExpenses": 259700000,
        "otherExpenses": 0,
        "operatingExpenses": 259700000,
        "costAndExpenses": 1039100000,
        "interestIncome": 900000,
        "interestExpense": 40500000,
        "depreciationAndAmortization": 65600000,
        "ebitda": 323600000,
        "ebitdaratio": 0.2493642598,
        "operatingIncome": 258600000,
        "operatingIncomeRatio": 0.1992756415,
        "totalOtherIncomeExpensesNet": -41100000,
        "incomeBeforeTax": 217500000,
        "incomeBeforeTaxRatio": 0.1676042229,
        "incomeTaxExpense": 31800000,
        "netIncome": 185700000,
        "netIncomeRatio": 0.1430993296,
        "eps": 0.37,
        "epsdiluted": 0.37,
        "weightedAverageShsOut": 500000000,
        "weightedAverageShsOutDil": 503200000,
        "link": "https://www.sec.gov/Archives/edgar/data/1365135/000136513516000077/0001365135-16-000077-index.htm",
        "finalLink": "https://www.sec.gov/Archives/edgar/data/1365135/000136513516000077/wu-3312016x10q.htm"
    },
    {
        "date": "2015-12-31",
        "symbol": "WU",
        "reportedCurrency": "USD",
        "cik": "0001365135",
        "fillingDate": "2016-02-19",
        "acceptedDate": "2016-02-19 16:06:45",
        "calendarYear": "2015",
        "period": "Q4",
        "revenue": 1380000000,
        "costOfRevenue": 811000000,
        "grossProfit": 569000000,
        "grossProfitRatio": 0.4123188406,
        "researchAndDevelopmentExpenses": 0,
        "generalAndAdministrativeExpenses": 0,
        "sellingAndMarketingExpenses": 0,
        "sellingGeneralAndAdministrativeExpenses": 287200000,
        "otherExpenses": 0,
        "operatingExpenses": 287200000,
        "costAndExpenses": 1098200000,
        "interestIncome": 2500000,
        "interestExpense": 40800000,
        "depreciationAndAmortization": 69000000,
        "ebitda": 346700000,
        "ebitdaratio": 0.2512318841,
        "operatingIncome": 281800000,
        "operatingIncomeRatio": 0.2042028986,
        "totalOtherIncomeExpensesNet": -44900000,
        "incomeBeforeTax": 236900000,
        "incomeBeforeTaxRatio": 0.1716666667,
        "incomeTaxExpense": 24600000,
        "netIncome": 212300000,
        "netIncomeRatio": 0.1538405797,
        "eps": 0.42,
        "epsdiluted": 0.42,
        "weightedAverageShsOut": 504500000,
        "weightedAverageShsOutDil": 508600000,
        "link": "https://www.sec.gov/Archives/edgar/data/1365135/000136513516000062/0001365135-16-000062-index.htm",
        "finalLink": "https://www.sec.gov/Archives/edgar/data/1365135/000136513516000062/wu-12312015x10k.htm"
    },
    {
        "date": "2015-09-30",
        "symbol": "WU",
        "reportedCurrency": "USD",
        "cik": "0001365135",
        "fillingDate": "2015-10-29",
        "acceptedDate": "2015-10-29 16:05:21",
        "calendarYear": "2015",
        "period": "Q3",
        "revenue": 1399200000,
        "costOfRevenue": 817200000,
        "grossProfit": 582000000,
        "grossProfitRatio": 0.4159519726,
        "researchAndDevelopmentExpenses": 0,
        "generalAndAdministrativeExpenses": 0,
        "sellingAndMarketingExpenses": 0,
        "sellingGeneralAndAdministrativeExpenses": 277500000,
        "otherExpenses": 0,
        "operatingExpenses": 277500000,
        "costAndExpenses": 1094700000,
        "interestIncome": 3000000,
        "interestExpense": 42200000,
        "depreciationAndAmortization": 74400000,
        "ebitda": 382000000,
        "ebitdaratio": 0.2730131504,
        "operatingIncome": 304500000,
        "operatingIncomeRatio": 0.2176243568,
        "totalOtherIncomeExpensesNet": -39100000,
        "incomeBeforeTax": 265400000,
        "incomeBeforeTaxRatio": 0.189679817,
        "incomeTaxExpense": 33100000,
        "netIncome": 232300000,
        "netIncomeRatio": 0.166023442,
        "eps": 0.46,
        "epsdiluted": 0.45,
        "weightedAverageShsOut": 509600000,
        "weightedAverageShsOutDil": 513200000,
        "link": "https://www.sec.gov/Archives/edgar/data/1365135/000136513515000055/0001365135-15-000055-index.htm",
        "finalLink": "https://www.sec.gov/Archives/edgar/data/1365135/000136513515000055/wu-9302015x10q.htm"
    },
    {
        "date": "2015-06-30",
        "symbol": "WU",
        "reportedCurrency": "USD",
        "cik": "0001365135",
        "fillingDate": "2015-07-30",
        "acceptedDate": "2015-07-30 16:06:49",
        "calendarYear": "2015",
        "period": "Q2",
        "revenue": 1383600000,
        "costOfRevenue": 799400000,
        "grossProfit": 584200000,
        "grossProfitRatio": 0.4222318589,
        "researchAndDevelopmentExpenses": 0,
        "generalAndAdministrativeExpenses": 0,
        "sellingAndMarketingExpenses": 0,
        "sellingGeneralAndAdministrativeExpenses": 333400000,
        "otherExpenses": 0,
        "operatingExpenses": 333400000,
        "costAndExpenses": 1132800000,
        "interestIncome": 2500000,
        "interestExpense": 43100000,
        "depreciationAndAmortization": 62900000,
        "ebitda": 312900000,
        "ebitdaratio": 0.2261491761,
        "operatingIncome": 250800000,
        "operatingIncomeRatio": 0.1812662619,
        "totalOtherIncomeExpensesNet": -43900000,
        "incomeBeforeTax": 206900000,
        "incomeBeforeTaxRatio": 0.1495374386,
        "incomeTaxExpense": 17600000,
        "netIncome": 189300000,
        "netIncomeRatio": 0.1368169991,
        "eps": 0.37,
        "epsdiluted": 0.36,
        "weightedAverageShsOut": 515200000,
        "weightedAverageShsOutDil": 519800000,
        "link": "https://www.sec.gov/Archives/edgar/data/1365135/000136513515000042/0001365135-15-000042-index.htm",
        "finalLink": "https://www.sec.gov/Archives/edgar/data/1365135/000136513515000042/wu-6302015x10q.htm"
    },
    {
        "date": "2015-03-31",
        "symbol": "WU",
        "reportedCurrency": "USD",
        "cik": "0001365135",
        "fillingDate": "2015-04-30",
        "acceptedDate": "2015-04-30 16:05:33",
        "calendarYear": "2015",
        "period": "Q1",
        "revenue": 1320900000,
        "costOfRevenue": 771800000,
        "grossProfit": 549100000,
        "grossProfitRatio": 0.4157014157,
        "researchAndDevelopmentExpenses": 0,
        "generalAndAdministrativeExpenses": 0,
        "sellingAndMarketingExpenses": 0,
        "sellingGeneralAndAdministrativeExpenses": 276800000,
        "otherExpenses": 0,
        "operatingExpenses": 276800000,
        "costAndExpenses": 1048600000,
        "interestIncome": 2900000,
        "interestExpense": 41800000,
        "depreciationAndAmortization": 63900000,
        "ebitda": 338300000,
        "ebitdaratio": 0.2561132561,
        "operatingIncome": 272300000,
        "operatingIncomeRatio": 0.2061473238,
        "totalOtherIncomeExpensesNet": -39700000,
        "incomeBeforeTax": 232600000,
        "incomeBeforeTaxRatio": 0.1760920584,
        "incomeTaxExpense": 28700000,
        "netIncome": 203900000,
        "netIncomeRatio": 0.1543644485,
        "eps": 0.39,
        "epsdiluted": 0.39,
        "weightedAverageShsOut": 521000000,
        "weightedAverageShsOutDil": 525200000,
        "link": "https://www.sec.gov/Archives/edgar/data/1365135/000136513515000018/0001365135-15-000018-index.htm",
        "finalLink": "https://www.sec.gov/Archives/edgar/data/1365135/000136513515000018/wu-3312015x10q.htm"
    },
    {
        "date": "2014-12-31",
        "symbol": "WU",
        "reportedCurrency": "USD",
        "cik": "0001365135",
        "fillingDate": "2015-02-20",
        "acceptedDate": "2015-02-20 16:05:44",
        "calendarYear": "2014",
        "period": "Q4",
        "revenue": 1409900000,
        "costOfRevenue": 831900000,
        "grossProfit": 578000000,
        "grossProfitRatio": 0.4099581531,
        "researchAndDevelopmentExpenses": 0,
        "generalAndAdministrativeExpenses": 0,
        "sellingAndMarketingExpenses": 0,
        "sellingGeneralAndAdministrativeExpenses": 301900000,
        "otherExpenses": 0,
        "operatingExpenses": 301900000,
        "costAndExpenses": 1133800000,
        "interestIncome": 2100000,
        "interestExpense": 42400000,
        "depreciationAndAmortization": 69500000,
        "ebitda": 347800000,
        "ebitdaratio": 0.246684162,
        "operatingIncome": 276100000,
        "operatingIncomeRatio": 0.1958294915,
        "totalOtherIncomeExpensesNet": -40200000,
        "incomeBeforeTax": 235900000,
        "incomeBeforeTaxRatio": 0.167316831,
        "incomeTaxExpense": 14400000,
        "netIncome": 221500000,
        "netIncomeRatio": 0.1571033407,
        "eps": 0.42,
        "epsdiluted": 0.42,
        "weightedAverageShsOut": 522800000,
        "weightedAverageShsOutDil": 526900000,
        "link": "https://www.sec.gov/Archives/edgar/data/1365135/000136513515000008/0001365135-15-000008-index.htm",
        "finalLink": "https://www.sec.gov/Archives/edgar/data/1365135/000136513515000008/wu-12312014x10k.htm"
    },
    {
        "date": "2014-09-30",
        "symbol": "WU",
        "reportedCurrency": "USD",
        "cik": "0001365135",
        "fillingDate": "2014-10-30",
        "acceptedDate": "2014-10-30 16:05:03",
        "calendarYear": "2014",
        "period": "Q3",
        "revenue": 1440900000,
        "costOfRevenue": 840500000,
        "grossProfit": 600400000,
        "grossProfitRatio": 0.4166840169,
        "researchAndDevelopmentExpenses": 0,
        "generalAndAdministrativeExpenses": 0,
        "sellingAndMarketingExpenses": 0,
        "sellingGeneralAndAdministrativeExpenses": 286300000,
        "otherExpenses": 0,
        "operatingExpenses": 286300000,
        "costAndExpenses": 1126800000,
        "interestIncome": 1800000,
        "interestExpense": 43200000,
        "depreciationAndAmortization": 66800000,
        "ebitda": 382800000,
        "ebitdaratio": 0.2656672913,
        "operatingIncome": 314100000,
        "operatingIncomeRatio": 0.217988757,
        "totalOtherIncomeExpensesNet": -41300000,
        "incomeBeforeTax": 272800000,
        "incomeBeforeTaxRatio": 0.1893261156,
        "incomeTaxExpense": 38700000,
        "netIncome": 234100000,
        "netIncomeRatio": 0.162467902,
        "eps": 0.44,
        "epsdiluted": 0.44,
        "weightedAverageShsOut": 527800000,
        "weightedAverageShsOutDil": 531200000,
        "link": "https://www.sec.gov/Archives/edgar/data/1365135/000136513514000041/0001365135-14-000041-index.htm",
        "finalLink": "https://www.sec.gov/Archives/edgar/data/1365135/000136513514000041/wu-9302014x10q.htm"
    },
    {
        "date": "2014-06-30",
        "symbol": "WU",
        "reportedCurrency": "USD",
        "cik": "0001365135",
        "fillingDate": "2014-07-31",
        "acceptedDate": "2014-07-31 16:05:01",
        "calendarYear": "2014",
        "period": "Q2",
        "revenue": 1405600000,
        "costOfRevenue": 827800000,
        "grossProfit": 577800000,
        "grossProfitRatio": 0.4110700057,
        "researchAndDevelopmentExpenses": 0,
        "generalAndAdministrativeExpenses": 0,
        "sellingAndMarketingExpenses": 0,
        "sellingGeneralAndAdministrativeExpenses": 299500000,
        "otherExpenses": 0,
        "operatingExpenses": 299500000,
        "costAndExpenses": 1127300000,
        "interestIncome": 2900000,
        "interestExpense": 43400000,
        "depreciationAndAmortization": 68400000,
        "ebitda": 343900000,
        "ebitdaratio": 0.2446642003,
        "operatingIncome": 278300000,
        "operatingIncomeRatio": 0.1979937393,
        "totalOtherIncomeExpensesNet": -46200000,
        "incomeBeforeTax": 232100000,
        "incomeBeforeTaxRatio": 0.1651252134,
        "incomeTaxExpense": 38300000,
        "netIncome": 193800000,
        "netIncomeRatio": 0.1378770632,
        "eps": 0.36,
        "epsdiluted": 0.36,
        "weightedAverageShsOut": 537100000,
        "weightedAverageShsOutDil": 539900000,
        "link": "https://www.sec.gov/Archives/edgar/data/1365135/000136513514000034/0001365135-14-000034-index.htm",
        "finalLink": "https://www.sec.gov/Archives/edgar/data/1365135/000136513514000034/wu-6302014x10q.htm"
    },
    {
        "date": "2014-03-31",
        "symbol": "WU",
        "reportedCurrency": "USD",
        "cik": "0001365135",
        "fillingDate": "2014-05-01",
        "acceptedDate": "2014-05-01 16:04:23",
        "calendarYear": "2014",
        "period": "Q1",
        "revenue": 1350800000,
        "costOfRevenue": 797200000,
        "grossProfit": 553600000,
        "grossProfitRatio": 0.4098312111,
        "researchAndDevelopmentExpenses": 0,
        "generalAndAdministrativeExpenses": 0,
        "sellingAndMarketingExpenses": 0,
        "sellingGeneralAndAdministrativeExpenses": 281600000,
        "otherExpenses": 0,
        "operatingExpenses": 281600000,
        "costAndExpenses": 1078800000,
        "interestIncome": 4700000,
        "interestExpense": 47600000,
        "depreciationAndAmortization": 67200000,
        "ebitda": 342200000,
        "ebitdaratio": 0.2533313592,
        "operatingIncome": 272000000,
        "operatingIncomeRatio": 0.2013621558,
        "totalOtherIncomeExpensesNet": -44600000,
        "incomeBeforeTax": 227400000,
        "incomeBeforeTaxRatio": 0.1683446846,
        "incomeTaxExpense": 24400000,
        "netIncome": 203000000,
        "netIncomeRatio": 0.1502813148,
        "eps": 0.37,
        "epsdiluted": 0.37,
        "weightedAverageShsOut": 545900000,
        "weightedAverageShsOutDil": 549200000,
        "link": "https://www.sec.gov/Archives/edgar/data/1365135/000136513514000021/0001365135-14-000021-index.htm",
        "finalLink": "https://www.sec.gov/Archives/edgar/data/1365135/000136513514000021/wu-3312014x10q.htm"
    },
    {
        "date": "2013-12-31",
        "symbol": "WU",
        "reportedCurrency": "USD",
        "cik": "0001365135",
        "fillingDate": "2014-02-24",
        "acceptedDate": "2014-02-24 16:20:08",
        "calendarYear": "2013",
        "period": "Q4",
        "revenue": 1421900000,
        "costOfRevenue": 845700000,
        "grossProfit": 576200000,
        "grossProfitRatio": 0.4052324355,
        "researchAndDevelopmentExpenses": 0,
        "generalAndAdministrativeExpenses": 0,
        "sellingAndMarketingExpenses": 0,
        "sellingGeneralAndAdministrativeExpenses": 337800000,
        "otherExpenses": 0,
        "operatingExpenses": 337800000,
        "costAndExpenses": 1183500000,
        "interestIncome": 3700000,
        "interestExpense": 49900000,
        "depreciationAndAmortization": 64900000,
        "ebitda": 307600000,
        "ebitdaratio": 0.2163302623,
        "operatingIncome": 238400000,
        "operatingIncomeRatio": 0.1676629861,
        "totalOtherIncomeExpensesNet": -45600000,
        "incomeBeforeTax": 192800000,
        "incomeBeforeTaxRatio": 0.1355932203,
        "incomeTaxExpense": 19400000,
        "netIncome": 173400000,
        "netIncomeRatio": 0.1219495042,
        "eps": 0.31,
        "epsdiluted": 0.31,
        "weightedAverageShsOut": 551200000,
        "weightedAverageShsOutDil": 555000000,
        "link": "https://www.sec.gov/Archives/edgar/data/1365135/000136513514000014/0001365135-14-000014-index.htm",
        "finalLink": "https://www.sec.gov/Archives/edgar/data/1365135/000136513514000014/wu-12312013x10k.htm"
    },
    {
        "date": "2013-09-30",
        "symbol": "WU",
        "reportedCurrency": "USD",
        "cik": "0001365135",
        "fillingDate": "2013-11-04",
        "acceptedDate": "2013-11-04 16:06:31",
        "calendarYear": "2013",
        "period": "Q3",
        "revenue": 1408800000,
        "costOfRevenue": 818200000,
        "grossProfit": 590600000,
        "grossProfitRatio": 0.4192220329,
        "researchAndDevelopmentExpenses": 0,
        "generalAndAdministrativeExpenses": 0,
        "sellingAndMarketingExpenses": 0,
        "sellingGeneralAndAdministrativeExpenses": 295300000,
        "otherExpenses": 0,
        "operatingExpenses": 295300000,
        "costAndExpenses": 1113500000,
        "interestIncome": 4600000,
        "interestExpense": 48800000,
        "depreciationAndAmortization": 68600000,
        "ebitda": 369100000,
        "ebitdaratio": 0.261996025,
        "operatingIncome": 295300000,
        "operatingIncomeRatio": 0.2096110165,
        "totalOtherIncomeExpensesNet": -43600000,
        "incomeBeforeTax": 251700000,
        "incomeBeforeTaxRatio": 0.1786626917,
        "incomeTaxExpense": 37300000,
        "netIncome": 214400000,
        "netIncomeRatio": 0.1521862578,
        "eps": 0.39,
        "epsdiluted": 0.39,
        "weightedAverageShsOut": 552100000,
        "weightedAverageShsOutDil": 555800000,
        "link": "https://www.sec.gov/Archives/edgar/data/1365135/000136513513000062/0001365135-13-000062-index.htm",
        "finalLink": "https://www.sec.gov/Archives/edgar/data/1365135/000136513513000062/wu-9302013x10q.htm"
    },
    {
        "date": "2013-06-30",
        "symbol": "WU",
        "reportedCurrency": "USD",
        "cik": "0001365135",
        "fillingDate": "2013-08-07",
        "acceptedDate": "2013-08-07 16:09:09",
        "calendarYear": "2013",
        "period": "Q2",
        "revenue": 1385900000,
        "costOfRevenue": 811700000,
        "grossProfit": 574200000,
        "grossProfitRatio": 0.4143156072,
        "researchAndDevelopmentExpenses": 0,
        "generalAndAdministrativeExpenses": 0,
        "sellingAndMarketingExpenses": 0,
        "sellingGeneralAndAdministrativeExpenses": 297400000,
        "otherExpenses": 0,
        "operatingExpenses": 297400000,
        "costAndExpenses": 1109100000,
        "interestIncome": 700000,
        "interestExpense": 48000000,
        "depreciationAndAmortization": 66400000,
        "ebitda": 346600000,
        "ebitdaratio": 0.2500901941,
        "operatingIncome": 276800000,
        "operatingIncomeRatio": 0.1997258099,
        "totalOtherIncomeExpensesNet": -44600000,
        "incomeBeforeTax": 232200000,
        "incomeBeforeTaxRatio": 0.1675445559,
        "incomeTaxExpense": 33600000,
        "netIncome": 198600000,
        "netIncomeRatio": 0.1433003824,
        "eps": 0.36,
        "epsdiluted": 0.36,
        "weightedAverageShsOut": 555700000,
        "weightedAverageShsOutDil": 558300000,
        "link": "https://www.sec.gov/Archives/edgar/data/1365135/000136513513000046/0001365135-13-000046-index.htm",
        "finalLink": "https://www.sec.gov/Archives/edgar/data/1365135/000136513513000046/wu-6302013x10q.htm"
    },
    {
        "date": "2013-03-31",
        "symbol": "WU",
        "reportedCurrency": "USD",
        "cik": "0001365135",
        "fillingDate": "2013-05-06",
        "acceptedDate": "2013-05-06 16:08:17",
        "calendarYear": "2013",
        "period": "Q1",
        "revenue": 1325400000,
        "costOfRevenue": 759400000,
        "grossProfit": 566000000,
        "grossProfitRatio": 0.4270408933,
        "researchAndDevelopmentExpenses": 0,
        "generalAndAdministrativeExpenses": 0,
        "sellingAndMarketingExpenses": 0,
        "sellingGeneralAndAdministrativeExpenses": 269100000,
        "otherExpenses": 0,
        "operatingExpenses": 269100000,
        "costAndExpenses": 1028500000,
        "interestIncome": 400000,
        "interestExpense": 48900000,
        "depreciationAndAmortization": 62900000,
        "ebitda": 362000000,
        "ebitdaratio": 0.2731250943,
        "operatingIncome": 296900000,
        "operatingIncomeRatio": 0.2240078467,
        "totalOtherIncomeExpensesNet": -46700000,
        "incomeBeforeTax": 250200000,
        "incomeBeforeTaxRatio": 0.1887732005,
        "incomeTaxExpense": 38200000,
        "netIncome": 212000000,
        "netIncomeRatio": 0.1599517127,
        "eps": 0.37,
        "epsdiluted": 0.37,
        "weightedAverageShsOut": 567600000,
        "weightedAverageShsOutDil": 569700000,
        "link": "https://www.sec.gov/Archives/edgar/data/1365135/000136513513000031/0001365135-13-000031-index.htm",
        "finalLink": "https://www.sec.gov/Archives/edgar/data/1365135/000136513513000031/wu-3312013x10q.htm"
    },
    {
        "date": "2012-12-31",
        "symbol": "WU",
        "reportedCurrency": "USD",
        "cik": "0001365135",
        "fillingDate": "2013-02-22",
        "acceptedDate": "2013-02-22 16:31:38",
        "calendarYear": "2012",
        "period": "Q4",
        "revenue": 1424700000,
        "costOfRevenue": 817400000,
        "grossProfit": 607300000,
        "grossProfitRatio": 0.4262651786,
        "researchAndDevelopmentExpenses": 0,
        "generalAndAdministrativeExpenses": 0,
        "sellingAndMarketingExpenses": 0,
        "sellingGeneralAndAdministrativeExpenses": 321300000,
        "otherExpenses": 0,
        "operatingExpenses": 321300000,
        "costAndExpenses": 1138700000,
        "interestIncome": 1400000,
        "interestExpense": 45500000,
        "depreciationAndAmortization": 62000000,
        "ebitda": 352300000,
        "ebitdaratio": 0.2472801291,
        "operatingIncome": 286000000,
        "operatingIncomeRatio": 0.2007440163,
        "totalOtherIncomeExpensesNet": -41200000,
        "incomeBeforeTax": 244800000,
        "incomeBeforeTaxRatio": 0.1718256475,
        "incomeTaxExpense": 6900000,
        "netIncome": 237900000,
        "netIncomeRatio": 0.1669825226,
        "eps": 0.4,
        "epsdiluted": 0.4,
        "weightedAverageShsOut": 588000000,
        "weightedAverageShsOutDil": 590200000,
        "link": "https://www.sec.gov/Archives/edgar/data/1365135/000136513513000008/0001365135-13-000008-index.htm",
        "finalLink": "https://www.sec.gov/Archives/edgar/data/1365135/000136513513000008/wu-12312012x10k.htm"
    },
    {
        "date": "2012-09-30",
        "symbol": "WU",
        "reportedCurrency": "USD",
        "cik": "0001365135",
        "fillingDate": "2012-11-06",
        "acceptedDate": "2012-11-06 16:52:36",
        "calendarYear": "2012",
        "period": "Q3",
        "revenue": 1421600000,
        "costOfRevenue": 796300000,
        "grossProfit": 625300000,
        "grossProfitRatio": 0.4398564997,
        "researchAndDevelopmentExpenses": 0,
        "generalAndAdministrativeExpenses": 0,
        "sellingAndMarketingExpenses": 0,
        "sellingGeneralAndAdministrativeExpenses": 259700000,
        "otherExpenses": 0,
        "operatingExpenses": 259700000,
        "costAndExpenses": 1056000000,
        "interestIncome": 1400000,
        "interestExpense": 44600000,
        "depreciationAndAmortization": 61200000,
        "ebitda": 429600000,
        "ebitdaratio": 0.3021947102,
        "operatingIncome": 365600000,
        "operatingIncomeRatio": 0.2571750141,
        "totalOtherIncomeExpensesNet": -41800000,
        "incomeBeforeTax": 323800000,
        "incomeBeforeTaxRatio": 0.227771525,
        "incomeTaxExpense": 54300000,
        "netIncome": 269500000,
        "netIncomeRatio": 0.1895751266,
        "eps": 0.45,
        "epsdiluted": 0.45,
        "weightedAverageShsOut": 601500000,
        "weightedAverageShsOutDil": 604200000,
        "link": "https://www.sec.gov/Archives/edgar/data/1365135/000136513512000011/0001365135-12-000011-index.htm",
        "finalLink": "https://www.sec.gov/Archives/edgar/data/1365135/000136513512000011/wu-9302012x10q.htm"
    },
    {
        "date": "2012-06-30",
        "symbol": "WU",
        "reportedCurrency": "USD",
        "cik": "0001365135",
        "fillingDate": "2012-08-02",
        "acceptedDate": "2012-08-02 17:04:59",
        "calendarYear": "2012",
        "period": "Q2",
        "revenue": 1425100000,
        "costOfRevenue": 797500000,
        "grossProfit": 627600000,
        "grossProfitRatio": 0.4403901481,
        "researchAndDevelopmentExpenses": 0,
        "generalAndAdministrativeExpenses": 0,
        "sellingAndMarketingExpenses": 0,
        "sellingGeneralAndAdministrativeExpenses": 281700000,
        "otherExpenses": 0,
        "operatingExpenses": 281700000,
        "costAndExpenses": 1079200000,
        "interestIncome": 1200000,
        "interestExpense": 45100000,
        "depreciationAndAmortization": 59000000,
        "ebitda": 414200000,
        "ebitdaratio": 0.2906462704,
        "operatingIncome": 345900000,
        "operatingIncomeRatio": 0.2427198091,
        "totalOtherIncomeExpensesNet": -35800000,
        "incomeBeforeTax": 310100000,
        "incomeBeforeTaxRatio": 0.217598765,
        "incomeTaxExpense": 38900000,
        "netIncome": 271200000,
        "netIncomeRatio": 0.1903024349,
        "eps": 0.44,
        "epsdiluted": 0.44,
        "weightedAverageShsOut": 610900000,
        "weightedAverageShsOutDil": 613100000,
        "link": "https://www.sec.gov/Archives/edgar/data/1365135/000144530512002433/0001445305-12-002433-index.htm",
        "finalLink": "https://www.sec.gov/Archives/edgar/data/1365135/000144530512002433/wu-6302012x10q.htm"
    },
    {
        "date": "2012-03-31",
        "symbol": "WU",
        "reportedCurrency": "USD",
        "cik": "0001365135",
        "fillingDate": "2012-05-01",
        "acceptedDate": "2012-05-01 17:28:27",
        "calendarYear": "2012",
        "period": "Q1",
        "revenue": 1393400000,
        "costOfRevenue": 783000000,
        "grossProfit": 610400000,
        "grossProfitRatio": 0.4380651643,
        "researchAndDevelopmentExpenses": 0,
        "generalAndAdministrativeExpenses": 0,
        "sellingAndMarketingExpenses": 0,
        "sellingGeneralAndAdministrativeExpenses": 277900000,
        "otherExpenses": 0,
        "operatingExpenses": 277900000,
        "costAndExpenses": 1060900000,
        "interestIncome": 1500000,
        "interestExpense": 44400000,
        "depreciationAndAmortization": 63900000,
        "ebitda": 398400000,
        "ebitdaratio": 0.285919334,
        "operatingIncome": 332500000,
        "operatingIncomeRatio": 0.2386249462,
        "totalOtherIncomeExpensesNet": -42400000,
        "incomeBeforeTax": 290100000,
        "incomeBeforeTaxRatio": 0.2081957801,
        "incomeTaxExpense": 42800000,
        "netIncome": 247300000,
        "netIncomeRatio": 0.1774795464,
        "eps": 0.4,
        "epsdiluted": 0.4,
        "weightedAverageShsOut": 619100000,
        "weightedAverageShsOutDil": 621900000,
        "link": "https://www.sec.gov/Archives/edgar/data/1365135/000144530512001299/0001445305-12-001299-index.htm",
        "finalLink": "https://www.sec.gov/Archives/edgar/data/1365135/000144530512001299/wu-3312012x10q.htm"
    },
    {
        "date": "2011-12-31",
        "symbol": "WU",
        "reportedCurrency": "USD",
        "cik": "0001365135",
        "fillingDate": "2012-02-24",
        "acceptedDate": "2012-02-24 16:38:32",
        "calendarYear": "2011",
        "period": "Q4",
        "revenue": 1431300000,
        "costOfRevenue": 792400000,
        "grossProfit": 638900000,
        "grossProfitRatio": 0.4463774191,
        "researchAndDevelopmentExpenses": 0,
        "generalAndAdministrativeExpenses": 0,
        "sellingAndMarketingExpenses": 0,
        "sellingGeneralAndAdministrativeExpenses": 280500000,
        "otherExpenses": 0,
        "operatingExpenses": 280500000,
        "costAndExpenses": 1072900000,
        "interestIncome": 1600000,
        "interestExpense": 47600000,
        "depreciationAndAmortization": 55400000,
        "ebitda": 455600000,
        "ebitdaratio": 0.318312024,
        "operatingIncome": 358400000,
        "operatingIncomeRatio": 0.2504017327,
        "totalOtherIncomeExpensesNet": -5800000,
        "incomeBeforeTax": 352600000,
        "incomeBeforeTaxRatio": 0.2463494725,
        "incomeTaxExpense": -99700000,
        "netIncome": 452300000,
        "netIncomeRatio": 0.3160064277,
        "eps": 0.73,
        "epsdiluted": 0.73,
        "weightedAverageShsOut": 619100000,
        "weightedAverageShsOutDil": 621900000,
        "link": "https://www.sec.gov/Archives/edgar/data/1365135/000119312512078259/0001193125-12-078259-index.htm",
        "finalLink": "https://www.sec.gov/Archives/edgar/data/1365135/000119312512078259/d257693d10k.htm"
    },
    {
        "date": "2011-09-30",
        "symbol": "WU",
        "reportedCurrency": "USD",
        "cik": "0001365135",
        "fillingDate": "2011-11-03",
        "acceptedDate": "2011-11-03 16:28:52",
        "calendarYear": "2011",
        "period": "Q3",
        "revenue": 1410800000,
        "costOfRevenue": 800000000,
        "grossProfit": 610800000,
        "grossProfitRatio": 0.4329458463,
        "researchAndDevelopmentExpenses": 0,
        "generalAndAdministrativeExpenses": 0,
        "sellingAndMarketingExpenses": 0,
        "sellingGeneralAndAdministrativeExpenses": 247800000,
        "otherExpenses": 0,
        "operatingExpenses": 247800000,
        "costAndExpenses": 1047800000,
        "interestIncome": 1100000,
        "interestExpense": 46700000,
        "depreciationAndAmortization": 45900000,
        "ebitda": 406500000,
        "ebitdaratio": 0.2881343918,
        "operatingIncome": 363000000,
        "operatingIncomeRatio": 0.2573008222,
        "totalOtherIncomeExpensesNet": -49100000,
        "incomeBeforeTax": 313900000,
        "incomeBeforeTaxRatio": 0.2224978735,
        "incomeTaxExpense": 74200000,
        "netIncome": 239700000,
        "netIncomeRatio": 0.1699036008,
        "eps": 0.38,
        "epsdiluted": 0.38,
        "weightedAverageShsOut": 624900000,
        "weightedAverageShsOutDil": 627100000,
        "link": "https://www.sec.gov/Archives/edgar/data/1365135/000119312511295188/0001193125-11-295188-index.htm",
        "finalLink": "https://www.sec.gov/Archives/edgar/data/1365135/000119312511295188/d243871d10q.htm"
    },
    {
        "date": "2011-06-30",
        "symbol": "WU",
        "reportedCurrency": "USD",
        "cik": "0001365135",
        "fillingDate": "2011-08-02",
        "acceptedDate": "2011-08-02 17:16:26",
        "calendarYear": "2011",
        "period": "Q2",
        "revenue": 1366300000,
        "costOfRevenue": 764200000,
        "grossProfit": 602100000,
        "grossProfitRatio": 0.4406792066,
        "researchAndDevelopmentExpenses": 0,
        "generalAndAdministrativeExpenses": 0,
        "sellingAndMarketingExpenses": 0,
        "sellingGeneralAndAdministrativeExpenses": 251400000,
        "otherExpenses": 0,
        "operatingExpenses": 251400000,
        "costAndExpenses": 1015600000,
        "interestIncome": 1300000,
        "interestExpense": 44200000,
        "depreciationAndAmortization": 46600000,
        "ebitda": 424200000,
        "ebitdaratio": 0.3104735417,
        "operatingIncome": 350700000,
        "operatingIncomeRatio": 0.2566786211,
        "totalOtherIncomeExpensesNet": -17300000,
        "incomeBeforeTax": 333400000,
        "incomeBeforeTaxRatio": 0.2440166874,
        "incomeTaxExpense": 70200000,
        "netIncome": 263200000,
        "netIncomeRatio": 0.192637049,
        "eps": 0.42,
        "epsdiluted": 0.41,
        "weightedAverageShsOut": 631100000,
        "weightedAverageShsOutDil": 635800000,
        "link": "https://www.sec.gov/Archives/edgar/data/1365135/000095012311071709/0000950123-11-071709-index.htm",
        "finalLink": "https://www.sec.gov/Archives/edgar/data/1365135/000095012311071709/d82395e10vq.htm"
    },
    {
        "date": "2011-03-31",
        "symbol": "WU",
        "reportedCurrency": "USD",
        "cik": "0001365135",
        "fillingDate": "2011-05-04",
        "acceptedDate": "2011-05-04 16:49:25",
        "calendarYear": "2011",
        "period": "Q1",
        "revenue": 1283000000,
        "costOfRevenue": 745400000,
        "grossProfit": 537600000,
        "grossProfitRatio": 0.4190179267,
        "researchAndDevelopmentExpenses": 0,
        "generalAndAdministrativeExpenses": 0,
        "sellingAndMarketingExpenses": 0,
        "sellingGeneralAndAdministrativeExpenses": 224700000,
        "otherExpenses": 0,
        "operatingExpenses": 224700000,
        "costAndExpenses": 970100000,
        "interestIncome": 1200000,
        "interestExpense": 43400000,
        "depreciationAndAmortization": 44700000,
        "ebitda": 362800000,
        "ebitdaratio": 0.2827747467,
        "operatingIncome": 312900000,
        "operatingIncomeRatio": 0.2438815277,
        "totalOtherIncomeExpensesNet": -38200000,
        "incomeBeforeTax": 274700000,
        "incomeBeforeTaxRatio": 0.2141075604,
        "incomeTaxExpense": 64500000,
        "netIncome": 210200000,
        "netIncomeRatio": 0.1638347623,
        "eps": 0.32,
        "epsdiluted": 0.32,
        "weightedAverageShsOut": 646900000,
        "weightedAverageShsOutDil": 652100000,
        "link": "https://www.sec.gov/Archives/edgar/data/1365135/000095012311044715/0000950123-11-044715-index.htm",
        "finalLink": "https://www.sec.gov/Archives/edgar/data/1365135/000095012311044715/d80805e10vq.htm"
    },
    {
        "date": "2010-12-31",
        "symbol": "WU",
        "reportedCurrency": "USD",
        "cik": "0001365135",
        "fillingDate": "2011-02-25",
        "acceptedDate": "2011-02-25 16:52:01",
        "calendarYear": "2010",
        "period": "Q4",
        "revenue": 1357000000,
        "costOfRevenue": 783500000,
        "grossProfit": 573500000,
        "grossProfitRatio": 0.422623434,
        "researchAndDevelopmentExpenses": 0,
        "generalAndAdministrativeExpenses": 0,
        "sellingAndMarketingExpenses": 0,
        "sellingGeneralAndAdministrativeExpenses": 251400000,
        "otherExpenses": 0,
        "operatingExpenses": 251400000,
        "costAndExpenses": 1034900000,
        "interestIncome": 900000,
        "interestExpense": 45200000,
        "depreciationAndAmortization": 45400000,
        "ebitda": 378900000,
        "ebitdaratio": 0.2792188651,
        "operatingIncome": 322100000,
        "operatingIncomeRatio": 0.2373618276,
        "totalOtherIncomeExpensesNet": -33800000,
        "incomeBeforeTax": 288300000,
        "incomeBeforeTaxRatio": 0.2124539425,
        "incomeTaxExpense": 45700000,
        "netIncome": 242600000,
        "netIncomeRatio": 0.1787767133,
        "eps": 0.38,
        "epsdiluted": 0.37,
        "weightedAverageShsOut": 646900000,
        "weightedAverageShsOutDil": 652100000,
        "link": "https://www.sec.gov/Archives/edgar/data/1365135/000095012311018841/0000950123-11-018841-index.htm",
        "finalLink": "https://www.sec.gov/Archives/edgar/data/1365135/000095012311018841/d77921e10vk.htm"
    },
    {
        "date": "2010-09-30",
        "symbol": "WU",
        "reportedCurrency": "USD",
        "cik": "0001365135",
        "fillingDate": "2010-11-05",
        "acceptedDate": "2010-11-05 16:25:27",
        "calendarYear": "2010",
        "period": "Q3",
        "revenue": 1329600000,
        "costOfRevenue": 752600000,
        "grossProfit": 577000000,
        "grossProfitRatio": 0.4339651023,
        "researchAndDevelopmentExpenses": 0,
        "generalAndAdministrativeExpenses": 0,
        "sellingAndMarketingExpenses": 0,
        "sellingGeneralAndAdministrativeExpenses": 225800000,
        "otherExpenses": 0,
        "operatingExpenses": 225800000,
        "costAndExpenses": 978400000,
        "interestIncome": 500000,
        "interestExpense": 44800000,
        "depreciationAndAmortization": 44900000,
        "ebitda": 398300000,
        "ebitdaratio": 0.2995637786,
        "operatingIncome": 351200000,
        "operatingIncomeRatio": 0.2641395909,
        "totalOtherIncomeExpensesNet": -42600000,
        "incomeBeforeTax": 308600000,
        "incomeBeforeTaxRatio": 0.2320998797,
        "incomeTaxExpense": 70200000,
        "netIncome": 238400000,
        "netIncomeRatio": 0.1793020457,
        "eps": 0.36,
        "epsdiluted": 0.36,
        "weightedAverageShsOut": 659100000,
        "weightedAverageShsOutDil": 661300000,
        "link": "https://www.sec.gov/Archives/edgar/data/1365135/000095012310101718/0000950123-10-101718-index.htm",
        "finalLink": "https://www.sec.gov/Archives/edgar/data/1365135/000095012310101718/d76231e10vq.htm"
    },
    {
        "date": "2010-06-30",
        "symbol": "WU",
        "reportedCurrency": "USD",
        "cik": "0001365135",
        "fillingDate": "2010-08-04",
        "acceptedDate": "2010-08-04 17:08:40",
        "calendarYear": "2010",
        "period": "Q2",
        "revenue": 1273400000,
        "costOfRevenue": 727700000,
        "grossProfit": 545700000,
        "grossProfitRatio": 0.4285377729,
        "researchAndDevelopmentExpenses": 0,
        "generalAndAdministrativeExpenses": 0,
        "sellingAndMarketingExpenses": 0,
        "sellingGeneralAndAdministrativeExpenses": 234700000,
        "otherExpenses": 0,
        "operatingExpenses": 234700000,
        "costAndExpenses": 962400000,
        "interestIncome": 500000,
        "interestExpense": 41100000,
        "depreciationAndAmortization": 43600000,
        "ebitda": 357000000,
        "ebitdaratio": 0.280351814,
        "operatingIncome": 311000000,
        "operatingIncomeRatio": 0.2442280509,
        "totalOtherIncomeExpensesNet": -38700000,
        "incomeBeforeTax": 272300000,
        "incomeBeforeTaxRatio": 0.2138369719,
        "incomeTaxExpense": 51300000,
        "netIncome": 221000000,
        "netIncomeRatio": 0.173551123,
        "eps": 0.33,
        "epsdiluted": 0.33,
        "weightedAverageShsOut": 669300000,
        "weightedAverageShsOutDil": 671600000,
        "link": "https://www.sec.gov/Archives/edgar/data/1365135/000095012310072572/0000950123-10-072572-index.htm",
        "finalLink": "https://www.sec.gov/Archives/edgar/data/1365135/000095012310072572/d69031e10vq.htm"
    },
    {
        "date": "2010-03-31",
        "symbol": "WU",
        "reportedCurrency": "USD",
        "cik": "0001365135",
        "fillingDate": "2010-05-06",
        "acceptedDate": "2010-05-06 17:04:19",
        "calendarYear": "2010",
        "period": "Q1",
        "revenue": 1232700000,
        "costOfRevenue": 714600000,
        "grossProfit": 518100000,
        "grossProfitRatio": 0.4202969092,
        "researchAndDevelopmentExpenses": 0,
        "generalAndAdministrativeExpenses": 0,
        "sellingAndMarketingExpenses": 0,
        "sellingGeneralAndAdministrativeExpenses": 202300000,
        "otherExpenses": 0,
        "operatingExpenses": 202300000,
        "costAndExpenses": 916900000,
        "interestIncome": 900000,
        "interestExpense": 38800000,
        "depreciationAndAmortization": 42000000,
        "ebitda": 356800000,
        "ebitdaratio": 0.2894459317,
        "operatingIncome": 315800000,
        "operatingIncomeRatio": 0.2561856088,
        "totalOtherIncomeExpensesNet": -39800000,
        "incomeBeforeTax": 276000000,
        "incomeBeforeTaxRatio": 0.2238987588,
        "incomeTaxExpense": 68100000,
        "netIncome": 207900000,
        "netIncomeRatio": 0.1686541738,
        "eps": 0.3,
        "epsdiluted": 0.3,
        "weightedAverageShsOut": 681900000,
        "weightedAverageShsOutDil": 684200000,
        "link": "https://www.sec.gov/Archives/edgar/data/1365135/000095012310045625/0000950123-10-045625-index.htm",
        "finalLink": "https://www.sec.gov/Archives/edgar/data/1365135/000095012310045625/d72184e10vq.htm"
    },
    {
        "date": "2009-12-31",
        "symbol": "WU",
        "reportedCurrency": "USD",
        "cik": "0001365135",
        "fillingDate": "2010-02-26",
        "acceptedDate": "2010-02-26 16:42:16",
        "calendarYear": "2009",
        "period": "Q4",
        "revenue": 1314000000,
        "costOfRevenue": 762900000,
        "grossProfit": 551100000,
        "grossProfitRatio": 0.4194063927,
        "researchAndDevelopmentExpenses": 0,
        "generalAndAdministrativeExpenses": 0,
        "sellingAndMarketingExpenses": 0,
        "sellingGeneralAndAdministrativeExpenses": 232500000,
        "otherExpenses": 0,
        "operatingExpenses": 232500000,
        "costAndExpenses": 995400000,
        "interestIncome": 1000000,
        "interestExpense": 38800000,
        "depreciationAndAmortization": 42700000,
        "ebitda": 365600000,
        "ebitdaratio": 0.2782343988,
        "operatingIncome": 318600000,
        "operatingIncomeRatio": 0.2424657534,
        "totalOtherIncomeExpensesNet": -34500000,
        "incomeBeforeTax": 284100000,
        "incomeBeforeTaxRatio": 0.2162100457,
        "incomeTaxExpense": 60400000,
        "netIncome": 223700000,
        "netIncomeRatio": 0.1702435312,
        "eps": 0.33,
        "epsdiluted": 0.33,
        "weightedAverageShsOut": 681900000,
        "weightedAverageShsOutDil": 684200000,
        "link": "https://www.sec.gov/Archives/edgar/data/1365135/000095012310018216/0000950123-10-018216-index.htm",
        "finalLink": "https://www.sec.gov/Archives/edgar/data/1365135/000095012310018216/d70348e10vk.htm"
    },
    {
        "date": "2009-09-30",
        "symbol": "WU",
        "reportedCurrency": "USD",
        "cik": "0001365135",
        "fillingDate": "2009-10-30",
        "acceptedDate": "2009-10-30 16:52:05",
        "calendarYear": "2009",
        "period": "Q3",
        "revenue": 1314100000,
        "costOfRevenue": 742600000,
        "grossProfit": 571500000,
        "grossProfitRatio": 0.4348984096,
        "researchAndDevelopmentExpenses": 0,
        "generalAndAdministrativeExpenses": 0,
        "sellingAndMarketingExpenses": 0,
        "sellingGeneralAndAdministrativeExpenses": 290000000,
        "otherExpenses": 0,
        "operatingExpenses": 290000000,
        "costAndExpenses": 1032600000,
        "interestIncome": 1900000,
        "interestExpense": 39300000,
        "depreciationAndAmortization": 38700000,
        "ebitda": 324500000,
        "ebitdaratio": 0.2469370672,
        "operatingIncome": 281500000,
        "operatingIncomeRatio": 0.2142150521,
        "totalOtherIncomeExpensesNet": -35000000,
        "incomeBeforeTax": 246500000,
        "incomeBeforeTaxRatio": 0.1875808538,
        "incomeTaxExpense": 65500000,
        "netIncome": 181000000,
        "netIncomeRatio": 0.1377368541,
        "eps": 0.26,
        "epsdiluted": 0.26,
        "weightedAverageShsOut": 698400000,
        "weightedAverageShsOutDil": 701600000,
        "link": "https://www.sec.gov/Archives/edgar/data/1365135/000119312509219024/0001193125-09-219024-index.htm",
        "finalLink": "https://www.sec.gov/Archives/edgar/data/1365135/000119312509219024/d10q.htm"
    },
    {
        "date": "2009-06-30",
        "symbol": "WU",
        "reportedCurrency": "USD",
        "cik": "0001365135",
        "fillingDate": "2009-08-04",
        "acceptedDate": "2009-08-04 16:41:45",
        "calendarYear": "2009",
        "period": "Q2",
        "revenue": 1254300000,
        "costOfRevenue": 700300000,
        "grossProfit": 554000000,
        "grossProfitRatio": 0.4416806187,
        "researchAndDevelopmentExpenses": 0,
        "generalAndAdministrativeExpenses": 0,
        "sellingAndMarketingExpenses": 0,
        "sellingGeneralAndAdministrativeExpenses": 212300000,
        "otherExpenses": 0,
        "operatingExpenses": 212300000,
        "costAndExpenses": 912600000,
        "interestIncome": 2800000,
        "interestExpense": 39800000,
        "depreciationAndAmortization": 37100000,
        "ebitda": 372600000,
        "ebitdaratio": 0.2970581201,
        "operatingIncome": 341700000,
        "operatingIncomeRatio": 0.2724228653,
        "totalOtherIncomeExpensesNet": -46000000,
        "incomeBeforeTax": 295700000,
        "incomeBeforeTaxRatio": 0.2357490234,
        "incomeTaxExpense": 75500000,
        "netIncome": 220200000,
        "netIncomeRatio": 0.1755560871,
        "eps": 0.31,
        "epsdiluted": 0.31,
        "weightedAverageShsOut": 700600000,
        "weightedAverageShsOutDil": 702700000,
        "link": "https://www.sec.gov/Archives/edgar/data/1365135/000119312509163822/0001193125-09-163822-index.htm",
        "finalLink": "https://www.sec.gov/Archives/edgar/data/1365135/000119312509163822/d10q.htm"
    },
    {
        "date": "2009-03-31",
        "symbol": "WU",
        "reportedCurrency": "USD",
        "cik": "0001365135",
        "fillingDate": "2009-05-04",
        "acceptedDate": "2009-05-01 18:50:18",
        "calendarYear": "2009",
        "period": "Q1",
        "revenue": 1201200000,
        "costOfRevenue": 669100000,
        "grossProfit": 532100000,
        "grossProfitRatio": 0.442973693,
        "researchAndDevelopmentExpenses": 0,
        "generalAndAdministrativeExpenses": 0,
        "sellingAndMarketingExpenses": 0,
        "sellingGeneralAndAdministrativeExpenses": 191200000,
        "otherExpenses": 0,
        "operatingExpenses": 191200000,
        "costAndExpenses": 860300000,
        "interestIncome": 3700000,
        "interestExpense": 40000000,
        "depreciationAndAmortization": 35700000,
        "ebitda": 380900000,
        "ebitdaratio": 0.3170995671,
        "operatingIncome": 340900000,
        "operatingIncomeRatio": 0.2837995338,
        "totalOtherIncomeExpensesNet": -35700000,
        "incomeBeforeTax": 305200000,
        "incomeBeforeTaxRatio": 0.2540792541,
        "incomeTaxExpense": 81300000,
        "netIncome": 223900000,
        "netIncomeRatio": 0.1863969364,
        "eps": 0.32,
        "epsdiluted": 0.32,
        "weightedAverageShsOut": 707100000,
        "weightedAverageShsOutDil": 708000000,
        "link": "https://www.sec.gov/Archives/edgar/data/1365135/000119312509096522/0001193125-09-096522-index.htm",
        "finalLink": "https://www.sec.gov/Archives/edgar/data/1365135/000119312509096522/d10q.htm"
    },
    {
        "date": "2008-12-31",
        "symbol": "WU",
        "reportedCurrency": "USD",
        "cik": "0001365135",
        "fillingDate": "2009-02-19",
        "acceptedDate": "2009-02-18 21:56:10",
        "calendarYear": "2008",
        "period": "Q4",
        "revenue": 1291600000,
        "costOfRevenue": 749400000,
        "grossProfit": 542200000,
        "grossProfitRatio": 0.4197894085,
        "researchAndDevelopmentExpenses": 0,
        "generalAndAdministrativeExpenses": 0,
        "sellingAndMarketingExpenses": 0,
        "sellingGeneralAndAdministrativeExpenses": 207900000,
        "otherExpenses": 0,
        "operatingExpenses": 207900000,
        "costAndExpenses": 957300000,
        "interestIncome": 0,
        "interestExpense": 0,
        "depreciationAndAmortization": 37100000,
        "ebitda": 426300000,
        "ebitdaratio": 0.3300557448,
        "operatingIncome": 334300000,
        "operatingIncomeRatio": 0.258826262,
        "totalOtherIncomeExpensesNet": -29100000,
        "incomeBeforeTax": 305200000,
        "incomeBeforeTaxRatio": 0.2362960669,
        "incomeTaxExpense": 65600000,
        "netIncome": 239600000,
        "netIncomeRatio": 0.1855063487,
        "eps": 0.34,
        "epsdiluted": 0.34,
        "weightedAverageShsOut": 707100000,
        "weightedAverageShsOutDil": 708000000,
        "link": "https://www.sec.gov/Archives/edgar/data/1365135/000119312509032396/0001193125-09-032396-index.htm",
        "finalLink": "https://www.sec.gov/Archives/edgar/data/1365135/000119312509032396/d10k.htm"
    },
    {
        "date": "2008-09-30",
        "symbol": "WU",
        "reportedCurrency": "USD",
        "cik": "0001365135",
        "fillingDate": "2008-11-03",
        "acceptedDate": "2008-11-03 06:05:00",
        "calendarYear": "2008",
        "period": "Q3",
        "revenue": 1377400000,
        "costOfRevenue": 785600000,
        "grossProfit": 591800000,
        "grossProfitRatio": 0.4296500653,
        "researchAndDevelopmentExpenses": 0,
        "generalAndAdministrativeExpenses": 0,
        "sellingAndMarketingExpenses": 0,
        "sellingGeneralAndAdministrativeExpenses": 216600000,
        "otherExpenses": 0,
        "operatingExpenses": 216600000,
        "costAndExpenses": 1002200000,
        "interestIncome": 8700000,
        "interestExpense": 40400000,
        "depreciationAndAmortization": 37600000,
        "ebitda": 411000000,
        "ebitdaratio": 0.2983882678,
        "operatingIncome": 375200000,
        "operatingIncomeRatio": 0.2723972702,
        "totalOtherIncomeExpensesNet": -42200000,
        "incomeBeforeTax": 333000000,
        "incomeBeforeTaxRatio": 0.2417598374,
        "incomeTaxExpense": 92200000,
        "netIncome": 240800000,
        "netIncomeRatio": 0.1748221286,
        "eps": 0.33,
        "epsdiluted": 0.33,
        "weightedAverageShsOut": 724900000,
        "weightedAverageShsOutDil": 737200000,
        "link": "https://www.sec.gov/Archives/edgar/data/1365135/000119312508222151/0001193125-08-222151-index.htm",
        "finalLink": "https://www.sec.gov/Archives/edgar/data/1365135/000119312508222151/d10q.htm"
    },
    {
        "date": "2008-06-30",
        "symbol": "WU",
        "reportedCurrency": "USD",
        "cik": "0001365135",
        "fillingDate": "2008-08-05",
        "acceptedDate": "2008-08-04 21:18:28",
        "calendarYear": "2008",
        "period": "Q2",
        "revenue": 1347100000,
        "costOfRevenue": 799400000,
        "grossProfit": 547700000,
        "grossProfitRatio": 0.4065770915,
        "researchAndDevelopmentExpenses": 0,
        "generalAndAdministrativeExpenses": 0,
        "sellingAndMarketingExpenses": 0,
        "sellingGeneralAndAdministrativeExpenses": 211500000,
        "otherExpenses": 0,
        "operatingExpenses": 211500000,
        "costAndExpenses": 1010900000,
        "interestIncome": 12700000,
        "interestExpense": 43300000,
        "depreciationAndAmortization": 36500000,
        "ebitda": 387800000,
        "ebitdaratio": 0.2878776631,
        "operatingIncome": 336200000,
        "operatingIncomeRatio": 0.2495731572,
        "totalOtherIncomeExpensesNet": -28200000,
        "incomeBeforeTax": 308000000,
        "incomeBeforeTaxRatio": 0.2286392992,
        "incomeTaxExpense": 76500000,
        "netIncome": 231500000,
        "netIncomeRatio": 0.1718506421,
        "eps": 0.31,
        "epsdiluted": 0.31,
        "weightedAverageShsOut": 736500000,
        "weightedAverageShsOutDil": 747500000,
        "link": "https://www.sec.gov/Archives/edgar/data/1365135/000119312508165333/0001193125-08-165333-index.htm",
        "finalLink": "https://www.sec.gov/Archives/edgar/data/1365135/000119312508165333/d10q.htm"
    },
    {
        "date": "2008-03-31",
        "symbol": "WU",
        "reportedCurrency": "USD",
        "cik": "0001365135",
        "fillingDate": "2008-05-02",
        "acceptedDate": "2008-05-01 19:57:04",
        "calendarYear": "2008",
        "period": "Q1",
        "revenue": 1265900000,
        "costOfRevenue": 758600000,
        "grossProfit": 507300000,
        "grossProfitRatio": 0.4007425547,
        "researchAndDevelopmentExpenses": 0,
        "generalAndAdministrativeExpenses": 0,
        "sellingAndMarketingExpenses": 0,
        "sellingGeneralAndAdministrativeExpenses": 198000000,
        "otherExpenses": 0,
        "operatingExpenses": 198000000,
        "costAndExpenses": 956600000,
        "interestIncome": 17700000,
        "interestExpense": 45000000,
        "depreciationAndAmortization": 32800000,
        "ebitda": 370300000,
        "ebitdaratio": 0.2925191563,
        "operatingIncome": 309300000,
        "operatingIncomeRatio": 0.2443320957,
        "totalOtherIncomeExpensesNet": -16800000,
        "incomeBeforeTax": 292500000,
        "incomeBeforeTaxRatio": 0.2310609053,
        "incomeTaxExpense": 85400000,
        "netIncome": 207100000,
        "netIncomeRatio": 0.1635990205,
        "eps": 0.28,
        "epsdiluted": 0.27,
        "weightedAverageShsOut": 746700000,
        "weightedAverageShsOutDil": 756800000,
        "link": "https://www.sec.gov/Archives/edgar/data/1365135/000119312508099546/0001193125-08-099546-index.htm",
        "finalLink": "https://www.sec.gov/Archives/edgar/data/1365135/000119312508099546/d10q.htm"
    },
    {
        "date": "2007-12-31",
        "symbol": "WU",
        "reportedCurrency": "USD",
        "cik": "0001365135",
        "fillingDate": "2008-02-26",
        "acceptedDate": "2008-02-26 09:22:12",
        "calendarYear": "2007",
        "period": "Q4",
        "revenue": 1309100000,
        "costOfRevenue": 752700000,
        "grossProfit": 556400000,
        "grossProfitRatio": 0.4250248262,
        "researchAndDevelopmentExpenses": 0,
        "generalAndAdministrativeExpenses": 0,
        "sellingAndMarketingExpenses": 0,
        "sellingGeneralAndAdministrativeExpenses": 191800000,
        "otherExpenses": 0,
        "operatingExpenses": 191800000,
        "costAndExpenses": 944500000,
        "interestIncome": 0,
        "interestExpense": 0,
        "depreciationAndAmortization": 31700000,
        "ebitda": 396300000,
        "ebitdaratio": 0.3027270644,
        "operatingIncome": 364600000,
        "operatingIncomeRatio": 0.2785119548,
        "totalOtherIncomeExpensesNet": -29400000,
        "incomeBeforeTax": 335200000,
        "incomeBeforeTaxRatio": 0.2560537774,
        "incomeTaxExpense": 91900000,
        "netIncome": 243300000,
        "netIncomeRatio": 0.185852876,
        "eps": 0.33,
        "epsdiluted": 0.32,
        "weightedAverageShsOut": 746700000,
        "weightedAverageShsOutDil": 756800000,
        "link": "https://www.sec.gov/Archives/edgar/data/1365135/000119312508038154/0001193125-08-038154-index.htm",
        "finalLink": "https://www.sec.gov/Archives/edgar/data/1365135/000119312508038154/d10k.htm"
    },
    {
        "date": "2007-09-30",
        "symbol": "WU",
        "reportedCurrency": "USD",
        "cik": "0001365135",
        "fillingDate": "2007-11-07",
        "acceptedDate": "2007-11-06 20:55:34",
        "calendarYear": "2007",
        "period": "Q3",
        "revenue": 1257200000,
        "costOfRevenue": 722200000,
        "grossProfit": 535000000,
        "grossProfitRatio": 0.4255488387,
        "researchAndDevelopmentExpenses": 0,
        "generalAndAdministrativeExpenses": 0,
        "sellingAndMarketingExpenses": 0,
        "sellingGeneralAndAdministrativeExpenses": 204900000,
        "otherExpenses": 0,
        "operatingExpenses": 204900000,
        "costAndExpenses": 927100000,
        "interestIncome": 0,
        "interestExpense": 0,
        "depreciationAndAmortization": 30900000,
        "ebitda": 361000000,
        "ebitdaratio": 0.2871460388,
        "operatingIncome": 330100000,
        "operatingIncomeRatio": 0.2625676106,
        "totalOtherIncomeExpensesNet": -23200000,
        "incomeBeforeTax": 306900000,
        "incomeBeforeTaxRatio": 0.2441139039,
        "incomeTaxExpense": 90600000,
        "netIncome": 216300000,
        "netIncomeRatio": 0.1720489978,
        "eps": 0.29,
        "epsdiluted": 0.28,
        "weightedAverageShsOut": 757500000,
        "weightedAverageShsOutDil": 767400000,
        "link": "https://www.sec.gov/Archives/edgar/data/1365135/000119312507237151/0001193125-07-237151-index.htm",
        "finalLink": "https://www.sec.gov/Archives/edgar/data/1365135/000119312507237151/d10q.htm"
    },
    {
        "date": "2007-06-30",
        "symbol": "WU",
        "reportedCurrency": "USD",
        "cik": "0001365135",
        "fillingDate": "2007-08-07",
        "acceptedDate": "2007-08-07 17:00:45",
        "calendarYear": "2007",
        "period": "Q2",
        "revenue": 1202900000,
        "costOfRevenue": 687900000,
        "grossProfit": 515000000,
        "grossProfitRatio": 0.4281320143,
        "researchAndDevelopmentExpenses": 0,
        "generalAndAdministrativeExpenses": 0,
        "sellingAndMarketingExpenses": 0,
        "sellingGeneralAndAdministrativeExpenses": 192300000,
        "otherExpenses": 0,
        "operatingExpenses": 192300000,
        "costAndExpenses": 880200000,
        "interestIncome": 0,
        "interestExpense": 0,
        "depreciationAndAmortization": 30900000,
        "ebitda": 353600000,
        "ebitdaratio": 0.2939562723,
        "operatingIncome": 322700000,
        "operatingIncomeRatio": 0.2682683515,
        "totalOtherIncomeExpensesNet": -24500000,
        "incomeBeforeTax": 298200000,
        "incomeBeforeTaxRatio": 0.2479009061,
        "incomeTaxExpense": 93700000,
        "netIncome": 204500000,
        "netIncomeRatio": 0.1700058193,
        "eps": 0.27,
        "epsdiluted": 0.26,
        "weightedAverageShsOut": 764800000,
        "weightedAverageShsOutDil": 779000000,
        "link": "https://www.sec.gov/Archives/edgar/data/1365135/000119312507173843/0001193125-07-173843-index.htm",
        "finalLink": "https://www.sec.gov/Archives/edgar/data/1365135/000119312507173843/d10q.htm"
    },
    {
        "date": "2007-03-31",
        "symbol": "WU",
        "reportedCurrency": "USD",
        "cik": "0001365135",
        "fillingDate": "2007-05-08",
        "acceptedDate": "2007-05-07 21:44:12",
        "calendarYear": "2007",
        "period": "Q1",
        "revenue": 1131000000,
        "costOfRevenue": 645600000,
        "grossProfit": 485400000,
        "grossProfitRatio": 0.4291777188,
        "researchAndDevelopmentExpenses": 0,
        "generalAndAdministrativeExpenses": 0,
        "sellingAndMarketingExpenses": 0,
        "sellingGeneralAndAdministrativeExpenses": 180800000,
        "otherExpenses": 0,
        "operatingExpenses": 180800000,
        "costAndExpenses": 826400000,
        "interestIncome": 0,
        "interestExpense": 0,
        "depreciationAndAmortization": 30400000,
        "ebitda": 335000000,
        "ebitdaratio": 0.2961980548,
        "operatingIncome": 304600000,
        "operatingIncomeRatio": 0.2693191866,
        "totalOtherIncomeExpensesNet": -22500000,
        "incomeBeforeTax": 282100000,
        "incomeBeforeTaxRatio": 0.2494252874,
        "incomeTaxExpense": 88900000,
        "netIncome": 193200000,
        "netIncomeRatio": 0.1708222812,
        "eps": 0.25,
        "epsdiluted": 0.25,
        "weightedAverageShsOut": 768200000,
        "weightedAverageShsOutDil": 783300000,
        "link": "https://www.sec.gov/Archives/edgar/data/1365135/000119312507104737/0001193125-07-104737-index.htm",
        "finalLink": "https://www.sec.gov/Archives/edgar/data/1365135/000119312507104737/d10q.htm"
    },
    {
        "date": "2006-12-31",
        "symbol": "WU",
        "reportedCurrency": "USD",
        "cik": "0001365135",
        "fillingDate": "2007-02-27",
        "acceptedDate": "2007-02-27 06:05:34",
        "calendarYear": "2006",
        "period": "Q4",
        "revenue": 1173200000,
        "costOfRevenue": 651100000,
        "grossProfit": 522100000,
        "grossProfitRatio": 0.4450221616,
        "researchAndDevelopmentExpenses": 0,
        "generalAndAdministrativeExpenses": 0,
        "sellingAndMarketingExpenses": 0,
        "sellingGeneralAndAdministrativeExpenses": 186900000,
        "otherExpenses": 0,
        "operatingExpenses": 186900000,
        "costAndExpenses": 838000000,
        "interestIncome": 0,
        "interestExpense": 0,
        "depreciationAndAmortization": 28300000,
        "ebitda": 363500000,
        "ebitdaratio": 0.309836345,
        "operatingIncome": 335200000,
        "operatingIncomeRatio": 0.2857142857,
        "totalOtherIncomeExpensesNet": -28700000,
        "incomeBeforeTax": 306500000,
        "incomeBeforeTaxRatio": 0.2612512786,
        "incomeTaxExpense": 89300000,
        "netIncome": 217200000,
        "netIncomeRatio": 0.1851346744,
        "eps": 0.28,
        "epsdiluted": 0.28,
        "weightedAverageShsOut": 768200000,
        "weightedAverageShsOutDil": 783300000,
        "link": "https://www.sec.gov/Archives/edgar/data/1365135/000119312507040314/0001193125-07-040314-index.htm",
        "finalLink": "https://www.sec.gov/Archives/edgar/data/1365135/000119312507040314/d10k.htm"
    },
    {
        "date": "2006-09-30",
        "symbol": "WU",
        "reportedCurrency": "USD",
        "cik": "0001365135",
        "fillingDate": "2006-11-08",
        "acceptedDate": "2006-11-07 20:57:24",
        "calendarYear": "2006",
        "period": "Q3",
        "revenue": 1140400000,
        "costOfRevenue": 626000000,
        "grossProfit": 514400000,
        "grossProfitRatio": 0.4510698001,
        "researchAndDevelopmentExpenses": 0,
        "generalAndAdministrativeExpenses": 0,
        "sellingAndMarketingExpenses": 0,
        "sellingGeneralAndAdministrativeExpenses": 177300000,
        "otherExpenses": 0,
        "operatingExpenses": 177300000,
        "costAndExpenses": 803300000,
        "interestIncome": 0,
        "interestExpense": 0,
        "depreciationAndAmortization": 26100000,
        "ebitda": 363200000,
        "ebitdaratio": 0.3184847422,
        "operatingIncome": 337100000,
        "operatingIncomeRatio": 0.2955980358,
        "totalOtherIncomeExpensesNet": 42800000,
        "incomeBeforeTax": 379900000,
        "incomeBeforeTaxRatio": 0.3331287268,
        "incomeTaxExpense": 121800000,
        "netIncome": 258100000,
        "netIncomeRatio": 0.2263240968,
        "eps": 0.34,
        "epsdiluted": 0.34,
        "weightedAverageShsOut": 763900000,
        "weightedAverageShsOutDil": 764000000,
        "link": "https://www.sec.gov/Archives/edgar/data/1365135/000119312506227048/0001193125-06-227048-index.htm",
        "finalLink": "https://www.sec.gov/Archives/edgar/data/1365135/000119312506227048/d10q.htm"
    },
    {
        "date": "2006-06-30",
        "symbol": "WU",
        "reportedCurrency": "USD",
        "cik": "0001365135",
        "fillingDate": "2006-06-30",
        "acceptedDate": "2006-06-29 20:00:00",
        "calendarYear": "2006",
        "period": "Q2",
        "revenue": 1113600000,
        "costOfRevenue": 595600000,
        "grossProfit": 518000000,
        "grossProfitRatio": 0.465158046,
        "researchAndDevelopmentExpenses": 0,
        "generalAndAdministrativeExpenses": 0,
        "sellingAndMarketingExpenses": 0,
        "sellingGeneralAndAdministrativeExpenses": 182050000,
        "otherExpenses": 0,
        "operatingExpenses": 191600000,
        "costAndExpenses": 787200000,
        "interestIncome": 0,
        "interestExpense": 0,
        "depreciationAndAmortization": 24500000,
        "ebitda": 350900000,
        "ebitdaratio": 0.3151041667,
        "operatingIncome": 319550000,
        "operatingIncomeRatio": 0.286952227,
        "totalOtherIncomeExpensesNet": -2600000,
        "incomeBeforeTax": 324350000,
        "incomeBeforeTaxRatio": 0.2912625718,
        "incomeTaxExpense": 105000000,
        "netIncome": 218900000,
        "netIncomeRatio": 0.1965696839,
        "eps": 0.29,
        "epsdiluted": 0.29,
        "weightedAverageShsOut": 763900000,
        "weightedAverageShsOutDil": 763900000,
        "link": "",
        "finalLink": ""
    },
    {
        "date": "2006-03-31",
        "symbol": "WU",
        "reportedCurrency": "USD",
        "cik": "0001365135",
        "fillingDate": "2006-03-31",
        "acceptedDate": "2006-03-30 19:00:00",
        "calendarYear": "2006",
        "period": "Q1",
        "revenue": 1050600000,
        "costOfRevenue": 557800000,
        "grossProfit": 492800000,
        "grossProfitRatio": 0.469065296,
        "researchAndDevelopmentExpenses": 0,
        "generalAndAdministrativeExpenses": 0,
        "sellingAndMarketingExpenses": 0,
        "sellingGeneralAndAdministrativeExpenses": 172500000,
        "otherExpenses": 0,
        "operatingExpenses": 172500000,
        "costAndExpenses": 730300000,
        "interestIncome": 0,
        "interestExpense": 0,
        "depreciationAndAmortization": 24600000,
        "ebitda": 344900000,
        "ebitdaratio": 0.328288597,
        "operatingIncome": 320300000,
        "operatingIncomeRatio": 0.3048734057,
        "totalOtherIncomeExpensesNet": 18600000,
        "incomeBeforeTax": 338900000,
        "incomeBeforeTaxRatio": 0.3225775747,
        "incomeTaxExpense": 109300000,
        "netIncome": 229600000,
        "netIncomeRatio": 0.2185417856,
        "eps": 0.3,
        "epsdiluted": 0.29,
        "weightedAverageShsOut": 765500000,
        "weightedAverageShsOutDil": 780200000,
        "link": "",
        "finalLink": ""
    },
    {
        "date": "2005-12-31",
        "symbol": "WU",
        "reportedCurrency": "USD",
        "cik": "0001365135",
        "fillingDate": "2005-12-31",
        "acceptedDate": "2005-12-30 19:00:00",
        "calendarYear": "2005",
        "period": "Q4",
        "revenue": 996975000,
        "costOfRevenue": 0,
        "grossProfit": 0,
        "grossProfitRatio": 0,
        "researchAndDevelopmentExpenses": 0,
        "generalAndAdministrativeExpenses": 0,
        "sellingAndMarketingExpenses": 0,
        "sellingGeneralAndAdministrativeExpenses": 0,
        "otherExpenses": 996975000,
        "operatingExpenses": 996975000,
        "costAndExpenses": 996975000,
        "interestIncome": 0,
        "interestExpense": 0,
        "depreciationAndAmortization": 0,
        "ebitda": -1721725000,
        "ebitdaratio": -1.7269490208,
        "operatingIncome": -1721725000,
        "operatingIncomeRatio": -1.7269490208,
        "totalOtherIncomeExpensesNet": 1721725000,
        "incomeBeforeTax": 0,
        "incomeBeforeTaxRatio": 0,
        "incomeTaxExpense": -231850000,
        "netIncome": 231850000,
        "netIncomeRatio": 0.2325534743,
        "eps": 0.3,
        "epsdiluted": 0.3,
        "weightedAverageShsOut": 765500000,
        "weightedAverageShsOutDil": 780200000,
        "link": "",
        "finalLink": ""
    },
    {
        "date": "2005-09-30",
        "symbol": "WU",
        "reportedCurrency": "USD",
        "cik": "0001365135",
        "fillingDate": "2005-09-30",
        "acceptedDate": "2005-09-29 20:00:00",
        "calendarYear": "2005",
        "period": "Q3",
        "revenue": 996975000,
        "costOfRevenue": 0,
        "grossProfit": 0,
        "grossProfitRatio": 0,
        "researchAndDevelopmentExpenses": 0,
        "generalAndAdministrativeExpenses": 0,
        "sellingAndMarketingExpenses": 0,
        "sellingGeneralAndAdministrativeExpenses": 0,
        "otherExpenses": 996975000,
        "operatingExpenses": 996975000,
        "costAndExpenses": 996975000,
        "interestIncome": 0,
        "interestExpense": 0,
        "depreciationAndAmortization": 0,
        "ebitda": 996975000,
        "ebitdaratio": 1,
        "operatingIncome": 996975000,
        "operatingIncomeRatio": 1,
        "totalOtherIncomeExpensesNet": -996975000,
        "incomeBeforeTax": 0,
        "incomeBeforeTaxRatio": 0,
        "incomeTaxExpense": -231850000,
        "netIncome": 231850000,
        "netIncomeRatio": 0.2325534743,
        "eps": 0.3,
        "epsdiluted": 0.3,
        "weightedAverageShsOut": 763900000,
        "weightedAverageShsOutDil": 763900000,
        "link": "",
        "finalLink": ""
    },
    {
        "date": "2005-06-30",
        "symbol": "WU",
        "reportedCurrency": "USD",
        "cik": "0001365135",
        "fillingDate": "2005-06-30",
        "acceptedDate": "2005-06-29 20:00:00",
        "calendarYear": "2005",
        "period": "Q2",
        "revenue": 996975000,
        "costOfRevenue": 0,
        "grossProfit": 0,
        "grossProfitRatio": 0,
        "researchAndDevelopmentExpenses": 0,
        "generalAndAdministrativeExpenses": 0,
        "sellingAndMarketingExpenses": 0,
        "sellingGeneralAndAdministrativeExpenses": 0,
        "otherExpenses": 996975000,
        "operatingExpenses": 996975000,
        "costAndExpenses": 996975000,
        "interestIncome": 0,
        "interestExpense": 0,
        "depreciationAndAmortization": 0,
        "ebitda": 996975000,
        "ebitdaratio": 1,
        "operatingIncome": 996975000,
        "operatingIncomeRatio": 1,
        "totalOtherIncomeExpensesNet": -996975000,
        "incomeBeforeTax": 0,
        "incomeBeforeTaxRatio": 0,
        "incomeTaxExpense": -231850000,
        "netIncome": 231850000,
        "netIncomeRatio": 0.2325534743,
        "eps": 0.3,
        "epsdiluted": 0.3,
        "weightedAverageShsOut": 763900000,
        "weightedAverageShsOutDil": 763900000,
        "link": "",
        "finalLink": ""
    },
    {
        "date": "2005-03-31",
        "symbol": "WU",
        "reportedCurrency": "USD",
        "cik": "0001365135",
        "fillingDate": "2005-03-31",
        "acceptedDate": "2005-03-30 19:00:00",
        "calendarYear": "2005",
        "period": "Q1",
        "revenue": 996975000,
        "costOfRevenue": 0,
        "grossProfit": 0,
        "grossProfitRatio": 0,
        "researchAndDevelopmentExpenses": 0,
        "generalAndAdministrativeExpenses": 0,
        "sellingAndMarketingExpenses": 0,
        "sellingGeneralAndAdministrativeExpenses": 0,
        "otherExpenses": 996975000,
        "operatingExpenses": 996975000,
        "costAndExpenses": 996975000,
        "interestIncome": 0,
        "interestExpense": 0,
        "depreciationAndAmortization": 0,
        "ebitda": 996975000,
        "ebitdaratio": 1,
        "operatingIncome": 996975000,
        "operatingIncomeRatio": 1,
        "totalOtherIncomeExpensesNet": -996975000,
        "incomeBeforeTax": 0,
        "incomeBeforeTaxRatio": 0,
        "incomeTaxExpense": -231850000,
        "netIncome": 231850000,
        "netIncomeRatio": 0.2325534743,
        "eps": 0.3,
        "epsdiluted": 0.3,
        "weightedAverageShsOut": 763900000,
        "weightedAverageShsOutDil": 763900000,
        "link": "",
        "finalLink": ""
    },
    {
        "date": "2004-12-31",
        "symbol": "WU",
        "reportedCurrency": "USD",
        "cik": "0001365135",
        "fillingDate": "2004-12-31",
        "acceptedDate": "2004-12-30 19:00:00",
        "calendarYear": "2004",
        "period": "Q4",
        "revenue": 886900000,
        "costOfRevenue": 0,
        "grossProfit": 0,
        "grossProfitRatio": 0,
        "researchAndDevelopmentExpenses": 0,
        "generalAndAdministrativeExpenses": 0,
        "sellingAndMarketingExpenses": 0,
        "sellingGeneralAndAdministrativeExpenses": 0,
        "otherExpenses": 886900000,
        "operatingExpenses": 886900000,
        "costAndExpenses": 886900000,
        "interestIncome": 0,
        "interestExpense": 0,
        "depreciationAndAmortization": 0,
        "ebitda": 886900000,
        "ebitdaratio": 1,
        "operatingIncome": 886900000,
        "operatingIncomeRatio": 1,
        "totalOtherIncomeExpensesNet": -886900000,
        "incomeBeforeTax": 0,
        "incomeBeforeTaxRatio": 0,
        "incomeTaxExpense": -187900000,
        "netIncome": 187900000,
        "netIncomeRatio": 0.2118615402,
        "eps": 0.25,
        "epsdiluted": 0.25,
        "weightedAverageShsOut": 763900000,
        "weightedAverageShsOutDil": 763900000,
        "link": "",
        "finalLink": ""
    },
    {
        "date": "2004-09-30",
        "symbol": "WU",
        "reportedCurrency": "USD",
        "cik": "0001365135",
        "fillingDate": "2004-09-30",
        "acceptedDate": "2004-09-29 20:00:00",
        "calendarYear": "2004",
        "period": "Q3",
        "revenue": 886900000,
        "costOfRevenue": 0,
        "grossProfit": 0,
        "grossProfitRatio": 0,
        "researchAndDevelopmentExpenses": 0,
        "generalAndAdministrativeExpenses": 0,
        "sellingAndMarketingExpenses": 0,
        "sellingGeneralAndAdministrativeExpenses": 0,
        "otherExpenses": 886900000,
        "operatingExpenses": 886900000,
        "costAndExpenses": 886900000,
        "interestIncome": 0,
        "interestExpense": 0,
        "depreciationAndAmortization": 0,
        "ebitda": 886900000,
        "ebitdaratio": 1,
        "operatingIncome": 886900000,
        "operatingIncomeRatio": 1,
        "totalOtherIncomeExpensesNet": -886900000,
        "incomeBeforeTax": 0,
        "incomeBeforeTaxRatio": 0,
        "incomeTaxExpense": -187900000,
        "netIncome": 187900000,
        "netIncomeRatio": 0.2118615402,
        "eps": 0.25,
        "epsdiluted": 0.25,
        "weightedAverageShsOut": 763900000,
        "weightedAverageShsOutDil": 763900000,
        "link": "",
        "finalLink": ""
    },
    {
        "date": "2004-06-30",
        "symbol": "WU",
        "reportedCurrency": "USD",
        "cik": "0001365135",
        "fillingDate": "2004-06-30",
        "acceptedDate": "2004-06-29 20:00:00",
        "calendarYear": "2004",
        "period": "Q2",
        "revenue": 886900000,
        "costOfRevenue": 0,
        "grossProfit": 0,
        "grossProfitRatio": 0,
        "researchAndDevelopmentExpenses": 0,
        "generalAndAdministrativeExpenses": 0,
        "sellingAndMarketingExpenses": 0,
        "sellingGeneralAndAdministrativeExpenses": 0,
        "otherExpenses": 886900000,
        "operatingExpenses": 886900000,
        "costAndExpenses": 886900000,
        "interestIncome": 0,
        "interestExpense": 0,
        "depreciationAndAmortization": 0,
        "ebitda": 886900000,
        "ebitdaratio": 1,
        "operatingIncome": 886900000,
        "operatingIncomeRatio": 1,
        "totalOtherIncomeExpensesNet": -886900000,
        "incomeBeforeTax": 0,
        "incomeBeforeTaxRatio": 0,
        "incomeTaxExpense": -187900000,
        "netIncome": 187900000,
        "netIncomeRatio": 0.2118615402,
        "eps": 0.25,
        "epsdiluted": 0.25,
        "weightedAverageShsOut": 763900000,
        "weightedAverageShsOutDil": 763900000,
        "link": "",
        "finalLink": ""
    },
    {
        "date": "2004-03-31",
        "symbol": "WU",
        "reportedCurrency": "USD",
        "cik": "0001365135",
        "fillingDate": "2004-03-31",
        "acceptedDate": "2004-03-30 19:00:00",
        "calendarYear": "2004",
        "period": "Q1",
        "revenue": 886900000,
        "costOfRevenue": 0,
        "grossProfit": 0,
        "grossProfitRatio": 0,
        "researchAndDevelopmentExpenses": 0,
        "generalAndAdministrativeExpenses": 0,
        "sellingAndMarketingExpenses": 0,
        "sellingGeneralAndAdministrativeExpenses": 0,
        "otherExpenses": 886900000,
        "operatingExpenses": 886900000,
        "costAndExpenses": 886900000,
        "interestIncome": 0,
        "interestExpense": 0,
        "depreciationAndAmortization": 0,
        "ebitda": 886900000,
        "ebitdaratio": 1,
        "operatingIncome": 886900000,
        "operatingIncomeRatio": 1,
        "totalOtherIncomeExpensesNet": -886900000,
        "incomeBeforeTax": 0,
        "incomeBeforeTaxRatio": 0,
        "incomeTaxExpense": -187900000,
        "netIncome": 187900000,
        "netIncomeRatio": 0.2118615402,
        "eps": 0.25,
        "epsdiluted": 0.25,
        "weightedAverageShsOut": 763900000,
        "weightedAverageShsOutDil": 763900000,
        "link": "",
        "finalLink": ""
    }
]