[
    {
        "date": "2020-12-31",
        "symbol": "WYND",
        "reportedCurrency": "USD",
        "cik": "0001361658",
        "fillingDate": "2021-02-24",
        "acceptedDate": "2021-02-24 11:11:35",
        "calendarYear": "2020",
        "period": "Q4",
        "revenue": 0,
        "costOfRevenue": 0,
        "grossProfit": 0,
        "grossProfitRatio": 0,
        "researchAndDevelopmentExpenses": 0,
        "generalAndAdministrativeExpenses": 0,
        "sellingAndMarketingExpenses": 0,
        "sellingGeneralAndAdministrativeExpenses": 0,
        "otherExpenses": -23000000,
        "operatingExpenses": -23000000,
        "costAndExpenses": -23000000,
        "interestIncome": 0,
        "interestExpense": -192000000,
        "depreciationAndAmortization": 32000000,
        "ebitda": 9000000,
        "ebitdaratio": 0,
        "operatingIncome": -23000000,
        "operatingIncomeRatio": 0,
        "totalOtherIncomeExpensesNet": 0,
        "incomeBeforeTax": -23000000,
        "incomeBeforeTaxRatio": 0,
        "incomeTaxExpense": -23000,
        "netIncome": -22977000,
        "netIncomeRatio": 0,
        "eps": -0.27,
        "epsdiluted": -0.27,
        "weightedAverageShsOut": 85900000,
        "weightedAverageShsOutDil": 86100000,
        "link": "https://www.sec.gov/Archives/edgar/data/1361658/000136165821000025/0001361658-21-000025-index.htm",
        "finalLink": "https://www.sec.gov/Archives/edgar/data/1361658/000136165821000025/wyn-20201231.htm"
    },
    {
        "date": "2020-09-30",
        "symbol": "WYND",
        "reportedCurrency": "USD",
        "cik": "0001361658",
        "fillingDate": "2020-10-28",
        "acceptedDate": "2020-10-27 20:00:00",
        "calendarYear": "2020",
        "period": "Q3",
        "revenue": 614000000,
        "costOfRevenue": 311000000,
        "grossProfit": 303000000,
        "grossProfitRatio": 0.493485342,
        "researchAndDevelopmentExpenses": 0,
        "generalAndAdministrativeExpenses": 101000000,
        "sellingAndMarketingExpenses": 84000000,
        "sellingGeneralAndAdministrativeExpenses": 185000000,
        "otherExpenses": 32000000,
        "operatingExpenses": 217000000,
        "costAndExpenses": 528000000,
        "interestIncome": 0,
        "interestExpense": 52000000,
        "depreciationAndAmortization": 32000000,
        "ebitda": 103000000,
        "ebitdaratio": 0.167752443,
        "operatingIncome": 86000000,
        "operatingIncomeRatio": 0.1400651466,
        "totalOtherIncomeExpensesNet": -67000000,
        "incomeBeforeTax": 19000000,
        "incomeBeforeTaxRatio": 0.0309446254,
        "incomeTaxExpense": -21000000,
        "netIncome": 40000000,
        "netIncomeRatio": 0.0651465798,
        "eps": 0.47,
        "epsdiluted": 0.46,
        "weightedAverageShsOut": 85900000,
        "weightedAverageShsOutDil": 86100000,
        "link": "https://www.sec.gov/Archives/edgar/data/1361658/000136165820000211/0001361658-20-000211-index.htm",
        "finalLink": "https://www.sec.gov/Archives/edgar/data/1361658/000136165820000211/wynd-2020930x10q.htm"
    },
    {
        "date": "2020-06-30",
        "symbol": "WYND",
        "reportedCurrency": "USD",
        "cik": "0001361658",
        "fillingDate": "2020-07-30",
        "acceptedDate": "2020-07-30 10:55:36",
        "calendarYear": "2020",
        "period": "Q2",
        "revenue": 343000000,
        "costOfRevenue": 208000000,
        "grossProfit": 135000000,
        "grossProfitRatio": 0.3935860058,
        "researchAndDevelopmentExpenses": 0,
        "generalAndAdministrativeExpenses": 85000000,
        "sellingAndMarketingExpenses": 32000000,
        "sellingGeneralAndAdministrativeExpenses": 117000000,
        "otherExpenses": 31000000,
        "operatingExpenses": 148000000,
        "costAndExpenses": 356000000,
        "interestIncome": 0,
        "interestExpense": 46000000,
        "depreciationAndAmortization": 31000000,
        "ebitda": -76000000,
        "ebitdaratio": -0.221574344,
        "operatingIncome": -13000000,
        "operatingIncomeRatio": -0.0379008746,
        "totalOtherIncomeExpensesNet": -140000000,
        "incomeBeforeTax": -153000000,
        "incomeBeforeTaxRatio": -0.4460641399,
        "incomeTaxExpense": 11000000,
        "netIncome": -164000000,
        "netIncomeRatio": -0.4781341108,
        "eps": -1.92,
        "epsdiluted": -1.92,
        "weightedAverageShsOut": 85400000,
        "weightedAverageShsOutDil": 85400000,
        "link": "https://www.sec.gov/Archives/edgar/data/1361658/000136165820000192/0001361658-20-000192-index.htm",
        "finalLink": "https://www.sec.gov/Archives/edgar/data/1361658/000136165820000192/wynd-2020630x10q.htm"
    },
    {
        "date": "2020-03-31",
        "symbol": "WYND",
        "reportedCurrency": "USD",
        "cik": "0001361658",
        "fillingDate": "2020-05-06",
        "acceptedDate": "2020-05-06 12:45:47",
        "calendarYear": "2020",
        "period": "Q1",
        "revenue": 558000000,
        "costOfRevenue": 392000000,
        "grossProfit": 166000000,
        "grossProfitRatio": 0.2974910394,
        "researchAndDevelopmentExpenses": 0,
        "generalAndAdministrativeExpenses": 110000000,
        "sellingAndMarketingExpenses": 131000000,
        "sellingGeneralAndAdministrativeExpenses": 241000000,
        "otherExpenses": 31000000,
        "operatingExpenses": 272000000,
        "costAndExpenses": 664000000,
        "interestIncome": 0,
        "interestExpense": 41000000,
        "depreciationAndAmortization": 31000000,
        "ebitda": -106000000,
        "ebitdaratio": -0.1899641577,
        "operatingIncome": -106000000,
        "operatingIncomeRatio": -0.1899641577,
        "totalOtherIncomeExpensesNet": -72000000,
        "incomeBeforeTax": -178000000,
        "incomeBeforeTaxRatio": -0.3189964158,
        "incomeTaxExpense": -44000000,
        "netIncome": -134000000,
        "netIncomeRatio": -0.2401433692,
        "eps": -1.54,
        "epsdiluted": -1.54,
        "weightedAverageShsOut": 86900000,
        "weightedAverageShsOutDil": 86900000,
        "link": "https://www.sec.gov/Archives/edgar/data/1361658/000136165820000103/0001361658-20-000103-index.html",
        "finalLink": "https://www.sec.gov/Archives/edgar/data/1361658/000136165820000103/wynd-2020331x10q.htm"
    },
    {
        "date": "2019-12-31",
        "symbol": "WYND",
        "reportedCurrency": "USD",
        "cik": "0001361658",
        "fillingDate": "2020-02-26",
        "acceptedDate": "2020-02-26 12:29:25",
        "calendarYear": "2019",
        "period": "Q4",
        "revenue": 981000000,
        "costOfRevenue": 452000000,
        "grossProfit": 529000000,
        "grossProfitRatio": 0.5392456677,
        "researchAndDevelopmentExpenses": 0,
        "generalAndAdministrativeExpenses": 112000000,
        "sellingAndMarketingExpenses": 161000000,
        "sellingGeneralAndAdministrativeExpenses": 273000000,
        "otherExpenses": 31000000,
        "operatingExpenses": 304000000,
        "costAndExpenses": 756000000,
        "interestIncome": 0,
        "interestExpense": 40000000,
        "depreciationAndAmortization": 31000000,
        "ebitda": 310000000,
        "ebitdaratio": 0.3160040775,
        "operatingIncome": 225000000,
        "operatingIncomeRatio": 0.2293577982,
        "totalOtherIncomeExpensesNet": 1000000,
        "incomeBeforeTax": 226000000,
        "incomeBeforeTaxRatio": 0.2303771662,
        "incomeTaxExpense": 71000000,
        "netIncome": 168000000,
        "netIncomeRatio": 0.1712538226,
        "eps": 1.88,
        "epsdiluted": 1.87,
        "weightedAverageShsOut": 89500000,
        "weightedAverageShsOutDil": 89800000,
        "link": "https://www.sec.gov/Archives/edgar/data/1361658/000136165820000012/0001361658-20-000012-index.html",
        "finalLink": "https://www.sec.gov/Archives/edgar/data/1361658/000136165820000012/wynd-20191231x10k.htm"
    },
    {
        "date": "2019-09-30",
        "symbol": "WYND",
        "reportedCurrency": "USD",
        "cik": "0001361658",
        "fillingDate": "2019-10-30",
        "acceptedDate": "2019-10-30 10:06:24",
        "calendarYear": "2019",
        "period": "Q3",
        "revenue": 1105000000,
        "costOfRevenue": 536000000,
        "grossProfit": 569000000,
        "grossProfitRatio": 0.5149321267,
        "researchAndDevelopmentExpenses": 0,
        "generalAndAdministrativeExpenses": 129000000,
        "sellingAndMarketingExpenses": 188000000,
        "sellingGeneralAndAdministrativeExpenses": 317000000,
        "otherExpenses": 31000000,
        "operatingExpenses": 348000000,
        "costAndExpenses": 884000000,
        "interestIncome": 0,
        "interestExpense": 40000000,
        "depreciationAndAmortization": 31000000,
        "ebitda": 252000000,
        "ebitdaratio": 0.2280542986,
        "operatingIncome": 221000000,
        "operatingIncomeRatio": 0.2,
        "totalOtherIncomeExpensesNet": -40000000,
        "incomeBeforeTax": 181000000,
        "incomeBeforeTaxRatio": 0.163800905,
        "incomeTaxExpense": 46000000,
        "netIncome": 135000000,
        "netIncomeRatio": 0.1221719457,
        "eps": 1.47,
        "epsdiluted": 1.47,
        "weightedAverageShsOut": 91700000,
        "weightedAverageShsOutDil": 92000000,
        "link": "https://www.sec.gov/Archives/edgar/data/1361658/000136165819000171/0001361658-19-000171-index.html",
        "finalLink": "https://www.sec.gov/Archives/edgar/data/1361658/000136165819000171/wynd-2019930x10q.htm"
    },
    {
        "date": "2019-06-30",
        "symbol": "WYND",
        "reportedCurrency": "USD",
        "cik": "0001361658",
        "fillingDate": "2019-07-30",
        "acceptedDate": "2019-07-30 11:37:30",
        "calendarYear": "2019",
        "period": "Q2",
        "revenue": 1039000000,
        "costOfRevenue": 497000000,
        "grossProfit": 542000000,
        "grossProfitRatio": 0.5216554379,
        "researchAndDevelopmentExpenses": 0,
        "generalAndAdministrativeExpenses": 123000000,
        "sellingAndMarketingExpenses": 170000000,
        "sellingGeneralAndAdministrativeExpenses": 293000000,
        "otherExpenses": 28000000,
        "operatingExpenses": 321000000,
        "costAndExpenses": 818000000,
        "interestIncome": 0,
        "interestExpense": 40000000,
        "depreciationAndAmortization": 28000000,
        "ebitda": 236000000,
        "ebitdaratio": 0.2271414822,
        "operatingIncome": 221000000,
        "operatingIncomeRatio": 0.2127045236,
        "totalOtherIncomeExpensesNet": -59000000,
        "incomeBeforeTax": 162000000,
        "incomeBeforeTaxRatio": 0.155919153,
        "incomeTaxExpense": 44000000,
        "netIncome": 124000000,
        "netIncomeRatio": 0.1193455245,
        "eps": 1.33,
        "epsdiluted": 1.33,
        "weightedAverageShsOut": 93000000,
        "weightedAverageShsOutDil": 93300000,
        "link": "https://www.sec.gov/Archives/edgar/data/1361658/000136165819000137/0001361658-19-000137-index.htm",
        "finalLink": "https://www.sec.gov/Archives/edgar/data/1361658/000136165819000137/wynd-2019630x10q.htm"
    },
    {
        "date": "2019-03-31",
        "symbol": "WYND",
        "reportedCurrency": "USD",
        "cik": "0001361658",
        "fillingDate": "2019-05-01",
        "acceptedDate": "2019-05-01 10:02:34",
        "calendarYear": "2019",
        "period": "Q1",
        "revenue": 918000000,
        "costOfRevenue": 453000000,
        "grossProfit": 465000000,
        "grossProfitRatio": 0.5065359477,
        "researchAndDevelopmentExpenses": 0,
        "generalAndAdministrativeExpenses": 129000000,
        "sellingAndMarketingExpenses": 147000000,
        "sellingGeneralAndAdministrativeExpenses": 276000000,
        "otherExpenses": 31000000,
        "operatingExpenses": 307000000,
        "costAndExpenses": 760000000,
        "interestIncome": 0,
        "interestExpense": 41000000,
        "depreciationAndAmortization": 31000000,
        "ebitda": 183000000,
        "ebitdaratio": 0.1993464052,
        "operatingIncome": 158000000,
        "operatingIncomeRatio": 0.1721132898,
        "totalOtherIncomeExpensesNet": -46000000,
        "incomeBeforeTax": 112000000,
        "incomeBeforeTaxRatio": 0.1220043573,
        "incomeTaxExpense": 31000000,
        "netIncome": 80000000,
        "netIncomeRatio": 0.0871459695,
        "eps": 0.85,
        "epsdiluted": 0.84,
        "weightedAverageShsOut": 94400000,
        "weightedAverageShsOutDil": 94700000,
        "link": "https://www.sec.gov/Archives/edgar/data/1361658/000136165819000061/0001361658-19-000061-index.html",
        "finalLink": "https://www.sec.gov/Archives/edgar/data/1361658/000136165819000061/wynd-2019331x10q.htm"
    },
    {
        "date": "2018-12-31",
        "symbol": "WYND",
        "reportedCurrency": "USD",
        "cik": "0001361658",
        "fillingDate": "2019-02-26",
        "acceptedDate": "2019-02-26 11:43:54",
        "calendarYear": "2018",
        "period": "Q4",
        "revenue": 955000000,
        "costOfRevenue": 468000000,
        "grossProfit": 487000000,
        "grossProfitRatio": 0.509947644,
        "researchAndDevelopmentExpenses": 0,
        "generalAndAdministrativeExpenses": 111000000,
        "sellingAndMarketingExpenses": 144000000,
        "sellingGeneralAndAdministrativeExpenses": 255000000,
        "otherExpenses": 33000000,
        "operatingExpenses": 288000000,
        "costAndExpenses": 756000000,
        "interestIncome": 0,
        "interestExpense": 41000000,
        "depreciationAndAmortization": 33000000,
        "ebitda": 204000000,
        "ebitdaratio": 0.2136125654,
        "operatingIncome": 199000000,
        "operatingIncomeRatio": 0.2083769634,
        "totalOtherIncomeExpensesNet": -75000000,
        "incomeBeforeTax": 124000000,
        "incomeBeforeTaxRatio": 0.1298429319,
        "incomeTaxExpense": 18000000,
        "netIncome": 112000000,
        "netIncomeRatio": 0.1172774869,
        "eps": 1.16,
        "epsdiluted": 1.16,
        "weightedAverageShsOut": 96300000,
        "weightedAverageShsOutDil": 96700000,
        "link": "https://www.sec.gov/Archives/edgar/data/1361658/000136165819000009/0001361658-19-000009-index.html",
        "finalLink": "https://www.sec.gov/Archives/edgar/data/1361658/000136165819000009/wynd-20181231x10k.htm"
    },
    {
        "date": "2018-09-30",
        "symbol": "WYND",
        "reportedCurrency": "USD",
        "cik": "0001361658",
        "fillingDate": "2018-11-01",
        "acceptedDate": "2018-11-01 11:40:33",
        "calendarYear": "2018",
        "period": "Q3",
        "revenue": 1062000000,
        "costOfRevenue": 507000000,
        "grossProfit": 555000000,
        "grossProfitRatio": 0.5225988701,
        "researchAndDevelopmentExpenses": 0,
        "generalAndAdministrativeExpenses": 116000000,
        "sellingAndMarketingExpenses": 179000000,
        "sellingGeneralAndAdministrativeExpenses": 295000000,
        "otherExpenses": 32000000,
        "operatingExpenses": 327000000,
        "costAndExpenses": 834000000,
        "interestIncome": 0,
        "interestExpense": 37000000,
        "depreciationAndAmortization": 32000000,
        "ebitda": 268000000,
        "ebitdaratio": 0.252354049,
        "operatingIncome": 228000000,
        "operatingIncomeRatio": 0.2146892655,
        "totalOtherIncomeExpensesNet": -46000000,
        "incomeBeforeTax": 182000000,
        "incomeBeforeTaxRatio": 0.1713747646,
        "incomeTaxExpense": 51000000,
        "netIncome": 148000000,
        "netIncomeRatio": 0.1393596987,
        "eps": 1.49,
        "epsdiluted": 1.49,
        "weightedAverageShsOut": 99100000,
        "weightedAverageShsOutDil": 99500000,
        "link": "https://www.sec.gov/Archives/edgar/data/1361658/000136165818000031/0001361658-18-000031-index.html",
        "finalLink": "https://www.sec.gov/Archives/edgar/data/1361658/000136165818000031/wynd-2018930x10q.htm"
    },
    {
        "date": "2018-06-30",
        "symbol": "WYND",
        "reportedCurrency": "USD",
        "cik": "0001361658",
        "fillingDate": "2018-08-09",
        "acceptedDate": "2018-08-09 16:05:51",
        "calendarYear": "2018",
        "period": "Q2",
        "revenue": 1007000000,
        "costOfRevenue": 485000000,
        "grossProfit": 522000000,
        "grossProfitRatio": 0.5183714002,
        "researchAndDevelopmentExpenses": 0,
        "generalAndAdministrativeExpenses": 133000000,
        "sellingAndMarketingExpenses": 155000000,
        "sellingGeneralAndAdministrativeExpenses": 288000000,
        "otherExpenses": 36000000,
        "operatingExpenses": 324000000,
        "costAndExpenses": 809000000,
        "interestIncome": 0,
        "interestExpense": 46000000,
        "depreciationAndAmortization": 17000000,
        "ebitda": 479000000,
        "ebitdaratio": 0.4756703078,
        "operatingIncome": 198000000,
        "operatingIncomeRatio": 0.1966236346,
        "totalOtherIncomeExpensesNet": -172000000,
        "incomeBeforeTax": 26000000,
        "incomeBeforeTaxRatio": 0.0258192651,
        "incomeTaxExpense": 38000000,
        "netIncome": 378000000,
        "netIncomeRatio": 0.3753723932,
        "eps": 3.78,
        "epsdiluted": 3.77,
        "weightedAverageShsOut": 100000000,
        "weightedAverageShsOutDil": 100300000,
        "link": "https://www.sec.gov/Archives/edgar/data/1361658/000136165818000023/0001361658-18-000023-index.html",
        "finalLink": "https://www.sec.gov/Archives/edgar/data/1361658/000136165818000023/wyn-2018630x10q.htm"
    },
    {
        "date": "2018-03-31",
        "symbol": "WYND",
        "reportedCurrency": "USD",
        "cik": "0001361658",
        "fillingDate": "2018-05-02",
        "acceptedDate": "2018-05-02 17:13:21",
        "calendarYear": "2018",
        "period": "Q1",
        "revenue": 1190000000,
        "costOfRevenue": 563000000,
        "grossProfit": 627000000,
        "grossProfitRatio": 0.5268907563,
        "researchAndDevelopmentExpenses": 0,
        "generalAndAdministrativeExpenses": 173000000,
        "sellingAndMarketingExpenses": 188000000,
        "sellingGeneralAndAdministrativeExpenses": 361000000,
        "otherExpenses": 56000000,
        "operatingExpenses": 417000000,
        "costAndExpenses": 980000000,
        "interestIncome": 0,
        "interestExpense": 45000000,
        "depreciationAndAmortization": 56000000,
        "ebitda": 175000000,
        "ebitdaratio": 0.1470588235,
        "operatingIncome": 210000000,
        "operatingIncomeRatio": 0.1764705882,
        "totalOtherIncomeExpensesNet": -89000000,
        "incomeBeforeTax": 121000000,
        "incomeBeforeTaxRatio": 0.1016806723,
        "incomeTaxExpense": 40000000,
        "netIncome": 34000000,
        "netIncomeRatio": 0.0285714286,
        "eps": 0.34,
        "epsdiluted": 0.34,
        "weightedAverageShsOut": 100100000,
        "weightedAverageShsOutDil": 100800000,
        "link": "https://www.sec.gov/Archives/edgar/data/1361658/000136165818000007/0001361658-18-000007-index.html",
        "finalLink": "https://www.sec.gov/Archives/edgar/data/1361658/000136165818000007/wyn-2018331x10q.htm"
    },
    {
        "date": "2017-12-31",
        "symbol": "WYND",
        "reportedCurrency": "USD",
        "cik": "0001361658",
        "fillingDate": "2018-02-20",
        "acceptedDate": "2018-02-16 20:29:38",
        "calendarYear": "2017",
        "period": "Q4",
        "revenue": 649000000,
        "costOfRevenue": 281000000,
        "grossProfit": 368000000,
        "grossProfitRatio": 0.5670261941,
        "researchAndDevelopmentExpenses": 0,
        "generalAndAdministrativeExpenses": 91000000,
        "sellingAndMarketingExpenses": 97000000,
        "sellingGeneralAndAdministrativeExpenses": 188000000,
        "otherExpenses": 16000000,
        "operatingExpenses": 204000000,
        "costAndExpenses": 485000000,
        "interestIncome": 0,
        "interestExpense": 41000000,
        "depreciationAndAmortization": 16000000,
        "ebitda": 104000000,
        "ebitdaratio": 0.1602465331,
        "operatingIncome": 164000000,
        "operatingIncomeRatio": 0.2526964561,
        "totalOtherIncomeExpensesNet": -170000000,
        "incomeBeforeTax": -6000000,
        "incomeBeforeTaxRatio": -0.0092449923,
        "incomeTaxExpense": -402000000,
        "netIncome": 449000000,
        "netIncomeRatio": 0.6918335901,
        "eps": 4.45,
        "epsdiluted": 4.4,
        "weightedAverageShsOut": 101000000,
        "weightedAverageShsOutDil": 102000000,
        "link": "https://www.sec.gov/Archives/edgar/data/1361658/000136165818000003/0001361658-18-000003-index.html",
        "finalLink": "https://www.sec.gov/Archives/edgar/data/1361658/000136165818000003/wyn-20171231x10k.htm"
    },
    {
        "date": "2017-09-30",
        "symbol": "WYND",
        "reportedCurrency": "USD",
        "cik": "0001361658",
        "fillingDate": "2017-10-25",
        "acceptedDate": "2017-10-25 14:59:38",
        "calendarYear": "2017",
        "period": "Q3",
        "revenue": 1629000000,
        "costOfRevenue": 771000000,
        "grossProfit": 858000000,
        "grossProfitRatio": 0.5267034991,
        "researchAndDevelopmentExpenses": 0,
        "generalAndAdministrativeExpenses": 173000000,
        "sellingAndMarketingExpenses": 250000000,
        "sellingGeneralAndAdministrativeExpenses": 423000000,
        "otherExpenses": 69000000,
        "operatingExpenses": 492000000,
        "costAndExpenses": 1263000000,
        "interestIncome": 0,
        "interestExpense": 42000000,
        "depreciationAndAmortization": 69000000,
        "ebitda": 424000000,
        "ebitdaratio": 0.2602823818,
        "operatingIncome": 366000000,
        "operatingIncomeRatio": 0.2246777164,
        "totalOtherIncomeExpensesNet": -53000000,
        "incomeBeforeTax": 313000000,
        "incomeBeforeTaxRatio": 0.1921424187,
        "incomeTaxExpense": 110000000,
        "netIncome": 203000000,
        "netIncomeRatio": 0.124616329,
        "eps": 1.99,
        "epsdiluted": 1.97,
        "weightedAverageShsOut": 102000000,
        "weightedAverageShsOutDil": 103000000,
        "link": "https://www.sec.gov/Archives/edgar/data/1361658/000136165817000019/0001361658-17-000019-index.html",
        "finalLink": "https://www.sec.gov/Archives/edgar/data/1361658/000136165817000019/wyn-2017930x10q.htm"
    },
    {
        "date": "2017-06-30",
        "symbol": "WYND",
        "reportedCurrency": "USD",
        "cik": "0001361658",
        "fillingDate": "2017-08-03",
        "acceptedDate": "2017-08-03 14:07:38",
        "calendarYear": "2017",
        "period": "Q2",
        "revenue": 1479000000,
        "costOfRevenue": 711000000,
        "grossProfit": 768000000,
        "grossProfitRatio": 0.5192697769,
        "researchAndDevelopmentExpenses": 0,
        "generalAndAdministrativeExpenses": 191000000,
        "sellingAndMarketingExpenses": 231000000,
        "sellingGeneralAndAdministrativeExpenses": 422000000,
        "otherExpenses": 66000000,
        "operatingExpenses": 488000000,
        "costAndExpenses": 1199000000,
        "interestIncome": 0,
        "interestExpense": 39000000,
        "depreciationAndAmortization": 65000000,
        "ebitda": 215000000,
        "ebitdaratio": 0.1453684922,
        "operatingIncome": 280000000,
        "operatingIncomeRatio": 0.1893171062,
        "totalOtherIncomeExpensesNet": -169000000,
        "incomeBeforeTax": 111000000,
        "incomeBeforeTaxRatio": 0.0750507099,
        "incomeTaxExpense": 33000000,
        "netIncome": 78000000,
        "netIncomeRatio": 0.0527383367,
        "eps": 0.75,
        "epsdiluted": 0.75,
        "weightedAverageShsOut": 104000000,
        "weightedAverageShsOutDil": 104000000,
        "link": "https://www.sec.gov/Archives/edgar/data/1361658/000136165817000015/0001361658-17-000015-index.html",
        "finalLink": "https://www.sec.gov/Archives/edgar/data/1361658/000136165817000015/wyn-2017630x10q.htm"
    },
    {
        "date": "2017-03-31",
        "symbol": "WYND",
        "reportedCurrency": "USD",
        "cik": "0001361658",
        "fillingDate": "2017-04-26",
        "acceptedDate": "2017-04-26 14:31:08",
        "calendarYear": "2017",
        "period": "Q1",
        "revenue": 1319000000,
        "costOfRevenue": 655000000,
        "grossProfit": 664000000,
        "grossProfitRatio": 0.5034116755,
        "researchAndDevelopmentExpenses": 0,
        "generalAndAdministrativeExpenses": 193000000,
        "sellingAndMarketingExpenses": 195000000,
        "sellingGeneralAndAdministrativeExpenses": 388000000,
        "otherExpenses": 63000000,
        "operatingExpenses": 451000000,
        "costAndExpenses": 1106000000,
        "interestIncome": 0,
        "interestExpense": 33000000,
        "depreciationAndAmortization": 63000000,
        "ebitda": 268000000,
        "ebitdaratio": 0.2031842305,
        "operatingIncome": 213000000,
        "operatingIncomeRatio": 0.1614859742,
        "totalOtherIncomeExpensesNet": -41000000,
        "incomeBeforeTax": 172000000,
        "incomeBeforeTaxRatio": 0.1304018196,
        "incomeTaxExpense": 31000000,
        "netIncome": 141000000,
        "netIncomeRatio": 0.106899166,
        "eps": 1.34,
        "epsdiluted": 1.33,
        "weightedAverageShsOut": 105000000,
        "weightedAverageShsOutDil": 106000000,
        "link": "https://www.sec.gov/Archives/edgar/data/1361658/000136165817000009/0001361658-17-000009-index.html",
        "finalLink": "https://www.sec.gov/Archives/edgar/data/1361658/000136165817000009/wyn-2017331x10q.htm"
    },
    {
        "date": "2016-12-31",
        "symbol": "WYND",
        "reportedCurrency": "USD",
        "cik": "0001361658",
        "fillingDate": "2017-02-17",
        "acceptedDate": "2017-02-17 12:36:43",
        "calendarYear": "2016",
        "period": "Q4",
        "revenue": 1320000000,
        "costOfRevenue": 647000000,
        "grossProfit": 673000000,
        "grossProfitRatio": 0.5098484848,
        "researchAndDevelopmentExpenses": 0,
        "generalAndAdministrativeExpenses": 169000000,
        "sellingAndMarketingExpenses": 184000000,
        "sellingGeneralAndAdministrativeExpenses": 353000000,
        "otherExpenses": 65000000,
        "operatingExpenses": 418000000,
        "costAndExpenses": 1065000000,
        "interestIncome": 0,
        "interestExpense": 34000000,
        "depreciationAndAmortization": 65000000,
        "ebitda": 324000000,
        "ebitdaratio": 0.2454545455,
        "operatingIncome": 255000000,
        "operatingIncomeRatio": 0.1931818182,
        "totalOtherIncomeExpensesNet": -30000000,
        "incomeBeforeTax": 225000000,
        "incomeBeforeTaxRatio": 0.1704545455,
        "incomeTaxExpense": 61000000,
        "netIncome": 164000000,
        "netIncomeRatio": 0.1242424242,
        "eps": 1.53,
        "epsdiluted": 1.52,
        "weightedAverageShsOut": 107000000,
        "weightedAverageShsOutDil": 108000000,
        "link": "https://www.sec.gov/Archives/edgar/data/1361658/000136165817000004/0001361658-17-000004-index.html",
        "finalLink": "https://www.sec.gov/Archives/edgar/data/1361658/000136165817000004/wyn-20161231x10k.htm"
    },
    {
        "date": "2016-09-30",
        "symbol": "WYND",
        "reportedCurrency": "USD",
        "cik": "0001361658",
        "fillingDate": "2016-10-26",
        "acceptedDate": "2016-10-26 12:03:58",
        "calendarYear": "2016",
        "period": "Q3",
        "revenue": 1573000000,
        "costOfRevenue": 745000000,
        "grossProfit": 828000000,
        "grossProfitRatio": 0.5263827082,
        "researchAndDevelopmentExpenses": 0,
        "generalAndAdministrativeExpenses": 173000000,
        "sellingAndMarketingExpenses": 242000000,
        "sellingGeneralAndAdministrativeExpenses": 415000000,
        "otherExpenses": 63000000,
        "operatingExpenses": 478000000,
        "costAndExpenses": 1223000000,
        "interestIncome": 0,
        "interestExpense": 34000000,
        "depreciationAndAmortization": 62000000,
        "ebitda": 402000000,
        "ebitdaratio": 0.2555626192,
        "operatingIncome": 350000000,
        "operatingIncomeRatio": 0.222504768,
        "totalOtherIncomeExpensesNet": -43000000,
        "incomeBeforeTax": 307000000,
        "incomeBeforeTaxRatio": 0.1951684679,
        "incomeTaxExpense": 110000000,
        "netIncome": 196000000,
        "netIncomeRatio": 0.1246026701,
        "eps": 1.8,
        "epsdiluted": 1.78,
        "weightedAverageShsOut": 109000000,
        "weightedAverageShsOutDil": 110000000,
        "link": "https://www.sec.gov/Archives/edgar/data/1361658/000136165816000044/0001361658-16-000044-index.html",
        "finalLink": "https://www.sec.gov/Archives/edgar/data/1361658/000136165816000044/wyn-2016930x10q.htm"
    },
    {
        "date": "2016-06-30",
        "symbol": "WYND",
        "reportedCurrency": "USD",
        "cik": "0001361658",
        "fillingDate": "2016-07-27",
        "acceptedDate": "2016-07-27 16:44:26",
        "calendarYear": "2016",
        "period": "Q2",
        "revenue": 1403000000,
        "costOfRevenue": 673000000,
        "grossProfit": 730000000,
        "grossProfitRatio": 0.5203136137,
        "researchAndDevelopmentExpenses": 0,
        "generalAndAdministrativeExpenses": 185000000,
        "sellingAndMarketingExpenses": 211000000,
        "sellingGeneralAndAdministrativeExpenses": 396000000,
        "otherExpenses": 63000000,
        "operatingExpenses": 459000000,
        "costAndExpenses": 1132000000,
        "interestIncome": 0,
        "interestExpense": 34000000,
        "depreciationAndAmortization": 63000000,
        "ebitda": 342000000,
        "ebitdaratio": 0.2437633642,
        "operatingIncome": 271000000,
        "operatingIncomeRatio": 0.1931575196,
        "totalOtherIncomeExpensesNet": -26000000,
        "incomeBeforeTax": 245000000,
        "incomeBeforeTaxRatio": 0.1746258019,
        "incomeTaxExpense": 89000000,
        "netIncome": 156000000,
        "netIncomeRatio": 0.1111903065,
        "eps": 1.41,
        "epsdiluted": 1.39,
        "weightedAverageShsOut": 111000000,
        "weightedAverageShsOutDil": 112000000,
        "link": "https://www.sec.gov/Archives/edgar/data/1361658/000136165816000040/0001361658-16-000040-index.html",
        "finalLink": "https://www.sec.gov/Archives/edgar/data/1361658/000136165816000040/wyn-2016630x10q.htm"
    },
    {
        "date": "2016-03-31",
        "symbol": "WYND",
        "reportedCurrency": "USD",
        "cik": "0001361658",
        "fillingDate": "2016-04-26",
        "acceptedDate": "2016-04-26 13:59:23",
        "calendarYear": "2016",
        "period": "Q1",
        "revenue": 1303000000,
        "costOfRevenue": 668000000,
        "grossProfit": 635000000,
        "grossProfitRatio": 0.4873369148,
        "researchAndDevelopmentExpenses": 0,
        "generalAndAdministrativeExpenses": 186000000,
        "sellingAndMarketingExpenses": 192000000,
        "sellingGeneralAndAdministrativeExpenses": 378000000,
        "otherExpenses": 62000000,
        "operatingExpenses": 440000000,
        "costAndExpenses": 1108000000,
        "interestIncome": 0,
        "interestExpense": 33000000,
        "depreciationAndAmortization": 62000000,
        "ebitda": 258000000,
        "ebitdaratio": 0.1980046048,
        "operatingIncome": 195000000,
        "operatingIncomeRatio": 0.1496546431,
        "totalOtherIncomeExpensesNet": -32000000,
        "incomeBeforeTax": 163000000,
        "incomeBeforeTaxRatio": 0.1250959325,
        "incomeTaxExpense": 67000000,
        "netIncome": 96000000,
        "netIncomeRatio": 0.073676132,
        "eps": 0.85,
        "epsdiluted": 0.84,
        "weightedAverageShsOut": 113000000,
        "weightedAverageShsOutDil": 114000000,
        "link": "https://www.sec.gov/Archives/edgar/data/1361658/000136165816000033/0001361658-16-000033-index.html",
        "finalLink": "https://www.sec.gov/Archives/edgar/data/1361658/000136165816000033/wyn-2016331x10q.htm"
    },
    {
        "date": "2015-12-31",
        "symbol": "WYND",
        "reportedCurrency": "USD",
        "cik": "0001361658",
        "fillingDate": "2016-02-12",
        "acceptedDate": "2016-02-12 13:21:20",
        "calendarYear": "2015",
        "period": "Q4",
        "revenue": 1312000000,
        "costOfRevenue": 657000000,
        "grossProfit": 655000000,
        "grossProfitRatio": 0.4992378049,
        "researchAndDevelopmentExpenses": 0,
        "generalAndAdministrativeExpenses": 199000000,
        "sellingAndMarketingExpenses": 189000000,
        "sellingGeneralAndAdministrativeExpenses": 388000000,
        "otherExpenses": 61000000,
        "operatingExpenses": 449000000,
        "costAndExpenses": 1106000000,
        "interestIncome": 0,
        "interestExpense": 36000000,
        "depreciationAndAmortization": 61000000,
        "ebitda": 277000000,
        "ebitdaratio": 0.2111280488,
        "operatingIncome": 206000000,
        "operatingIncomeRatio": 0.1570121951,
        "totalOtherIncomeExpensesNet": -26000000,
        "incomeBeforeTax": 180000000,
        "incomeBeforeTaxRatio": 0.137195122,
        "incomeTaxExpense": 39000000,
        "netIncome": 141000000,
        "netIncomeRatio": 0.1074695122,
        "eps": 1.23,
        "epsdiluted": 1.22,
        "weightedAverageShsOut": 115000000,
        "weightedAverageShsOutDil": 116000000,
        "link": "https://www.sec.gov/Archives/edgar/data/1361658/000136165816000028/0001361658-16-000028-index.html",
        "finalLink": "https://www.sec.gov/Archives/edgar/data/1361658/000136165816000028/wyn-20151231x10k.htm"
    },
    {
        "date": "2015-09-30",
        "symbol": "WYND",
        "reportedCurrency": "USD",
        "cik": "0001361658",
        "fillingDate": "2015-10-27",
        "acceptedDate": "2015-10-27 14:01:13",
        "calendarYear": "2015",
        "period": "Q3",
        "revenue": 1564000000,
        "costOfRevenue": 752000000,
        "grossProfit": 812000000,
        "grossProfitRatio": 0.5191815857,
        "researchAndDevelopmentExpenses": 0,
        "generalAndAdministrativeExpenses": 200000000,
        "sellingAndMarketingExpenses": 218000000,
        "sellingGeneralAndAdministrativeExpenses": 418000000,
        "otherExpenses": 59000000,
        "operatingExpenses": 477000000,
        "costAndExpenses": 1229000000,
        "interestIncome": 0,
        "interestExpense": 33000000,
        "depreciationAndAmortization": 59000000,
        "ebitda": 384000000,
        "ebitdaratio": 0.2455242967,
        "operatingIncome": 335000000,
        "operatingIncomeRatio": 0.2141943734,
        "totalOtherIncomeExpensesNet": -43000000,
        "incomeBeforeTax": 292000000,
        "incomeBeforeTaxRatio": 0.1867007673,
        "incomeTaxExpense": 102000000,
        "netIncome": 190000000,
        "netIncomeRatio": 0.121483376,
        "eps": 1.62,
        "epsdiluted": 1.61,
        "weightedAverageShsOut": 117000000,
        "weightedAverageShsOutDil": 118000000,
        "link": "https://www.sec.gov/Archives/edgar/data/1361658/000136165815000022/0001361658-15-000022-index.html",
        "finalLink": "https://www.sec.gov/Archives/edgar/data/1361658/000136165815000022/wyn-2015930x10q.htm"
    },
    {
        "date": "2015-06-30",
        "symbol": "WYND",
        "reportedCurrency": "USD",
        "cik": "0001361658",
        "fillingDate": "2015-07-28",
        "acceptedDate": "2015-07-28 12:08:03",
        "calendarYear": "2015",
        "period": "Q2",
        "revenue": 1398000000,
        "costOfRevenue": 676000000,
        "grossProfit": 722000000,
        "grossProfitRatio": 0.5164520744,
        "researchAndDevelopmentExpenses": 0,
        "generalAndAdministrativeExpenses": 182000000,
        "sellingAndMarketingExpenses": 211000000,
        "sellingGeneralAndAdministrativeExpenses": 393000000,
        "otherExpenses": 58000000,
        "operatingExpenses": 451000000,
        "costAndExpenses": 1127000000,
        "interestIncome": 0,
        "interestExpense": 30000000,
        "depreciationAndAmortization": 58000000,
        "ebitda": 334000000,
        "ebitdaratio": 0.2389127325,
        "operatingIncome": 271000000,
        "operatingIncomeRatio": 0.1938483548,
        "totalOtherIncomeExpensesNet": -25000000,
        "incomeBeforeTax": 246000000,
        "incomeBeforeTaxRatio": 0.1759656652,
        "incomeTaxExpense": 87000000,
        "netIncome": 159000000,
        "netIncomeRatio": 0.1137339056,
        "eps": 1.34,
        "epsdiluted": 1.33,
        "weightedAverageShsOut": 119000000,
        "weightedAverageShsOutDil": 120000000,
        "link": "https://www.sec.gov/Archives/edgar/data/1361658/000136165815000019/0001361658-15-000019-index.html",
        "finalLink": "https://www.sec.gov/Archives/edgar/data/1361658/000136165815000019/wyn-2015630x10q.htm"
    },
    {
        "date": "2015-03-31",
        "symbol": "WYND",
        "reportedCurrency": "USD",
        "cik": "0001361658",
        "fillingDate": "2015-04-28",
        "acceptedDate": "2015-04-28 12:22:11",
        "calendarYear": "2015",
        "period": "Q1",
        "revenue": 1262000000,
        "costOfRevenue": 615000000,
        "grossProfit": 647000000,
        "grossProfitRatio": 0.5126782884,
        "researchAndDevelopmentExpenses": 0,
        "generalAndAdministrativeExpenses": 181000000,
        "sellingAndMarketingExpenses": 195000000,
        "sellingGeneralAndAdministrativeExpenses": 376000000,
        "otherExpenses": 56000000,
        "operatingExpenses": 432000000,
        "costAndExpenses": 1047000000,
        "interestIncome": 0,
        "interestExpense": 26000000,
        "depreciationAndAmortization": 56000000,
        "ebitda": 280000000,
        "ebitdaratio": 0.2218700475,
        "operatingIncome": 215000000,
        "operatingIncomeRatio": 0.1703645008,
        "totalOtherIncomeExpensesNet": -17000000,
        "incomeBeforeTax": 198000000,
        "incomeBeforeTaxRatio": 0.1568938193,
        "incomeTaxExpense": 76000000,
        "netIncome": 122000000,
        "netIncomeRatio": 0.0966719493,
        "eps": 1.01,
        "epsdiluted": 1,
        "weightedAverageShsOut": 121000000,
        "weightedAverageShsOutDil": 122000000,
        "link": "https://www.sec.gov/Archives/edgar/data/1361658/000136165815000008/0001361658-15-000008-index.html",
        "finalLink": "https://www.sec.gov/Archives/edgar/data/1361658/000136165815000008/wyn-2015331x10q.htm"
    },
    {
        "date": "2014-12-31",
        "symbol": "WYND",
        "reportedCurrency": "USD",
        "cik": "0001361658",
        "fillingDate": "2015-02-13",
        "acceptedDate": "2015-02-13 11:57:52",
        "calendarYear": "2014",
        "period": "Q4",
        "revenue": 1231000000,
        "costOfRevenue": 602000000,
        "grossProfit": 629000000,
        "grossProfitRatio": 0.5109666937,
        "researchAndDevelopmentExpenses": 0,
        "generalAndAdministrativeExpenses": 191000000,
        "sellingAndMarketingExpenses": 188000000,
        "sellingGeneralAndAdministrativeExpenses": 379000000,
        "otherExpenses": 58000000,
        "operatingExpenses": 437000000,
        "costAndExpenses": 1039000000,
        "interestIncome": 0,
        "interestExpense": 29000000,
        "depreciationAndAmortization": 58000000,
        "ebitda": 219000000,
        "ebitdaratio": 0.177904143,
        "operatingIncome": 192000000,
        "operatingIncomeRatio": 0.1559707555,
        "totalOtherIncomeExpensesNet": -61000000,
        "incomeBeforeTax": 131000000,
        "incomeBeforeTaxRatio": 0.1064175467,
        "incomeTaxExpense": 51000000,
        "netIncome": 81000000,
        "netIncomeRatio": 0.0658001625,
        "eps": 0.66,
        "epsdiluted": 0.65,
        "weightedAverageShsOut": 122000000,
        "weightedAverageShsOutDil": 124000000,
        "link": "https://www.sec.gov/Archives/edgar/data/1361658/000136165815000004/0001361658-15-000004-index.htm",
        "finalLink": "https://www.sec.gov/Archives/edgar/data/1361658/000136165815000004/wyn-20141231x10k.htm"
    },
    {
        "date": "2014-09-30",
        "symbol": "WYND",
        "reportedCurrency": "USD",
        "cik": "0001361658",
        "fillingDate": "2014-10-24",
        "acceptedDate": "2014-10-24 13:24:13",
        "calendarYear": "2014",
        "period": "Q3",
        "revenue": 1514000000,
        "costOfRevenue": 680000000,
        "grossProfit": 834000000,
        "grossProfitRatio": 0.5508586526,
        "researchAndDevelopmentExpenses": 0,
        "generalAndAdministrativeExpenses": 188000000,
        "sellingAndMarketingExpenses": 227000000,
        "sellingGeneralAndAdministrativeExpenses": 415000000,
        "otherExpenses": 60000000,
        "operatingExpenses": 475000000,
        "costAndExpenses": 1155000000,
        "interestIncome": 0,
        "interestExpense": 28000000,
        "depreciationAndAmortization": 60000000,
        "ebitda": 413000000,
        "ebitdaratio": 0.2727873184,
        "operatingIncome": 359000000,
        "operatingIncomeRatio": 0.2371202114,
        "totalOtherIncomeExpensesNet": -34000000,
        "incomeBeforeTax": 325000000,
        "incomeBeforeTaxRatio": 0.214663144,
        "incomeTaxExpense": 119000000,
        "netIncome": 206000000,
        "netIncomeRatio": 0.1360634082,
        "eps": 1.66,
        "epsdiluted": 1.63,
        "weightedAverageShsOut": 124000000,
        "weightedAverageShsOutDil": 126000000,
        "link": "https://www.sec.gov/Archives/edgar/data/1361658/000136165814000020/0001361658-14-000020-index.html",
        "finalLink": "https://www.sec.gov/Archives/edgar/data/1361658/000136165814000020/wyn-2014930x10q.htm"
    },
    {
        "date": "2014-06-30",
        "symbol": "WYND",
        "reportedCurrency": "USD",
        "cik": "0001361658",
        "fillingDate": "2014-07-24",
        "acceptedDate": "2014-07-24 13:14:25",
        "calendarYear": "2014",
        "period": "Q2",
        "revenue": 1343000000,
        "costOfRevenue": 631000000,
        "grossProfit": 712000000,
        "grossProfitRatio": 0.5301563663,
        "researchAndDevelopmentExpenses": 0,
        "generalAndAdministrativeExpenses": 181000000,
        "sellingAndMarketingExpenses": 206000000,
        "sellingGeneralAndAdministrativeExpenses": 387000000,
        "otherExpenses": 59000000,
        "operatingExpenses": 446000000,
        "costAndExpenses": 1077000000,
        "interestIncome": 0,
        "interestExpense": 29000000,
        "depreciationAndAmortization": 59000000,
        "ebitda": 329000000,
        "ebitdaratio": 0.2449739389,
        "operatingIncome": 266000000,
        "operatingIncomeRatio": 0.1980640357,
        "totalOtherIncomeExpensesNet": -25000000,
        "incomeBeforeTax": 241000000,
        "incomeBeforeTaxRatio": 0.1794489948,
        "incomeTaxExpense": 88000000,
        "netIncome": 153000000,
        "netIncomeRatio": 0.1139240506,
        "eps": 1.2,
        "epsdiluted": 1.2,
        "weightedAverageShsOut": 127000000,
        "weightedAverageShsOutDil": 128000000,
        "link": "https://www.sec.gov/Archives/edgar/data/1361658/000136165814000017/0001361658-14-000017-index.html",
        "finalLink": "https://www.sec.gov/Archives/edgar/data/1361658/000136165814000017/wyn-2014630x10q.htm"
    },
    {
        "date": "2014-03-31",
        "symbol": "WYND",
        "reportedCurrency": "USD",
        "cik": "0001361658",
        "fillingDate": "2014-04-24",
        "acceptedDate": "2014-04-24 11:49:06",
        "calendarYear": "2014",
        "period": "Q1",
        "revenue": 1193000000,
        "costOfRevenue": 590000000,
        "grossProfit": 603000000,
        "grossProfitRatio": 0.5054484493,
        "researchAndDevelopmentExpenses": 0,
        "generalAndAdministrativeExpenses": 195000000,
        "sellingAndMarketingExpenses": 181000000,
        "sellingGeneralAndAdministrativeExpenses": 376000000,
        "otherExpenses": 56000000,
        "operatingExpenses": 432000000,
        "costAndExpenses": 1022000000,
        "interestIncome": 0,
        "interestExpense": 27000000,
        "depreciationAndAmortization": 56000000,
        "ebitda": 232000000,
        "ebitdaratio": 0.1944677284,
        "operatingIncome": 171000000,
        "operatingIncomeRatio": 0.1433361274,
        "totalOtherIncomeExpensesNet": -22000000,
        "incomeBeforeTax": 149000000,
        "incomeBeforeTaxRatio": 0.1248952221,
        "incomeTaxExpense": 59000000,
        "netIncome": 90000000,
        "netIncomeRatio": 0.0754400671,
        "eps": 0.7,
        "epsdiluted": 0.69,
        "weightedAverageShsOut": 128000000,
        "weightedAverageShsOutDil": 130000000,
        "link": "https://www.sec.gov/Archives/edgar/data/1361658/000136165814000009/0001361658-14-000009-index.html",
        "finalLink": "https://www.sec.gov/Archives/edgar/data/1361658/000136165814000009/wyn-2014331x10q.htm"
    },
    {
        "date": "2013-12-31",
        "symbol": "WYND",
        "reportedCurrency": "USD",
        "cik": "0001361658",
        "fillingDate": "2014-02-14",
        "acceptedDate": "2014-02-14 14:39:32",
        "calendarYear": "2013",
        "period": "Q4",
        "revenue": 1195000000,
        "costOfRevenue": 582000000,
        "grossProfit": 613000000,
        "grossProfitRatio": 0.5129707113,
        "researchAndDevelopmentExpenses": 0,
        "generalAndAdministrativeExpenses": 192000000,
        "sellingAndMarketingExpenses": 181000000,
        "sellingGeneralAndAdministrativeExpenses": 373000000,
        "otherExpenses": 56000000,
        "operatingExpenses": 429000000,
        "costAndExpenses": 1011000000,
        "interestIncome": 0,
        "interestExpense": 34000000,
        "depreciationAndAmortization": 56000000,
        "ebitda": 225000000,
        "ebitdaratio": 0.1882845188,
        "operatingIncome": 184000000,
        "operatingIncomeRatio": 0.1539748954,
        "totalOtherIncomeExpensesNet": -49000000,
        "incomeBeforeTax": 135000000,
        "incomeBeforeTaxRatio": 0.1129707113,
        "incomeTaxExpense": 49000000,
        "netIncome": 86000000,
        "netIncomeRatio": 0.0719665272,
        "eps": 0.67,
        "epsdiluted": 0.66,
        "weightedAverageShsOut": 129000000,
        "weightedAverageShsOutDil": 131000000,
        "link": "https://www.sec.gov/Archives/edgar/data/1361658/000136165814000005/0001361658-14-000005-index.htm",
        "finalLink": "https://www.sec.gov/Archives/edgar/data/1361658/000136165814000005/wyn-20131231x10k.htm"
    },
    {
        "date": "2013-09-30",
        "symbol": "WYND",
        "reportedCurrency": "USD",
        "cik": "0001361658",
        "fillingDate": "2013-10-23",
        "acceptedDate": "2013-10-23 13:21:12",
        "calendarYear": "2013",
        "period": "Q3",
        "revenue": 1427000000,
        "costOfRevenue": 651000000,
        "grossProfit": 776000000,
        "grossProfitRatio": 0.543798178,
        "researchAndDevelopmentExpenses": 0,
        "generalAndAdministrativeExpenses": 186000000,
        "sellingAndMarketingExpenses": 213000000,
        "sellingGeneralAndAdministrativeExpenses": 399000000,
        "otherExpenses": 54000000,
        "operatingExpenses": 453000000,
        "costAndExpenses": 1104000000,
        "interestIncome": 0,
        "interestExpense": 31000000,
        "depreciationAndAmortization": 54000000,
        "ebitda": 381000000,
        "ebitdaratio": 0.2669936931,
        "operatingIncome": 323000000,
        "operatingIncomeRatio": 0.2263489839,
        "totalOtherIncomeExpensesNet": -27000000,
        "incomeBeforeTax": 296000000,
        "incomeBeforeTaxRatio": 0.207428171,
        "incomeTaxExpense": 109000000,
        "netIncome": 187000000,
        "netIncomeRatio": 0.1310441486,
        "eps": 1.43,
        "epsdiluted": 1.41,
        "weightedAverageShsOut": 131000000,
        "weightedAverageShsOutDil": 133000000,
        "link": "https://www.sec.gov/Archives/edgar/data/1361658/000136165813000023/0001361658-13-000023-index.html",
        "finalLink": "https://www.sec.gov/Archives/edgar/data/1361658/000136165813000023/wyn-2013930x10q.htm"
    },
    {
        "date": "2013-06-30",
        "symbol": "WYND",
        "reportedCurrency": "USD",
        "cik": "0001361658",
        "fillingDate": "2013-07-24",
        "acceptedDate": "2013-07-24 13:03:34",
        "calendarYear": "2013",
        "period": "Q2",
        "revenue": 1253000000,
        "costOfRevenue": 600000000,
        "grossProfit": 653000000,
        "grossProfitRatio": 0.5211492418,
        "researchAndDevelopmentExpenses": 0,
        "generalAndAdministrativeExpenses": 177000000,
        "sellingAndMarketingExpenses": 181000000,
        "sellingGeneralAndAdministrativeExpenses": 358000000,
        "otherExpenses": 54000000,
        "operatingExpenses": 412000000,
        "costAndExpenses": 1012000000,
        "interestIncome": 0,
        "interestExpense": 34000000,
        "depreciationAndAmortization": 54000000,
        "ebitda": 299000000,
        "ebitdaratio": 0.2386272945,
        "operatingIncome": 241000000,
        "operatingIncomeRatio": 0.1923383879,
        "totalOtherIncomeExpensesNet": -30000000,
        "incomeBeforeTax": 211000000,
        "incomeBeforeTaxRatio": 0.16839585,
        "incomeTaxExpense": 78000000,
        "netIncome": 133000000,
        "netIncomeRatio": 0.1061452514,
        "eps": 0.99,
        "epsdiluted": 0.98,
        "weightedAverageShsOut": 135000000,
        "weightedAverageShsOutDil": 136000000,
        "link": "https://www.sec.gov/Archives/edgar/data/1361658/000136165813000018/0001361658-13-000018-index.html",
        "finalLink": "https://www.sec.gov/Archives/edgar/data/1361658/000136165813000018/wyn-2013630x10q.htm"
    },
    {
        "date": "2013-03-31",
        "symbol": "WYND",
        "reportedCurrency": "USD",
        "cik": "0001361658",
        "fillingDate": "2013-04-24",
        "acceptedDate": "2013-04-24 11:24:39",
        "calendarYear": "2013",
        "period": "Q1",
        "revenue": 1133000000,
        "costOfRevenue": 559000000,
        "grossProfit": 574000000,
        "grossProfitRatio": 0.506619594,
        "researchAndDevelopmentExpenses": 0,
        "generalAndAdministrativeExpenses": 164000000,
        "sellingAndMarketingExpenses": 177000000,
        "sellingGeneralAndAdministrativeExpenses": 341000000,
        "otherExpenses": 52000000,
        "operatingExpenses": 393000000,
        "costAndExpenses": 952000000,
        "interestIncome": 0,
        "interestExpense": 32000000,
        "depreciationAndAmortization": 52000000,
        "ebitda": 125000000,
        "ebitdaratio": 0.1103265666,
        "operatingIncome": 181000000,
        "operatingIncomeRatio": 0.1597528685,
        "totalOtherIncomeExpensesNet": -140000000,
        "incomeBeforeTax": 41000000,
        "incomeBeforeTaxRatio": 0.0361871139,
        "incomeTaxExpense": 14000000,
        "netIncome": 27000000,
        "netIncomeRatio": 0.0238305384,
        "eps": 0.2,
        "epsdiluted": 0.2,
        "weightedAverageShsOut": 137000000,
        "weightedAverageShsOutDil": 138000000,
        "link": "https://www.sec.gov/Archives/edgar/data/1361658/000136165813000007/0001361658-13-000007-index.html",
        "finalLink": "https://www.sec.gov/Archives/edgar/data/1361658/000136165813000007/wyn-2013331x10q.htm"
    },
    {
        "date": "2012-12-31",
        "symbol": "WYND",
        "reportedCurrency": "USD",
        "cik": "0001361658",
        "fillingDate": "2013-02-15",
        "acceptedDate": "2013-02-15 11:38:21",
        "calendarYear": "2012",
        "period": "Q4",
        "revenue": 1094000000,
        "costOfRevenue": 520000000,
        "grossProfit": 574000000,
        "grossProfitRatio": 0.5246800731,
        "researchAndDevelopmentExpenses": 0,
        "generalAndAdministrativeExpenses": 185000000,
        "sellingAndMarketingExpenses": 169000000,
        "sellingGeneralAndAdministrativeExpenses": 354000000,
        "otherExpenses": 49000000,
        "operatingExpenses": 403000000,
        "costAndExpenses": 923000000,
        "interestIncome": 0,
        "interestExpense": 34000000,
        "depreciationAndAmortization": 49000000,
        "ebitda": 205000000,
        "ebitdaratio": 0.1873857404,
        "operatingIncome": 171000000,
        "operatingIncomeRatio": 0.1563071298,
        "totalOtherIncomeExpensesNet": -49000000,
        "incomeBeforeTax": 122000000,
        "incomeBeforeTaxRatio": 0.1115173675,
        "incomeTaxExpense": 42000000,
        "netIncome": 80000000,
        "netIncomeRatio": 0.0731261426,
        "eps": 0.58,
        "epsdiluted": 0.57,
        "weightedAverageShsOut": 139000000,
        "weightedAverageShsOutDil": 141000000,
        "link": "https://www.sec.gov/Archives/edgar/data/1361658/000136165813000004/0001361658-13-000004-index.html",
        "finalLink": "https://www.sec.gov/Archives/edgar/data/1361658/000136165813000004/wyn-20121231x10k.htm"
    },
    {
        "date": "2012-09-30",
        "symbol": "WYND",
        "reportedCurrency": "USD",
        "cik": "0001361658",
        "fillingDate": "2012-10-24",
        "acceptedDate": "2012-10-24 10:06:01",
        "calendarYear": "2012",
        "period": "Q3",
        "revenue": 1265000000,
        "costOfRevenue": 563000000,
        "grossProfit": 702000000,
        "grossProfitRatio": 0.5549407115,
        "researchAndDevelopmentExpenses": 0,
        "generalAndAdministrativeExpenses": 172000000,
        "sellingAndMarketingExpenses": 197000000,
        "sellingGeneralAndAdministrativeExpenses": 369000000,
        "otherExpenses": 45000000,
        "operatingExpenses": 414000000,
        "costAndExpenses": 977000000,
        "interestIncome": 0,
        "interestExpense": 32000000,
        "depreciationAndAmortization": 45000000,
        "ebitda": 333000000,
        "ebitdaratio": 0.2632411067,
        "operatingIncome": 288000000,
        "operatingIncomeRatio": 0.2276679842,
        "totalOtherIncomeExpensesNet": -32000000,
        "incomeBeforeTax": 256000000,
        "incomeBeforeTaxRatio": 0.2023715415,
        "incomeTaxExpense": 97000000,
        "netIncome": 159000000,
        "netIncomeRatio": 0.1256916996,
        "eps": 1.13,
        "epsdiluted": 1.1,
        "weightedAverageShsOut": 141000000,
        "weightedAverageShsOutDil": 144000000,
        "link": "https://www.sec.gov/Archives/edgar/data/1361658/000136165812000010/0001361658-12-000010-index.html",
        "finalLink": "https://www.sec.gov/Archives/edgar/data/1361658/000136165812000010/wyn-2012930x10q.htm"
    },
    {
        "date": "2012-06-30",
        "symbol": "WYND",
        "reportedCurrency": "USD",
        "cik": "0001361658",
        "fillingDate": "2012-07-25",
        "acceptedDate": "2012-07-25 10:29:23",
        "calendarYear": "2012",
        "period": "Q2",
        "revenue": 1139000000,
        "costOfRevenue": 516000000,
        "grossProfit": 623000000,
        "grossProfitRatio": 0.5469710272,
        "researchAndDevelopmentExpenses": 0,
        "generalAndAdministrativeExpenses": 156000000,
        "sellingAndMarketingExpenses": 190000000,
        "sellingGeneralAndAdministrativeExpenses": 346000000,
        "otherExpenses": 46000000,
        "operatingExpenses": 392000000,
        "costAndExpenses": 908000000,
        "interestIncome": 0,
        "interestExpense": 32000000,
        "depreciationAndAmortization": 46000000,
        "ebitda": 284000000,
        "ebitdaratio": 0.2493415277,
        "operatingIncome": 231000000,
        "operatingIncomeRatio": 0.202809482,
        "totalOtherIncomeExpensesNet": -25000000,
        "incomeBeforeTax": 206000000,
        "incomeBeforeTaxRatio": 0.1808604039,
        "incomeTaxExpense": 78000000,
        "netIncome": 128000000,
        "netIncomeRatio": 0.1123792801,
        "eps": 0.89,
        "epsdiluted": 0.87,
        "weightedAverageShsOut": 144000000,
        "weightedAverageShsOutDil": 147000000,
        "link": "https://www.sec.gov/Archives/edgar/data/1361658/000136165812000005/0001361658-12-000005-index.html",
        "finalLink": "https://www.sec.gov/Archives/edgar/data/1361658/000136165812000005/wyn-2012630x10q.htm"
    },
    {
        "date": "2012-03-31",
        "symbol": "WYND",
        "reportedCurrency": "USD",
        "cik": "0001361658",
        "fillingDate": "2012-04-25",
        "acceptedDate": "2012-04-25 10:53:45",
        "calendarYear": "2012",
        "period": "Q1",
        "revenue": 1036000000,
        "costOfRevenue": 493000000,
        "grossProfit": 543000000,
        "grossProfitRatio": 0.5241312741,
        "researchAndDevelopmentExpenses": 0,
        "generalAndAdministrativeExpenses": 153000000,
        "sellingAndMarketingExpenses": 167000000,
        "sellingGeneralAndAdministrativeExpenses": 320000000,
        "otherExpenses": 45000000,
        "operatingExpenses": 365000000,
        "costAndExpenses": 858000000,
        "interestIncome": 0,
        "interestExpense": 33000000,
        "depreciationAndAmortization": 45000000,
        "ebitda": 123000000,
        "ebitdaratio": 0.1187258687,
        "operatingIncome": 178000000,
        "operatingIncomeRatio": 0.1718146718,
        "totalOtherIncomeExpensesNet": -134000000,
        "incomeBeforeTax": 44000000,
        "incomeBeforeTaxRatio": 0.0424710425,
        "incomeTaxExpense": 13000000,
        "netIncome": 32000000,
        "netIncomeRatio": 0.0308880309,
        "eps": 0.22,
        "epsdiluted": 0.21,
        "weightedAverageShsOut": 146000000,
        "weightedAverageShsOutDil": 149000000,
        "link": "https://www.sec.gov/Archives/edgar/data/1361658/000119312512067329/0001193125-12-067329-index.htm",
        "finalLink": "https://www.sec.gov/Archives/edgar/data/1361658/000119312512067329/d296281d10k.htm"
    },
    {
        "date": "2011-12-31",
        "symbol": "WYND",
        "reportedCurrency": "USD",
        "cik": "0001361658",
        "fillingDate": "2012-02-17",
        "acceptedDate": "2012-02-17 15:35:17",
        "calendarYear": "2011",
        "period": "Q4",
        "revenue": 1001000000,
        "costOfRevenue": 485000000,
        "grossProfit": 516000000,
        "grossProfitRatio": 0.5154845155,
        "researchAndDevelopmentExpenses": 0,
        "generalAndAdministrativeExpenses": 171000000,
        "sellingAndMarketingExpenses": 156000000,
        "sellingGeneralAndAdministrativeExpenses": 327000000,
        "otherExpenses": 45000000,
        "operatingExpenses": 372000000,
        "costAndExpenses": 857000000,
        "interestIncome": 0,
        "interestExpense": 37000000,
        "depreciationAndAmortization": 45000000,
        "ebitda": 149000000,
        "ebitdaratio": 0.1488511489,
        "operatingIncome": 144000000,
        "operatingIncomeRatio": 0.1438561439,
        "totalOtherIncomeExpensesNet": -77000000,
        "incomeBeforeTax": 67000000,
        "incomeBeforeTaxRatio": 0.0669330669,
        "incomeTaxExpense": 11000000,
        "netIncome": 56000000,
        "netIncomeRatio": 0.0559440559,
        "eps": 0.38,
        "epsdiluted": 0.38,
        "weightedAverageShsOut": 146000000,
        "weightedAverageShsOutDil": 146000000,
        "link": "https://www.sec.gov/Archives/edgar/data/1361658/000119312512067329/0001193125-12-067329-index.html",
        "finalLink": "https://www.sec.gov/Archives/edgar/data/1361658/000119312512067329/d296281d10k.htm"
    },
    {
        "date": "2011-09-30",
        "symbol": "WYND",
        "reportedCurrency": "USD",
        "cik": "0001361658",
        "fillingDate": "2011-10-26",
        "acceptedDate": "2011-10-26 12:09:49",
        "calendarYear": "2011",
        "period": "Q3",
        "revenue": 1212000000,
        "costOfRevenue": 546000000,
        "grossProfit": 666000000,
        "grossProfitRatio": 0.5495049505,
        "researchAndDevelopmentExpenses": 0,
        "generalAndAdministrativeExpenses": 157000000,
        "sellingAndMarketingExpenses": 182000000,
        "sellingGeneralAndAdministrativeExpenses": 339000000,
        "otherExpenses": 43000000,
        "operatingExpenses": 382000000,
        "costAndExpenses": 928000000,
        "interestIncome": 0,
        "interestExpense": 34000000,
        "depreciationAndAmortization": 43000000,
        "ebitda": 348000000,
        "ebitdaratio": 0.2871287129,
        "operatingIncome": 284000000,
        "operatingIncomeRatio": 0.2343234323,
        "totalOtherIncomeExpensesNet": -13000000,
        "incomeBeforeTax": 271000000,
        "incomeBeforeTaxRatio": 0.2235973597,
        "incomeTaxExpense": 96000000,
        "netIncome": 175000000,
        "netIncomeRatio": 0.1443894389,
        "eps": 1.1,
        "epsdiluted": 1.08,
        "weightedAverageShsOut": 159000000,
        "weightedAverageShsOutDil": 162000000,
        "link": "https://www.sec.gov/Archives/edgar/data/1361658/000095012311091978/0000950123-11-091978-index.html",
        "finalLink": "https://www.sec.gov/Archives/edgar/data/1361658/000095012311091978/y92657e10vq.htm"
    },
    {
        "date": "2011-06-30",
        "symbol": "WYND",
        "reportedCurrency": "USD",
        "cik": "0001361658",
        "fillingDate": "2011-08-01",
        "acceptedDate": "2011-08-01 12:29:03",
        "calendarYear": "2011",
        "period": "Q2",
        "revenue": 1090000000,
        "costOfRevenue": 529000000,
        "grossProfit": 561000000,
        "grossProfitRatio": 0.5146788991,
        "researchAndDevelopmentExpenses": 0,
        "generalAndAdministrativeExpenses": 126000000,
        "sellingAndMarketingExpenses": 153000000,
        "sellingGeneralAndAdministrativeExpenses": 279000000,
        "otherExpenses": 45000000,
        "operatingExpenses": 324000000,
        "costAndExpenses": 853000000,
        "interestIncome": 0,
        "interestExpense": 37000000,
        "depreciationAndAmortization": 45000000,
        "ebitda": 278000000,
        "ebitdaratio": 0.2550458716,
        "operatingIncome": 237000000,
        "operatingIncomeRatio": 0.2174311927,
        "totalOtherIncomeExpensesNet": -41000000,
        "incomeBeforeTax": 196000000,
        "incomeBeforeTaxRatio": 0.1798165138,
        "incomeTaxExpense": 82000000,
        "netIncome": 114000000,
        "netIncomeRatio": 0.104587156,
        "eps": 0.68,
        "epsdiluted": 0.67,
        "weightedAverageShsOut": 167000000,
        "weightedAverageShsOutDil": 170000000,
        "link": "https://www.sec.gov/Archives/edgar/data/1361658/000095012311070922/0000950123-11-070922-index.html",
        "finalLink": "https://www.sec.gov/Archives/edgar/data/1361658/000095012311070922/y92113e10vq.htm"
    },
    {
        "date": "2011-03-31",
        "symbol": "WYND",
        "reportedCurrency": "USD",
        "cik": "0001361658",
        "fillingDate": "2011-04-29",
        "acceptedDate": "2011-04-29 11:42:57",
        "calendarYear": "2011",
        "period": "Q1",
        "revenue": 952000000,
        "costOfRevenue": 466000000,
        "grossProfit": 486000000,
        "grossProfitRatio": 0.5105042017,
        "researchAndDevelopmentExpenses": 0,
        "generalAndAdministrativeExpenses": 139000000,
        "sellingAndMarketingExpenses": 137000000,
        "sellingGeneralAndAdministrativeExpenses": 276000000,
        "otherExpenses": 45000000,
        "operatingExpenses": 321000000,
        "costAndExpenses": 787000000,
        "interestIncome": 0,
        "interestExpense": 44000000,
        "depreciationAndAmortization": 45000000,
        "ebitda": 205000000,
        "ebitdaratio": 0.2153361345,
        "operatingIncome": 165000000,
        "operatingIncomeRatio": 0.1733193277,
        "totalOtherIncomeExpensesNet": -49000000,
        "incomeBeforeTax": 116000000,
        "incomeBeforeTaxRatio": 0.1218487395,
        "incomeTaxExpense": 44000000,
        "netIncome": 72000000,
        "netIncomeRatio": 0.0756302521,
        "eps": 0.42,
        "epsdiluted": 0.4,
        "weightedAverageShsOut": 173000000,
        "weightedAverageShsOutDil": 179000000,
        "link": "",
        "finalLink": ""
    },
    {
        "date": "2010-12-31",
        "symbol": "WYND",
        "reportedCurrency": "USD",
        "cik": "0001361658",
        "fillingDate": "2011-02-22",
        "acceptedDate": "2011-02-22 12:39:47",
        "calendarYear": "2010",
        "period": "Q4",
        "revenue": 937000000,
        "costOfRevenue": 479000000,
        "grossProfit": 458000000,
        "grossProfitRatio": 0.4887940235,
        "researchAndDevelopmentExpenses": 0,
        "generalAndAdministrativeExpenses": 146000000,
        "sellingAndMarketingExpenses": 121000000,
        "sellingGeneralAndAdministrativeExpenses": 267000000,
        "otherExpenses": 45000000,
        "operatingExpenses": 312000000,
        "costAndExpenses": 791000000,
        "interestIncome": 0,
        "interestExpense": 34000000,
        "depreciationAndAmortization": 45000000,
        "ebitda": 185000000,
        "ebitdaratio": 0.1974386339,
        "operatingIncome": 146000000,
        "operatingIncomeRatio": 0.1558164354,
        "totalOtherIncomeExpensesNet": -40000000,
        "incomeBeforeTax": 106000000,
        "incomeBeforeTaxRatio": 0.1131270011,
        "incomeTaxExpense": 27000000,
        "netIncome": 79000000,
        "netIncomeRatio": 0.0843116329,
        "eps": 0.46,
        "epsdiluted": 0.46,
        "weightedAverageShsOut": 173000000,
        "weightedAverageShsOutDil": 173000000,
        "link": "https://www.sec.gov/Archives/edgar/data/1361658/000095012311016350/0000950123-11-016350-index.htm",
        "finalLink": "https://www.sec.gov/Archives/edgar/data/1361658/000095012311016350/y89698e10vk.htm"
    },
    {
        "date": "2010-09-30",
        "symbol": "WYND",
        "reportedCurrency": "USD",
        "cik": "0001361658",
        "fillingDate": "2010-10-28",
        "acceptedDate": "2010-10-28 17:16:47",
        "calendarYear": "2010",
        "period": "Q3",
        "revenue": 1065000000,
        "costOfRevenue": 489000000,
        "grossProfit": 576000000,
        "grossProfitRatio": 0.5408450704,
        "researchAndDevelopmentExpenses": 0,
        "generalAndAdministrativeExpenses": 101000000,
        "sellingAndMarketingExpenses": 149000000,
        "sellingGeneralAndAdministrativeExpenses": 250000000,
        "otherExpenses": 43000000,
        "operatingExpenses": 293000000,
        "costAndExpenses": 782000000,
        "interestIncome": 0,
        "interestExpense": 47000000,
        "depreciationAndAmortization": 43000000,
        "ebitda": 325000000,
        "ebitdaratio": 0.3051643192,
        "operatingIncome": 283000000,
        "operatingIncomeRatio": 0.2657276995,
        "totalOtherIncomeExpensesNet": -48000000,
        "incomeBeforeTax": 235000000,
        "incomeBeforeTaxRatio": 0.220657277,
        "incomeTaxExpense": 79000000,
        "netIncome": 156000000,
        "netIncomeRatio": 0.1464788732,
        "eps": 0.88,
        "epsdiluted": 0.85,
        "weightedAverageShsOut": 177000000,
        "weightedAverageShsOutDil": 184000000,
        "link": "https://www.sec.gov/Archives/edgar/data/1361658/000095012310097538/0000950123-10-097538-index.html",
        "finalLink": "https://www.sec.gov/Archives/edgar/data/1361658/000095012310097538/y87418e10vq.htm"
    },
    {
        "date": "2010-06-30",
        "symbol": "WYND",
        "reportedCurrency": "USD",
        "cik": "0001361658",
        "fillingDate": "2010-07-30",
        "acceptedDate": "2010-07-30 12:40:11",
        "calendarYear": "2010",
        "period": "Q2",
        "revenue": 963000000,
        "costOfRevenue": 465000000,
        "grossProfit": 498000000,
        "grossProfitRatio": 0.5171339564,
        "researchAndDevelopmentExpenses": 0,
        "generalAndAdministrativeExpenses": 146000000,
        "sellingAndMarketingExpenses": 138000000,
        "sellingGeneralAndAdministrativeExpenses": 284000000,
        "otherExpenses": 42000000,
        "operatingExpenses": 326000000,
        "costAndExpenses": 791000000,
        "interestIncome": 0,
        "interestExpense": 36000000,
        "depreciationAndAmortization": 41000000,
        "ebitda": 218000000,
        "ebitdaratio": 0.2263759086,
        "operatingIncome": 172000000,
        "operatingIncomeRatio": 0.1786085151,
        "totalOtherIncomeExpensesNet": -31000000,
        "incomeBeforeTax": 141000000,
        "incomeBeforeTaxRatio": 0.1464174455,
        "incomeTaxExpense": 46000000,
        "netIncome": 95000000,
        "netIncomeRatio": 0.0986500519,
        "eps": 0.53,
        "epsdiluted": 0.51,
        "weightedAverageShsOut": 180000000,
        "weightedAverageShsOutDil": 187000000,
        "link": "https://www.sec.gov/Archives/edgar/data/1361658/000095012310070354/0000950123-10-070354-index.html",
        "finalLink": "https://www.sec.gov/Archives/edgar/data/1361658/000095012310070354/y85860e10vq.htm"
    },
    {
        "date": "2010-03-31",
        "symbol": "WYND",
        "reportedCurrency": "USD",
        "cik": "0001361658",
        "fillingDate": "2010-04-30",
        "acceptedDate": "2010-04-30 15:17:04",
        "calendarYear": "2010",
        "period": "Q1",
        "revenue": 886000000,
        "costOfRevenue": 441000000,
        "grossProfit": 445000000,
        "grossProfitRatio": 0.5022573363,
        "researchAndDevelopmentExpenses": 0,
        "generalAndAdministrativeExpenses": 148000000,
        "sellingAndMarketingExpenses": 123000000,
        "sellingGeneralAndAdministrativeExpenses": 271000000,
        "otherExpenses": 44000000,
        "operatingExpenses": 315000000,
        "costAndExpenses": 756000000,
        "interestIncome": 0,
        "interestExpense": 50000000,
        "depreciationAndAmortization": 44000000,
        "ebitda": 176000000,
        "ebitdaratio": 0.1986455982,
        "operatingIncome": 130000000,
        "operatingIncomeRatio": 0.1467268623,
        "totalOtherIncomeExpensesNet": -48000000,
        "incomeBeforeTax": 82000000,
        "incomeBeforeTaxRatio": 0.0925507901,
        "incomeTaxExpense": 32000000,
        "netIncome": 50000000,
        "netIncomeRatio": 0.0564334086,
        "eps": 0.28,
        "epsdiluted": 0.27,
        "weightedAverageShsOut": 179000000,
        "weightedAverageShsOutDil": 186000000,
        "link": "https://www.sec.gov/Archives/edgar/data/1361658/000095012310041715/0000950123-10-041715-index.html",
        "finalLink": "https://www.sec.gov/Archives/edgar/data/1361658/000095012310041715/y84238e10vq.htm"
    },
    {
        "date": "2009-12-31",
        "symbol": "WYND",
        "reportedCurrency": "USD",
        "cik": "0001361658",
        "fillingDate": "2010-02-19",
        "acceptedDate": "2010-02-19 15:34:19",
        "calendarYear": "2009",
        "period": "Q4",
        "revenue": 913000000,
        "costOfRevenue": 432000000,
        "grossProfit": 481000000,
        "grossProfitRatio": 0.5268346112,
        "researchAndDevelopmentExpenses": 0,
        "generalAndAdministrativeExpenses": 135000000,
        "sellingAndMarketingExpenses": 137000000,
        "sellingGeneralAndAdministrativeExpenses": 272000000,
        "otherExpenses": 44000000,
        "operatingExpenses": 316000000,
        "costAndExpenses": 748000000,
        "interestIncome": 0,
        "interestExpense": 35000000,
        "depreciationAndAmortization": 44000000,
        "ebitda": 197000000,
        "ebitdaratio": 0.2157721796,
        "operatingIncome": 165000000,
        "operatingIncomeRatio": 0.1807228916,
        "totalOtherIncomeExpensesNet": -47000000,
        "incomeBeforeTax": 118000000,
        "incomeBeforeTaxRatio": 0.1292442497,
        "incomeTaxExpense": 45000000,
        "netIncome": 73000000,
        "netIncomeRatio": 0.0799561884,
        "eps": 0.41,
        "epsdiluted": 0.41,
        "weightedAverageShsOut": 179000000,
        "weightedAverageShsOutDil": 179000000,
        "link": "https://www.sec.gov/Archives/edgar/data/1361658/000095012310014529/0000950123-10-014529-index.html",
        "finalLink": "https://www.sec.gov/Archives/edgar/data/1361658/000095012310014529/y82651e10vk.htm"
    },
    {
        "date": "2009-09-30",
        "symbol": "WYND",
        "reportedCurrency": "USD",
        "cik": "0001361658",
        "fillingDate": "2009-11-05",
        "acceptedDate": "2009-11-05 16:01:08",
        "calendarYear": "2009",
        "period": "Q3",
        "revenue": 1016000000,
        "costOfRevenue": 475000000,
        "grossProfit": 541000000,
        "grossProfitRatio": 0.532480315,
        "researchAndDevelopmentExpenses": 0,
        "generalAndAdministrativeExpenses": 140000000,
        "sellingAndMarketingExpenses": 149000000,
        "sellingGeneralAndAdministrativeExpenses": 289000000,
        "otherExpenses": 46000000,
        "operatingExpenses": 335000000,
        "costAndExpenses": 810000000,
        "interestIncome": 0,
        "interestExpense": 34000000,
        "depreciationAndAmortization": 46000000,
        "ebitda": 255000000,
        "ebitdaratio": 0.250984252,
        "operatingIncome": 206000000,
        "operatingIncomeRatio": 0.2027559055,
        "totalOtherIncomeExpensesNet": -31000000,
        "incomeBeforeTax": 175000000,
        "incomeBeforeTaxRatio": 0.1722440945,
        "incomeTaxExpense": 71000000,
        "netIncome": 104000000,
        "netIncomeRatio": 0.1023622047,
        "eps": 0.58,
        "epsdiluted": 0.57,
        "weightedAverageShsOut": 179000000,
        "weightedAverageShsOutDil": 183000000,
        "link": "https://www.sec.gov/Archives/edgar/data/1361658/000095012309058372/0000950123-09-058372-index.html",
        "finalLink": "https://www.sec.gov/Archives/edgar/data/1361658/000095012309058372/y80209e10vq.htm"
    },
    {
        "date": "2009-06-30",
        "symbol": "WYND",
        "reportedCurrency": "USD",
        "cik": "0001361658",
        "fillingDate": "2009-08-07",
        "acceptedDate": "2009-08-06 18:34:28",
        "calendarYear": "2009",
        "period": "Q2",
        "revenue": 920000000,
        "costOfRevenue": 462000000,
        "grossProfit": 458000000,
        "grossProfitRatio": 0.497826087,
        "researchAndDevelopmentExpenses": 0,
        "generalAndAdministrativeExpenses": 122000000,
        "sellingAndMarketingExpenses": 137000000,
        "sellingGeneralAndAdministrativeExpenses": 259000000,
        "otherExpenses": 45000000,
        "operatingExpenses": 304000000,
        "costAndExpenses": 766000000,
        "interestIncome": 0,
        "interestExpense": 26000000,
        "depreciationAndAmortization": 45000000,
        "ebitda": 198000000,
        "ebitdaratio": 0.2152173913,
        "operatingIncome": 154000000,
        "operatingIncomeRatio": 0.1673913043,
        "totalOtherIncomeExpensesNet": -27000000,
        "incomeBeforeTax": 127000000,
        "incomeBeforeTaxRatio": 0.1380434783,
        "incomeTaxExpense": 56000000,
        "netIncome": 71000000,
        "netIncomeRatio": 0.077173913,
        "eps": 0.4,
        "epsdiluted": 0.39,
        "weightedAverageShsOut": 179000000,
        "weightedAverageShsOutDil": 182000000,
        "link": "https://www.sec.gov/Archives/edgar/data/1361658/000095012309031402/0000950123-09-031402-index.html",
        "finalLink": "https://www.sec.gov/Archives/edgar/data/1361658/000095012309031402/y78673e10vq.htm"
    },
    {
        "date": "2009-03-31",
        "symbol": "WYND",
        "reportedCurrency": "USD",
        "cik": "0001361658",
        "fillingDate": "2009-05-07",
        "acceptedDate": "2009-05-07 13:00:43",
        "calendarYear": "2009",
        "period": "Q1",
        "revenue": 901000000,
        "costOfRevenue": 454000000,
        "grossProfit": 447000000,
        "grossProfitRatio": 0.4961154273,
        "researchAndDevelopmentExpenses": 0,
        "generalAndAdministrativeExpenses": 135000000,
        "sellingAndMarketingExpenses": 137000000,
        "sellingGeneralAndAdministrativeExpenses": 272000000,
        "otherExpenses": 43000000,
        "operatingExpenses": 315000000,
        "costAndExpenses": 769000000,
        "interestIncome": 0,
        "interestExpense": 19000000,
        "depreciationAndAmortization": 43000000,
        "ebitda": 136000000,
        "ebitdaratio": 0.1509433962,
        "operatingIncome": 132000000,
        "operatingIncomeRatio": 0.1465038846,
        "totalOtherIncomeExpensesNet": -58000000,
        "incomeBeforeTax": 74000000,
        "incomeBeforeTaxRatio": 0.0821309656,
        "incomeTaxExpense": 29000000,
        "netIncome": 45000000,
        "netIncomeRatio": 0.0499445061,
        "eps": 0.25,
        "epsdiluted": 0.25,
        "weightedAverageShsOut": 178000000,
        "weightedAverageShsOutDil": 178000000,
        "link": "https://www.sec.gov/Archives/edgar/data/1361658/000095012309008242/0000950123-09-008242-index.html",
        "finalLink": "https://www.sec.gov/Archives/edgar/data/1361658/000095012309008242/y76920e10vq.htm"
    },
    {
        "date": "2008-12-31",
        "symbol": "WYND",
        "reportedCurrency": "USD",
        "cik": "0001361658",
        "fillingDate": "2009-02-27",
        "acceptedDate": "2009-02-26 19:05:48",
        "calendarYear": "2008",
        "period": "Q4",
        "revenue": 911000000,
        "costOfRevenue": 428000000,
        "grossProfit": 483000000,
        "grossProfitRatio": 0.5301866081,
        "researchAndDevelopmentExpenses": 0,
        "generalAndAdministrativeExpenses": 294000000,
        "sellingAndMarketingExpenses": 19000000,
        "sellingGeneralAndAdministrativeExpenses": 313000000,
        "otherExpenses": 0,
        "operatingExpenses": 313000000,
        "costAndExpenses": 741000000,
        "interestIncome": 0,
        "interestExpense": 0,
        "depreciationAndAmortization": 47000000,
        "ebitda": -1297000000,
        "ebitdaratio": -1.4237102086,
        "operatingIncome": 170000000,
        "operatingIncomeRatio": 0.1866081229,
        "totalOtherIncomeExpensesNet": -1514000000,
        "incomeBeforeTax": -1344000000,
        "incomeBeforeTaxRatio": -1.4753018661,
        "incomeTaxExpense": 12000000,
        "netIncome": -1356000000,
        "netIncomeRatio": -1.4884742042,
        "eps": -7.62,
        "epsdiluted": -7.62,
        "weightedAverageShsOut": 178000000,
        "weightedAverageShsOutDil": 178000000,
        "link": "https://www.sec.gov/Archives/edgar/data/1361658/000095012309003581/0000950123-09-003581-index.html",
        "finalLink": "https://www.sec.gov/Archives/edgar/data/1361658/000095012309003581/y74823e10vk.htm"
    },
    {
        "date": "2008-09-30",
        "symbol": "WYND",
        "reportedCurrency": "USD",
        "cik": "0001361658",
        "fillingDate": "2008-11-10",
        "acceptedDate": "2008-11-10 16:12:27",
        "calendarYear": "2008",
        "period": "Q3",
        "revenue": 1226000000,
        "costOfRevenue": 559000000,
        "grossProfit": 667000000,
        "grossProfitRatio": 0.544045677,
        "researchAndDevelopmentExpenses": 0,
        "generalAndAdministrativeExpenses": 372000000,
        "sellingAndMarketingExpenses": 47000000,
        "sellingGeneralAndAdministrativeExpenses": 419000000,
        "otherExpenses": 0,
        "operatingExpenses": 419000000,
        "costAndExpenses": 978000000,
        "interestIncome": 0,
        "interestExpense": 21000000,
        "depreciationAndAmortization": 47000000,
        "ebitda": 296000000,
        "ebitdaratio": 0.2414355628,
        "operatingIncome": 248000000,
        "operatingIncomeRatio": 0.2022838499,
        "totalOtherIncomeExpensesNet": -20000000,
        "incomeBeforeTax": 228000000,
        "incomeBeforeTaxRatio": 0.1859706362,
        "incomeTaxExpense": 86000000,
        "netIncome": 142000000,
        "netIncomeRatio": 0.1158238173,
        "eps": 0.8,
        "epsdiluted": 0.8,
        "weightedAverageShsOut": 178000000,
        "weightedAverageShsOutDil": 178000000,
        "link": "https://www.sec.gov/Archives/edgar/data/1361658/000095012308014920/0000950123-08-014920-index.html",
        "finalLink": "https://www.sec.gov/Archives/edgar/data/1361658/000095012308014920/y72499e10vq.htm"
    },
    {
        "date": "2008-06-30",
        "symbol": "WYND",
        "reportedCurrency": "USD",
        "cik": "0001361658",
        "fillingDate": "2008-08-08",
        "acceptedDate": "2008-08-08 12:14:33",
        "calendarYear": "2008",
        "period": "Q2",
        "revenue": 1132000000,
        "costOfRevenue": 545000000,
        "grossProfit": 587000000,
        "grossProfitRatio": 0.5185512367,
        "researchAndDevelopmentExpenses": 0,
        "generalAndAdministrativeExpenses": 370000000,
        "sellingAndMarketingExpenses": 46000000,
        "sellingGeneralAndAdministrativeExpenses": 416000000,
        "otherExpenses": 0,
        "operatingExpenses": 416000000,
        "costAndExpenses": 961000000,
        "interestIncome": 0,
        "interestExpense": 0,
        "depreciationAndAmortization": 46000000,
        "ebitda": 206000000,
        "ebitdaratio": 0.1819787986,
        "operatingIncome": 171000000,
        "operatingIncomeRatio": 0.1510600707,
        "totalOtherIncomeExpensesNet": -11000000,
        "incomeBeforeTax": 160000000,
        "incomeBeforeTaxRatio": 0.1413427562,
        "incomeTaxExpense": 62000000,
        "netIncome": 98000000,
        "netIncomeRatio": 0.0865724382,
        "eps": 0.55,
        "epsdiluted": 0.55,
        "weightedAverageShsOut": 178181818,
        "weightedAverageShsOutDil": 178181818,
        "link": "https://www.sec.gov/Archives/edgar/data/1361658/000095012308009132/0000950123-08-009132-index.html",
        "finalLink": "https://www.sec.gov/Archives/edgar/data/1361658/000095012308009132/y64631e10vq.htm"
    },
    {
        "date": "2008-03-31",
        "symbol": "WYND",
        "reportedCurrency": "USD",
        "cik": "0001361658",
        "fillingDate": "2008-05-08",
        "acceptedDate": "2008-05-08 16:10:08",
        "calendarYear": "2008",
        "period": "Q1",
        "revenue": 1012000000,
        "costOfRevenue": 501000000,
        "grossProfit": 511000000,
        "grossProfitRatio": 0.5049407115,
        "researchAndDevelopmentExpenses": 0,
        "generalAndAdministrativeExpenses": 354000000,
        "sellingAndMarketingExpenses": 72000000,
        "sellingGeneralAndAdministrativeExpenses": 426000000,
        "otherExpenses": 0,
        "operatingExpenses": 426000000,
        "costAndExpenses": 927000000,
        "interestIncome": 0,
        "interestExpense": 0,
        "depreciationAndAmortization": 44000000,
        "ebitda": 114000000,
        "ebitdaratio": 0.1126482213,
        "operatingIncome": 85000000,
        "operatingIncomeRatio": 0.0839920949,
        "totalOtherIncomeExpensesNet": -15000000,
        "incomeBeforeTax": 70000000,
        "incomeBeforeTaxRatio": 0.0691699605,
        "incomeTaxExpense": 28000000,
        "netIncome": 42000000,
        "netIncomeRatio": 0.0415019763,
        "eps": 0.24,
        "epsdiluted": 0.24,
        "weightedAverageShsOut": 175000000,
        "weightedAverageShsOutDil": 175000000,
        "link": "https://www.sec.gov/Archives/edgar/data/1361658/000095012308005337/0000950123-08-005337-index.html",
        "finalLink": "https://www.sec.gov/Archives/edgar/data/1361658/000095012308005337/y57618e10vq.htm"
    },
    {
        "date": "2007-12-31",
        "symbol": "WYND",
        "reportedCurrency": "USD",
        "cik": "0001361658",
        "fillingDate": "2008-02-29",
        "acceptedDate": "2008-02-29 16:40:42",
        "calendarYear": "2007",
        "period": "Q4",
        "revenue": 1032000000,
        "costOfRevenue": 499000000,
        "grossProfit": 533000000,
        "grossProfitRatio": 0.5164728682,
        "researchAndDevelopmentExpenses": 0,
        "generalAndAdministrativeExpenses": 299000000,
        "sellingAndMarketingExpenses": 44000000,
        "sellingGeneralAndAdministrativeExpenses": 343000000,
        "otherExpenses": 0,
        "operatingExpenses": 343000000,
        "costAndExpenses": 842000000,
        "interestIncome": 0,
        "interestExpense": 0,
        "depreciationAndAmortization": 44000000,
        "ebitda": 217000000,
        "ebitdaratio": 0.2102713178,
        "operatingIncome": 190000000,
        "operatingIncomeRatio": 0.1841085271,
        "totalOtherIncomeExpensesNet": -17000000,
        "incomeBeforeTax": 173000000,
        "incomeBeforeTaxRatio": 0.1676356589,
        "incomeTaxExpense": 68000000,
        "netIncome": 105000000,
        "netIncomeRatio": 0.101744186,
        "eps": 0.6,
        "epsdiluted": 0.6,
        "weightedAverageShsOut": 175000000,
        "weightedAverageShsOutDil": 175000000,
        "link": "https://www.sec.gov/Archives/edgar/data/1361658/000095012308002361/0000950123-08-002361-index.htm",
        "finalLink": "https://www.sec.gov/Archives/edgar/data/1361658/000095012308002361/y50095e10vk.htm"
    },
    {
        "date": "2007-09-30",
        "symbol": "WYND",
        "reportedCurrency": "USD",
        "cik": "0001361658",
        "fillingDate": "2007-11-08",
        "acceptedDate": "2007-11-08 16:45:21",
        "calendarYear": "2007",
        "period": "Q3",
        "revenue": 1216000000,
        "costOfRevenue": 570000000,
        "grossProfit": 646000000,
        "grossProfitRatio": 0.53125,
        "researchAndDevelopmentExpenses": 0,
        "generalAndAdministrativeExpenses": 403000000,
        "sellingAndMarketingExpenses": 43000000,
        "sellingGeneralAndAdministrativeExpenses": 446000000,
        "otherExpenses": 0,
        "operatingExpenses": 446000000,
        "costAndExpenses": 1016000000,
        "interestIncome": 0,
        "interestExpense": 0,
        "depreciationAndAmortization": 43000000,
        "ebitda": 232000000,
        "ebitdaratio": 0.1907894737,
        "operatingIncome": 200000000,
        "operatingIncomeRatio": 0.1644736842,
        "totalOtherIncomeExpensesNet": -11000000,
        "incomeBeforeTax": 189000000,
        "incomeBeforeTaxRatio": 0.1554276316,
        "incomeTaxExpense": 72000000,
        "netIncome": 117000000,
        "netIncomeRatio": 0.0962171053,
        "eps": 0.65,
        "epsdiluted": 0.65,
        "weightedAverageShsOut": 180000000,
        "weightedAverageShsOutDil": 180000000,
        "link": "https://www.sec.gov/Archives/edgar/data/1361658/000095012307015143/0000950123-07-015143-index.html",
        "finalLink": "https://www.sec.gov/Archives/edgar/data/1361658/000095012307015143/y42009e10vq.htm"
    },
    {
        "date": "2007-06-30",
        "symbol": "WYND",
        "reportedCurrency": "USD",
        "cik": "0001361658",
        "fillingDate": "2007-08-09",
        "acceptedDate": "2007-08-09 17:13:14",
        "calendarYear": "2007",
        "period": "Q2",
        "revenue": 1100000000,
        "costOfRevenue": 551000000,
        "grossProfit": 549000000,
        "grossProfitRatio": 0.4990909091,
        "researchAndDevelopmentExpenses": 0,
        "generalAndAdministrativeExpenses": 331000000,
        "sellingAndMarketingExpenses": 41000000,
        "sellingGeneralAndAdministrativeExpenses": 372000000,
        "otherExpenses": 0,
        "operatingExpenses": 372000000,
        "costAndExpenses": 923000000,
        "interestIncome": 0,
        "interestExpense": 18000000,
        "depreciationAndAmortization": 41000000,
        "ebitda": 213000000,
        "ebitdaratio": 0.1936363636,
        "operatingIncome": 177000000,
        "operatingIncomeRatio": 0.1609090909,
        "totalOtherIncomeExpensesNet": -23000000,
        "incomeBeforeTax": 154000000,
        "incomeBeforeTaxRatio": 0.14,
        "incomeTaxExpense": 58000000,
        "netIncome": 96000000,
        "netIncomeRatio": 0.0872727273,
        "eps": 0.53,
        "epsdiluted": 0.52,
        "weightedAverageShsOut": 181132075,
        "weightedAverageShsOutDil": 184615385,
        "link": "https://www.sec.gov/Archives/edgar/data/1361658/000095012307011204/0000950123-07-011204-index.html",
        "finalLink": "https://www.sec.gov/Archives/edgar/data/1361658/000095012307011204/y38108e10vq.htm"
    },
    {
        "date": "2007-03-31",
        "symbol": "WYND",
        "reportedCurrency": "USD",
        "cik": "0001361658",
        "fillingDate": "2007-05-10",
        "acceptedDate": "2007-05-10 17:00:38",
        "calendarYear": "2007",
        "period": "Q1",
        "revenue": 1012000000,
        "costOfRevenue": 497000000,
        "grossProfit": 515000000,
        "grossProfitRatio": 0.5088932806,
        "researchAndDevelopmentExpenses": 0,
        "generalAndAdministrativeExpenses": 317000000,
        "sellingAndMarketingExpenses": 38000000,
        "sellingGeneralAndAdministrativeExpenses": 355000000,
        "otherExpenses": 0,
        "operatingExpenses": 355000000,
        "costAndExpenses": 852000000,
        "interestIncome": 0,
        "interestExpense": 0,
        "depreciationAndAmortization": 38000000,
        "ebitda": 177000000,
        "ebitdaratio": 0.1749011858,
        "operatingIncome": 160000000,
        "operatingIncomeRatio": 0.1581027668,
        "totalOtherIncomeExpensesNet": -21000000,
        "incomeBeforeTax": 139000000,
        "incomeBeforeTaxRatio": 0.1373517787,
        "incomeTaxExpense": 53000000,
        "netIncome": 86000000,
        "netIncomeRatio": 0.0849802372,
        "eps": 0.46,
        "epsdiluted": 0.45,
        "weightedAverageShsOut": 186956522,
        "weightedAverageShsOutDil": 191111111,
        "link": "https://www.sec.gov/Archives/edgar/data/1361658/000095012307007224/0000950123-07-007224-index.html",
        "finalLink": "https://www.sec.gov/Archives/edgar/data/1361658/000095012307007224/y34585e10vq.htm"
    },
    {
        "date": "2006-12-31",
        "symbol": "WYND",
        "reportedCurrency": "USD",
        "cik": "0001361658",
        "fillingDate": "2007-03-07",
        "acceptedDate": "2007-03-07 16:21:42",
        "calendarYear": "2006",
        "period": "Q4",
        "revenue": 970000000,
        "costOfRevenue": 469000000,
        "grossProfit": 501000000,
        "grossProfitRatio": 0.5164948454,
        "researchAndDevelopmentExpenses": 0,
        "generalAndAdministrativeExpenses": 276000000,
        "sellingAndMarketingExpenses": 140000000,
        "sellingGeneralAndAdministrativeExpenses": 416000000,
        "otherExpenses": 0,
        "operatingExpenses": 416000000,
        "costAndExpenses": 885000000,
        "interestIncome": 0,
        "interestExpense": 47000000,
        "depreciationAndAmortization": 41000000,
        "ebitda": 234000000,
        "ebitdaratio": 0.2412371134,
        "operatingIncome": 85000000,
        "operatingIncomeRatio": 0.087628866,
        "totalOtherIncomeExpensesNet": 61000000,
        "incomeBeforeTax": 146000000,
        "incomeBeforeTaxRatio": 0.1505154639,
        "incomeTaxExpense": 53000000,
        "netIncome": 93000000,
        "netIncomeRatio": 0.0958762887,
        "eps": 0.5,
        "epsdiluted": 0.5,
        "weightedAverageShsOut": 186956522,
        "weightedAverageShsOutDil": 186956522,
        "link": "https://www.sec.gov/Archives/edgar/data/1361658/000095012307003338/0000950123-07-003338-index.htm",
        "finalLink": "https://www.sec.gov/Archives/edgar/data/1361658/000095012307003338/y30855e10vk.htm"
    },
    {
        "date": "2006-09-30",
        "symbol": "WYND",
        "reportedCurrency": "USD",
        "cik": "0001361658",
        "fillingDate": "2006-11-14",
        "acceptedDate": "2006-11-14 16:38:16",
        "calendarYear": "2006",
        "period": "Q3",
        "revenue": 1047000000,
        "costOfRevenue": 474000000,
        "grossProfit": 573000000,
        "grossProfitRatio": 0.547277937,
        "researchAndDevelopmentExpenses": 0,
        "generalAndAdministrativeExpenses": 329000000,
        "sellingAndMarketingExpenses": 37000000,
        "sellingGeneralAndAdministrativeExpenses": 366000000,
        "otherExpenses": 0,
        "operatingExpenses": 366000000,
        "costAndExpenses": 840000000,
        "interestIncome": 0,
        "interestExpense": 0,
        "depreciationAndAmortization": 37000000,
        "ebitda": 164000000,
        "ebitdaratio": 0.1566380134,
        "operatingIncome": 207000000,
        "operatingIncomeRatio": 0.1977077364,
        "totalOtherIncomeExpensesNet": -80000000,
        "incomeBeforeTax": 127000000,
        "incomeBeforeTaxRatio": 0.1212989494,
        "incomeTaxExpense": 35000000,
        "netIncome": 92000000,
        "netIncomeRatio": 0.0878701051,
        "eps": 0.46,
        "epsdiluted": 0.45,
        "weightedAverageShsOut": 200000000,
        "weightedAverageShsOutDil": 204444444,
        "link": "https://www.sec.gov/Archives/edgar/data/1361658/000095012306014141/0000950123-06-014141-index.htm",
        "finalLink": "https://www.sec.gov/Archives/edgar/data/1361658/000095012306014141/e27078e10vq.htm"
    },
    {
        "date": "2006-06-30",
        "symbol": "WYND",
        "reportedCurrency": "USD",
        "cik": "0001361658",
        "fillingDate": "2006-06-30",
        "acceptedDate": "2006-06-29 20:00:00",
        "calendarYear": "2006",
        "period": "Q2",
        "revenue": 955000000,
        "costOfRevenue": 449000000,
        "grossProfit": 506000000,
        "grossProfitRatio": 0.5298429319,
        "researchAndDevelopmentExpenses": 0,
        "generalAndAdministrativeExpenses": 335000000,
        "sellingAndMarketingExpenses": 41000000,
        "sellingGeneralAndAdministrativeExpenses": 376000000,
        "otherExpenses": 0,
        "operatingExpenses": 376000000,
        "costAndExpenses": 825000000,
        "interestIncome": 0,
        "interestExpense": 0,
        "depreciationAndAmortization": 36000000,
        "ebitda": 155000000,
        "ebitdaratio": 0.1623036649,
        "operatingIncome": 130000000,
        "operatingIncomeRatio": 0.1361256545,
        "totalOtherIncomeExpensesNet": -11000000,
        "incomeBeforeTax": 119000000,
        "incomeBeforeTaxRatio": 0.1246073298,
        "incomeTaxExpense": 44000000,
        "netIncome": 75000000,
        "netIncomeRatio": 0.0785340314,
        "eps": 0.37,
        "epsdiluted": 0.37,
        "weightedAverageShsOut": 202702703,
        "weightedAverageShsOutDil": 203200000,
        "link": "",
        "finalLink": ""
    }
]