[
    {
        "date": "2025-06-30",
        "symbol": "XRAY",
        "reportedCurrency": "USD",
        "cik": "0000818479",
        "fillingDate": "2025-08-07",
        "acceptedDate": "2025-08-07 09:18:00",
        "calendarYear": "2025",
        "period": "Q2",
        "revenue": 936000000,
        "costOfRevenue": 446000000,
        "grossProfit": 490000000,
        "grossProfitRatio": 0.5235042735,
        "researchAndDevelopmentExpenses": 37000000,
        "generalAndAdministrativeExpenses": 0,
        "sellingAndMarketingExpenses": 0,
        "sellingGeneralAndAdministrativeExpenses": 342000000,
        "otherExpenses": 0,
        "operatingExpenses": 379000000,
        "costAndExpenses": 825000000,
        "interestIncome": 0,
        "interestExpense": 21000000,
        "depreciationAndAmortization": 88000000,
        "ebitda": -44000000,
        "ebitdaratio": -0.047008547,
        "operatingIncome": 111000000,
        "operatingIncomeRatio": 0.1185897436,
        "totalOtherIncomeExpensesNet": -264000000,
        "incomeBeforeTax": -153000000,
        "incomeBeforeTaxRatio": -0.1634615385,
        "incomeTaxExpense": -109000000,
        "netIncome": -45000000,
        "netIncomeRatio": -0.0480769231,
        "eps": -0.2258,
        "epsdiluted": -0.2258,
        "weightedAverageShsOut": 199300000,
        "weightedAverageShsOutDil": 199300000,
        "link": "https://www.sec.gov/Archives/edgar/data/818479/000081847925000155/0000818479-25-000155-index.htm",
        "finalLink": "https://www.sec.gov/Archives/edgar/data/818479/000081847925000155/xray-20250630.htm"
    },
    {
        "date": "2025-03-31",
        "symbol": "XRAY",
        "reportedCurrency": "USD",
        "cik": "0000818479",
        "fillingDate": "2025-05-08",
        "acceptedDate": "2025-05-08 09:13:52",
        "calendarYear": "2025",
        "period": "Q1",
        "revenue": 879000000,
        "costOfRevenue": 413000000,
        "grossProfit": 466000000,
        "grossProfitRatio": 0.5301478953,
        "researchAndDevelopmentExpenses": 36000000,
        "generalAndAdministrativeExpenses": 360000000,
        "sellingAndMarketingExpenses": 0,
        "sellingGeneralAndAdministrativeExpenses": 360000000,
        "otherExpenses": 7000000,
        "operatingExpenses": 403000000,
        "costAndExpenses": 816000000,
        "interestIncome": 0,
        "interestExpense": 19000000,
        "depreciationAndAmortization": 79000000,
        "ebitda": 142000000,
        "ebitdaratio": 0.1615472127,
        "operatingIncome": 63000000,
        "operatingIncomeRatio": 0.0716723549,
        "totalOtherIncomeExpensesNet": -19000000,
        "incomeBeforeTax": 44000000,
        "incomeBeforeTaxRatio": 0.0500568828,
        "incomeTaxExpense": 25000000,
        "netIncome": 20000000,
        "netIncomeRatio": 0.0227531286,
        "eps": 0.1,
        "epsdiluted": 0.1,
        "weightedAverageShsOut": 199100000,
        "weightedAverageShsOutDil": 199800000,
        "link": "https://www.sec.gov/Archives/edgar/data/818479/000081847925000056/0000818479-25-000056-index.htm",
        "finalLink": "https://www.sec.gov/Archives/edgar/data/818479/000081847925000056/xray-20250331.htm"
    },
    {
        "date": "2024-12-31",
        "symbol": "XRAY",
        "reportedCurrency": "USD",
        "cik": "0000818479",
        "fillingDate": "2025-02-27",
        "acceptedDate": "2025-02-27 17:03:28",
        "calendarYear": "2024",
        "period": "Q4",
        "revenue": 905000000,
        "costOfRevenue": 459000000,
        "grossProfit": 446000000,
        "grossProfitRatio": 0.4928176796,
        "researchAndDevelopmentExpenses": 42000000,
        "generalAndAdministrativeExpenses": 0,
        "sellingAndMarketingExpenses": 0,
        "sellingGeneralAndAdministrativeExpenses": 395000000,
        "otherExpenses": 518000000,
        "operatingExpenses": 955000000,
        "costAndExpenses": 1414000000,
        "interestIncome": 0,
        "interestExpense": 16000000,
        "depreciationAndAmortization": 88000000,
        "ebitda": -419000000,
        "ebitdaratio": -0.4629834254,
        "operatingIncome": -509000000,
        "operatingIncomeRatio": -0.5624309392,
        "totalOtherIncomeExpensesNet": -14000000,
        "incomeBeforeTax": -523000000,
        "incomeBeforeTaxRatio": -0.5779005525,
        "incomeTaxExpense": -95000000,
        "netIncome": -430000000,
        "netIncomeRatio": -0.4751381215,
        "eps": -2.16,
        "epsdiluted": -2.16,
        "weightedAverageShsOut": 203200000,
        "weightedAverageShsOutDil": 203200000,
        "link": "https://www.sec.gov/Archives/edgar/data/818479/000081847925000035/0000818479-25-000035-index.htm",
        "finalLink": "https://www.sec.gov/Archives/edgar/data/818479/000081847925000035/xray-20241231.htm"
    },
    {
        "date": "2024-09-30",
        "symbol": "XRAY",
        "reportedCurrency": "USD",
        "cik": "0000818479",
        "fillingDate": "2024-11-07",
        "acceptedDate": "2024-11-07 16:01:47",
        "calendarYear": "2024",
        "period": "Q3",
        "revenue": 951000000,
        "costOfRevenue": 456000000,
        "grossProfit": 495000000,
        "grossProfitRatio": 0.5205047319,
        "researchAndDevelopmentExpenses": 40000000,
        "generalAndAdministrativeExpenses": 391000000,
        "sellingAndMarketingExpenses": 0,
        "sellingGeneralAndAdministrativeExpenses": 391000000,
        "otherExpenses": 526000000,
        "operatingExpenses": 957000000,
        "costAndExpenses": 1413000000,
        "interestIncome": 0,
        "interestExpense": 18000000,
        "depreciationAndAmortization": 89000000,
        "ebitda": -371000000,
        "ebitdaratio": -0.3901156677,
        "operatingIncome": -462000000,
        "operatingIncomeRatio": -0.4858044164,
        "totalOtherIncomeExpensesNet": -16000000,
        "incomeBeforeTax": -478000000,
        "incomeBeforeTaxRatio": -0.5026288118,
        "incomeTaxExpense": 17000000,
        "netIncome": -494000000,
        "netIncomeRatio": -0.5194532072,
        "eps": -2.46,
        "epsdiluted": -2.46,
        "weightedAverageShsOut": 201000000,
        "weightedAverageShsOutDil": 201000000,
        "link": "https://www.sec.gov/Archives/edgar/data/818479/000081847924000093/0000818479-24-000093-index.htm",
        "finalLink": "https://www.sec.gov/Archives/edgar/data/818479/000081847924000093/xray-20240930.htm"
    },
    {
        "date": "2024-06-30",
        "symbol": "XRAY",
        "reportedCurrency": "USD",
        "cik": "0000818479",
        "fillingDate": "2024-07-31",
        "acceptedDate": "2024-07-31 08:19:07",
        "calendarYear": "2024",
        "period": "Q2",
        "revenue": 984000000,
        "costOfRevenue": 472000000,
        "grossProfit": 512000000,
        "grossProfitRatio": 0.5203252033,
        "researchAndDevelopmentExpenses": 41000000,
        "generalAndAdministrativeExpenses": 401000000,
        "sellingAndMarketingExpenses": 0,
        "sellingGeneralAndAdministrativeExpenses": 401000000,
        "otherExpenses": 19000000,
        "operatingExpenses": 461000000,
        "costAndExpenses": 934000000,
        "interestIncome": 0,
        "interestExpense": 17000000,
        "depreciationAndAmortization": 86000000,
        "ebitda": 157000000,
        "ebitdaratio": 0.1595528455,
        "operatingIncome": 50000000,
        "operatingIncomeRatio": 0.0508130081,
        "totalOtherIncomeExpensesNet": -16000000,
        "incomeBeforeTax": 34000000,
        "incomeBeforeTaxRatio": 0.0345528455,
        "incomeTaxExpense": 38000000,
        "netIncome": -4000000,
        "netIncomeRatio": -0.0040650407,
        "eps": -0.0195,
        "epsdiluted": -0.0195,
        "weightedAverageShsOut": 205600000,
        "weightedAverageShsOutDil": 205600000,
        "link": "https://www.sec.gov/Archives/edgar/data/818479/000081847924000069/0000818479-24-000069-index.htm",
        "finalLink": "https://www.sec.gov/Archives/edgar/data/818479/000081847924000069/xray-20240630.htm"
    },
    {
        "date": "2024-03-31",
        "symbol": "XRAY",
        "reportedCurrency": "USD",
        "cik": "0000818479",
        "fillingDate": "2024-05-02",
        "acceptedDate": "2024-05-02 09:17:26",
        "calendarYear": "2024",
        "period": "Q1",
        "revenue": 953000000,
        "costOfRevenue": 447000000,
        "grossProfit": 506000000,
        "grossProfitRatio": 0.5309548793,
        "researchAndDevelopmentExpenses": 42000000,
        "generalAndAdministrativeExpenses": 417000000,
        "sellingAndMarketingExpenses": 0,
        "sellingGeneralAndAdministrativeExpenses": 417000000,
        "otherExpenses": 5000000,
        "operatingExpenses": 464000000,
        "costAndExpenses": 911000000,
        "interestIncome": 0,
        "interestExpense": 18000000,
        "depreciationAndAmortization": 86000000,
        "ebitda": 136000000,
        "ebitdaratio": 0.1427072403,
        "operatingIncome": 42000000,
        "operatingIncomeRatio": 0.0440713536,
        "totalOtherIncomeExpensesNet": -11000000,
        "incomeBeforeTax": 31000000,
        "incomeBeforeTaxRatio": 0.0325288562,
        "incomeTaxExpense": 14000000,
        "netIncome": 18000000,
        "netIncomeRatio": 0.018887723,
        "eps": 0.09,
        "epsdiluted": 0.09,
        "weightedAverageShsOut": 207400000,
        "weightedAverageShsOutDil": 208500000,
        "link": "https://www.sec.gov/Archives/edgar/data/818479/000081847924000036/0000818479-24-000036-index.htm",
        "finalLink": "https://www.sec.gov/Archives/edgar/data/818479/000081847924000036/xray-20240331.htm"
    },
    {
        "date": "2023-12-31",
        "symbol": "XRAY",
        "reportedCurrency": "USD",
        "cik": "0000818479",
        "fillingDate": "2024-02-29",
        "acceptedDate": "2024-02-29 16:13:37",
        "calendarYear": "2023",
        "period": "Q4",
        "revenue": 1012000000,
        "costOfRevenue": 490000000,
        "grossProfit": 522000000,
        "grossProfitRatio": 0.5158102767,
        "researchAndDevelopmentExpenses": 43000000,
        "generalAndAdministrativeExpenses": 0,
        "sellingAndMarketingExpenses": 0,
        "sellingGeneralAndAdministrativeExpenses": 416000000,
        "otherExpenses": -2000000,
        "operatingExpenses": 459000000,
        "costAndExpenses": 949000000,
        "interestIncome": 0,
        "interestExpense": 23000000,
        "depreciationAndAmortization": 85000000,
        "ebitda": 156000000,
        "ebitdaratio": 0.1541501976,
        "operatingIncome": 73000000,
        "operatingIncomeRatio": 0.0721343874,
        "totalOtherIncomeExpensesNet": -16000000,
        "incomeBeforeTax": 57000000,
        "incomeBeforeTaxRatio": 0.0563241107,
        "incomeTaxExpense": -15000000,
        "netIncome": 67000000,
        "netIncomeRatio": 0.0662055336,
        "eps": 0.32,
        "epsdiluted": 0.32,
        "weightedAverageShsOut": 210000000,
        "weightedAverageShsOutDil": 210900000,
        "link": "https://www.sec.gov/Archives/edgar/data/818479/000081847924000021/0000818479-24-000021-index.htm",
        "finalLink": "https://www.sec.gov/Archives/edgar/data/818479/000081847924000021/0000818479-24-000021-index.htm"
    },
    {
        "date": "2023-09-30",
        "symbol": "XRAY",
        "reportedCurrency": "USD",
        "cik": "0000818479",
        "fillingDate": "2023-11-02",
        "acceptedDate": "2023-11-02 16:52:14",
        "calendarYear": "2023",
        "period": "Q3",
        "revenue": 947000000,
        "costOfRevenue": 452000000,
        "grossProfit": 495000000,
        "grossProfitRatio": 0.5227032735,
        "researchAndDevelopmentExpenses": 46000000,
        "generalAndAdministrativeExpenses": 0,
        "sellingAndMarketingExpenses": 0,
        "sellingGeneralAndAdministrativeExpenses": 372000000,
        "otherExpenses": 0,
        "operatingExpenses": 418000000,
        "costAndExpenses": 870000000,
        "interestIncome": 18000000,
        "interestExpense": 18000000,
        "depreciationAndAmortization": 88000000,
        "ebitda": -144000000,
        "ebitdaratio": -0.1520591341,
        "operatingIncome": -236000000,
        "operatingIncomeRatio": -0.2492080253,
        "totalOtherIncomeExpensesNet": -14000000,
        "incomeBeforeTax": -250000000,
        "incomeBeforeTaxRatio": -0.2639915523,
        "incomeTaxExpense": 16000000,
        "netIncome": -266000000,
        "netIncomeRatio": -0.2808870116,
        "eps": -1.26,
        "epsdiluted": -1.26,
        "weightedAverageShsOut": 211800000,
        "weightedAverageShsOutDil": 211800000,
        "link": "https://www.sec.gov/Archives/edgar/data/818479/000081847923000084/0000818479-23-000084-index.htm",
        "finalLink": "https://www.sec.gov/Archives/edgar/data/818479/000081847923000084/xray-20230930.htm"
    },
    {
        "date": "2023-06-30",
        "symbol": "XRAY",
        "reportedCurrency": "USD",
        "cik": "0000818479",
        "fillingDate": "2023-08-07",
        "acceptedDate": "2023-08-07 17:12:55",
        "calendarYear": "2023",
        "period": "Q2",
        "revenue": 1028000000,
        "costOfRevenue": 478000000,
        "grossProfit": 550000000,
        "grossProfitRatio": 0.5350194553,
        "researchAndDevelopmentExpenses": 49000000,
        "generalAndAdministrativeExpenses": 0,
        "sellingAndMarketingExpenses": 0,
        "sellingGeneralAndAdministrativeExpenses": 416000000,
        "otherExpenses": 4000000,
        "operatingExpenses": 465000000,
        "costAndExpenses": 943000000,
        "interestIncome": 0,
        "interestExpense": 22000000,
        "depreciationAndAmortization": 86000000,
        "ebitda": 170000000,
        "ebitdaratio": 0.1653696498,
        "operatingIncome": 80000000,
        "operatingIncomeRatio": 0.0778210117,
        "totalOtherIncomeExpensesNet": -34000000,
        "incomeBeforeTax": 46000000,
        "incomeBeforeTaxRatio": 0.0447470817,
        "incomeTaxExpense": -39000000,
        "netIncome": 86000000,
        "netIncomeRatio": 0.0836575875,
        "eps": 0.41,
        "epsdiluted": 0.4,
        "weightedAverageShsOut": 211900000,
        "weightedAverageShsOutDil": 213100000,
        "link": "https://www.sec.gov/Archives/edgar/data/818479/000081847923000064/0000818479-23-000064-index.htm",
        "finalLink": "https://www.sec.gov/Archives/edgar/data/818479/000081847923000064/xray-20230630.htm"
    },
    {
        "date": "2023-03-31",
        "symbol": "XRAY",
        "reportedCurrency": "USD",
        "cik": "0000818479",
        "fillingDate": "2023-08-07",
        "acceptedDate": "2023-08-07 17:11:11",
        "calendarYear": "2023",
        "period": "Q1",
        "revenue": 978000000,
        "costOfRevenue": 459000000,
        "grossProfit": 519000000,
        "grossProfitRatio": 0.5306748466,
        "researchAndDevelopmentExpenses": 46000000,
        "generalAndAdministrativeExpenses": 418000000,
        "sellingAndMarketingExpenses": -2000000,
        "sellingGeneralAndAdministrativeExpenses": 416000000,
        "otherExpenses": 0,
        "operatingExpenses": 462000000,
        "costAndExpenses": 921000000,
        "interestIncome": 0,
        "interestExpense": 20000000,
        "depreciationAndAmortization": 84000000,
        "ebitda": 79000000,
        "ebitdaratio": 0.0807770961,
        "operatingIncome": 54000000,
        "operatingIncomeRatio": 0.0552147239,
        "totalOtherIncomeExpensesNet": -26000000,
        "incomeBeforeTax": -28000000,
        "incomeBeforeTaxRatio": -0.0286298569,
        "incomeTaxExpense": -5000000,
        "netIncome": -19000000,
        "netIncomeRatio": -0.0194274029,
        "eps": -0.11,
        "epsdiluted": -0.11,
        "weightedAverageShsOut": 214500000,
        "weightedAverageShsOutDil": 214500000,
        "link": "https://www.sec.gov/Archives/edgar/data/818479/000081847923000063/0000818479-23-000063-index.htm",
        "finalLink": "https://www.sec.gov/Archives/edgar/data/818479/000081847923000063/xray-20230331.htm"
    },
    {
        "date": "2022-12-31",
        "symbol": "XRAY",
        "reportedCurrency": "USD",
        "cik": "0000818479",
        "fillingDate": "2023-08-07",
        "acceptedDate": "2023-08-07 17:09:37",
        "calendarYear": "2022",
        "period": "Q4",
        "revenue": 983000000,
        "costOfRevenue": 466000000,
        "grossProfit": 517000000,
        "grossProfitRatio": 0.5259409969,
        "researchAndDevelopmentExpenses": 43000000,
        "generalAndAdministrativeExpenses": 0,
        "sellingAndMarketingExpenses": 0,
        "sellingGeneralAndAdministrativeExpenses": 402000000,
        "otherExpenses": 0,
        "operatingExpenses": 445000000,
        "costAndExpenses": 911000000,
        "interestIncome": 19000000,
        "interestExpense": 19000000,
        "depreciationAndAmortization": 78000000,
        "ebitda": 104000000,
        "ebitdaratio": 0.1057985758,
        "operatingIncome": -45000000,
        "operatingIncomeRatio": -0.0457782299,
        "totalOtherIncomeExpensesNet": -57000000,
        "incomeBeforeTax": 8000000,
        "incomeBeforeTaxRatio": 0.008138352,
        "incomeTaxExpense": 23000000,
        "netIncome": -15000000,
        "netIncomeRatio": -0.01525941,
        "eps": -0.0697,
        "epsdiluted": -0.0697,
        "weightedAverageShsOut": 215100000,
        "weightedAverageShsOutDil": 215100000,
        "link": "https://www.sec.gov/Archives/edgar/data/818479/000081847923000062/0000818479-23-000062-index.htm",
        "finalLink": "https://www.sec.gov/Archives/edgar/data/818479/000081847923000062/xray-20221231.htm"
    },
    {
        "date": "2022-09-30",
        "symbol": "XRAY",
        "reportedCurrency": "USD",
        "cik": "0000818479",
        "fillingDate": "2022-11-14",
        "acceptedDate": "2022-11-14 07:53:41",
        "calendarYear": "2022",
        "period": "Q3",
        "revenue": 947000000,
        "costOfRevenue": 439000000,
        "grossProfit": 508000000,
        "grossProfitRatio": 0.5364308342,
        "researchAndDevelopmentExpenses": 41000000,
        "generalAndAdministrativeExpenses": 0,
        "sellingAndMarketingExpenses": 0,
        "sellingGeneralAndAdministrativeExpenses": 401000000,
        "otherExpenses": 0,
        "operatingExpenses": 442000000,
        "costAndExpenses": 881000000,
        "interestIncome": 0,
        "interestExpense": 14000000,
        "depreciationAndAmortization": 82000000,
        "ebitda": -1144000000,
        "ebitdaratio": -1.2080253432,
        "operatingIncome": 60000000,
        "operatingIncomeRatio": 0.0633579725,
        "totalOtherIncomeExpensesNet": -23000000,
        "incomeBeforeTax": -1241000000,
        "incomeBeforeTaxRatio": -1.3104540655,
        "incomeTaxExpense": -164000000,
        "netIncome": -1077000000,
        "netIncomeRatio": -1.1372756072,
        "eps": -5.01,
        "epsdiluted": -5.01,
        "weightedAverageShsOut": 214900000,
        "weightedAverageShsOutDil": 214900000,
        "link": "https://www.sec.gov/Archives/edgar/data/818479/000081847922000119/0000818479-22-000119-index.htm",
        "finalLink": "https://www.sec.gov/Archives/edgar/data/818479/000081847922000119/xray-20220930.htm"
    },
    {
        "date": "2022-06-30",
        "symbol": "XRAY",
        "reportedCurrency": "USD",
        "cik": "0000818479",
        "fillingDate": "2022-11-07",
        "acceptedDate": "2022-11-07 08:26:49",
        "calendarYear": "2022",
        "period": "Q2",
        "revenue": 1023000000,
        "costOfRevenue": 442000000,
        "grossProfit": 581000000,
        "grossProfitRatio": 0.5679374389,
        "researchAndDevelopmentExpenses": 45000000,
        "generalAndAdministrativeExpenses": 0,
        "sellingAndMarketingExpenses": 0,
        "sellingGeneralAndAdministrativeExpenses": 410000000,
        "otherExpenses": 0,
        "operatingExpenses": 455000000,
        "costAndExpenses": 897000000,
        "interestIncome": 0,
        "interestExpense": 15000000,
        "depreciationAndAmortization": 83000000,
        "ebitda": 189000000,
        "ebitdaratio": 0.1847507331,
        "operatingIncome": 119000000,
        "operatingIncomeRatio": 0.1163245357,
        "totalOtherIncomeExpensesNet": -28000000,
        "incomeBeforeTax": 91000000,
        "incomeBeforeTaxRatio": 0.0889540567,
        "incomeTaxExpense": 18000000,
        "netIncome": 73000000,
        "netIncomeRatio": 0.0713587488,
        "eps": 0.34,
        "epsdiluted": 0.34,
        "weightedAverageShsOut": 214900000,
        "weightedAverageShsOutDil": 215300000,
        "link": "https://www.sec.gov/Archives/edgar/data/818479/000114036122040134/0001140361-22-040134-index.htm",
        "finalLink": "https://www.sec.gov/Archives/edgar/data/818479/000114036122040134/brhc10043529_10q.htm"
    },
    {
        "date": "2022-03-31",
        "symbol": "XRAY",
        "reportedCurrency": "USD",
        "cik": "0000818479",
        "fillingDate": "2022-11-07",
        "acceptedDate": "2022-11-07 08:25:07",
        "calendarYear": "2022",
        "period": "Q1",
        "revenue": 965000000,
        "costOfRevenue": 450000000,
        "grossProfit": 515000000,
        "grossProfitRatio": 0.5336787565,
        "researchAndDevelopmentExpenses": 45000000,
        "generalAndAdministrativeExpenses": 0,
        "sellingAndMarketingExpenses": 0,
        "sellingGeneralAndAdministrativeExpenses": 374000000,
        "otherExpenses": 1000000,
        "operatingExpenses": 419000000,
        "costAndExpenses": 869000000,
        "interestIncome": 0,
        "interestExpense": 12000000,
        "depreciationAndAmortization": 84000000,
        "ebitda": 182000000,
        "ebitdaratio": 0.1886010363,
        "operatingIncome": 93000000,
        "operatingIncomeRatio": 0.096373057,
        "totalOtherIncomeExpensesNet": -10000000,
        "incomeBeforeTax": 83000000,
        "incomeBeforeTaxRatio": 0.0860103627,
        "incomeTaxExpense": 18000000,
        "netIncome": 69000000,
        "netIncomeRatio": 0.0715025907,
        "eps": 0.32,
        "epsdiluted": 0.32,
        "weightedAverageShsOut": 217010000,
        "weightedAverageShsOutDil": 217800000,
        "link": "https://www.sec.gov/Archives/edgar/data/818479/000114036122040133/0001140361-22-040133-index.htm",
        "finalLink": "https://www.sec.gov/Archives/edgar/data/818479/000114036122040133/brhc10043534_10q.htm"
    },
    {
        "date": "2021-12-31",
        "symbol": "XRAY",
        "reportedCurrency": "USD",
        "cik": "0000818479",
        "fillingDate": "2022-03-01",
        "acceptedDate": "2022-03-01 08:03:36",
        "calendarYear": "2021",
        "period": "Q4",
        "revenue": 1088000000,
        "costOfRevenue": 495000000,
        "grossProfit": 593000000,
        "grossProfitRatio": 0.5450367647,
        "researchAndDevelopmentExpenses": 59000000,
        "generalAndAdministrativeExpenses": 0,
        "sellingAndMarketingExpenses": 0,
        "sellingGeneralAndAdministrativeExpenses": 374000000,
        "otherExpenses": 0,
        "operatingExpenses": 433000000,
        "costAndExpenses": 928000000,
        "interestIncome": 0,
        "interestExpense": 12000000,
        "depreciationAndAmortization": 85000000,
        "ebitda": 269000000,
        "ebitdaratio": 0.2472426471,
        "operatingIncome": 154000000,
        "operatingIncomeRatio": 0.1415441176,
        "totalOtherIncomeExpensesNet": -16000000,
        "incomeBeforeTax": 138000000,
        "incomeBeforeTaxRatio": 0.1268382353,
        "incomeTaxExpense": 36000000,
        "netIncome": 102000000,
        "netIncomeRatio": 0.09375,
        "eps": 0.47,
        "epsdiluted": 0.47,
        "weightedAverageShsOut": 218000000,
        "weightedAverageShsOutDil": 219200000,
        "link": "https://www.sec.gov/Archives/edgar/data/818479/000081847922000015/0000818479-22-000015-index.htm",
        "finalLink": "https://www.sec.gov/Archives/edgar/data/818479/000081847922000015/xray-20211231.htm"
    },
    {
        "date": "2021-09-30",
        "symbol": "XRAY",
        "reportedCurrency": "USD",
        "cik": "0000818479",
        "fillingDate": "2021-11-04",
        "acceptedDate": "2021-11-04 08:53:14",
        "calendarYear": "2021",
        "period": "Q3",
        "revenue": 1069000000,
        "costOfRevenue": 478000000,
        "grossProfit": 591000000,
        "grossProfitRatio": 0.5528531338,
        "researchAndDevelopmentExpenses": 35000000,
        "generalAndAdministrativeExpenses": 0,
        "sellingAndMarketingExpenses": 0,
        "sellingGeneralAndAdministrativeExpenses": 394000000,
        "otherExpenses": 4000000,
        "operatingExpenses": 429000000,
        "costAndExpenses": 907000000,
        "interestIncome": 0,
        "interestExpense": 14000000,
        "depreciationAndAmortization": 85000000,
        "ebitda": 221000000,
        "ebitdaratio": 0.2067352666,
        "operatingIncome": 159000000,
        "operatingIncomeRatio": 0.1487371375,
        "totalOtherIncomeExpensesNet": -19000000,
        "incomeBeforeTax": 138000000,
        "incomeBeforeTaxRatio": 0.1290926099,
        "incomeTaxExpense": 35000000,
        "netIncome": 84000000,
        "netIncomeRatio": 0.0785781104,
        "eps": 0.39,
        "epsdiluted": 0.38,
        "weightedAverageShsOut": 218600000,
        "weightedAverageShsOutDil": 220500000,
        "link": "https://www.sec.gov/Archives/edgar/data/818479/000114036122040128/0001140361-22-040128-index.htm",
        "finalLink": "https://www.sec.gov/Archives/edgar/data/818479/000114036122040128/brhc10043530_10qa.htm"
    },
    {
        "date": "2021-06-30",
        "symbol": "XRAY",
        "reportedCurrency": "USD",
        "cik": "0000818479",
        "fillingDate": "2021-08-05",
        "acceptedDate": "2021-08-05 09:16:10",
        "calendarYear": "2021",
        "period": "Q2",
        "revenue": 1067000000,
        "costOfRevenue": 469000000,
        "grossProfit": 598000000,
        "grossProfitRatio": 0.5604498594,
        "researchAndDevelopmentExpenses": 40000000,
        "generalAndAdministrativeExpenses": 0,
        "sellingAndMarketingExpenses": 0,
        "sellingGeneralAndAdministrativeExpenses": 398000000,
        "otherExpenses": 0,
        "operatingExpenses": 438000000,
        "costAndExpenses": 907000000,
        "interestIncome": 1000000,
        "interestExpense": 16000000,
        "depreciationAndAmortization": 88000000,
        "ebitda": 244000000,
        "ebitdaratio": 0.228678538,
        "operatingIncome": 155000000,
        "operatingIncomeRatio": 0.145267104,
        "totalOtherIncomeExpensesNet": -20000000,
        "incomeBeforeTax": 134000000,
        "incomeBeforeTaxRatio": 0.1255857545,
        "incomeTaxExpense": 35000000,
        "netIncome": 96000000,
        "netIncomeRatio": 0.0899718838,
        "eps": 0.44,
        "epsdiluted": 0.43,
        "weightedAverageShsOut": 218400000,
        "weightedAverageShsOutDil": 220700000,
        "link": "https://www.sec.gov/Archives/edgar/data/818479/000081847921000033/0000818479-21-000033-index.htm",
        "finalLink": "https://www.sec.gov/Archives/edgar/data/818479/000081847921000033/xray-20210630.htm"
    },
    {
        "date": "2021-03-31",
        "symbol": "XRAY",
        "reportedCurrency": "USD",
        "cik": "0000818479",
        "fillingDate": "2021-05-06",
        "acceptedDate": "2021-05-06 07:24:40",
        "calendarYear": "2021",
        "period": "Q1",
        "revenue": 1027000000,
        "costOfRevenue": 448000000,
        "grossProfit": 579000000,
        "grossProfitRatio": 0.5637779942,
        "researchAndDevelopmentExpenses": 37000000,
        "generalAndAdministrativeExpenses": 0,
        "sellingAndMarketingExpenses": 0,
        "sellingGeneralAndAdministrativeExpenses": 385000000,
        "otherExpenses": -2000000,
        "operatingExpenses": 422000000,
        "costAndExpenses": 870000000,
        "interestIncome": 0,
        "interestExpense": 14000000,
        "depreciationAndAmortization": 88000000,
        "ebitda": 236000000,
        "ebitdaratio": 0.2297955209,
        "operatingIncome": 154000000,
        "operatingIncomeRatio": 0.1499513145,
        "totalOtherIncomeExpensesNet": -5000000,
        "incomeBeforeTax": 149000000,
        "incomeBeforeTaxRatio": 0.1450827653,
        "incomeTaxExpense": 32000000,
        "netIncome": 112000000,
        "netIncomeRatio": 0.1090555015,
        "eps": 0.51,
        "epsdiluted": 0.51,
        "weightedAverageShsOut": 218800000,
        "weightedAverageShsOutDil": 219900000,
        "link": "https://www.sec.gov/Archives/edgar/data/818479/000081847921000013/0000818479-21-000013-index.htm",
        "finalLink": "https://www.sec.gov/Archives/edgar/data/818479/000081847921000013/xray-20210331.htm"
    },
    {
        "date": "2020-12-31",
        "symbol": "XRAY",
        "reportedCurrency": "USD",
        "cik": "0000818479",
        "fillingDate": "2021-03-01",
        "acceptedDate": "2021-03-01 17:03:28",
        "calendarYear": "2020",
        "period": "Q4",
        "revenue": 1082000000,
        "costOfRevenue": 511000000,
        "grossProfit": 571000000,
        "grossProfitRatio": 0.5277264325,
        "researchAndDevelopmentExpenses": 44000000,
        "generalAndAdministrativeExpenses": 420500000,
        "sellingAndMarketingExpenses": 500000,
        "sellingGeneralAndAdministrativeExpenses": 421000000,
        "otherExpenses": 0,
        "operatingExpenses": 421000000,
        "costAndExpenses": 932000000,
        "interestIncome": 0,
        "interestExpense": 14000000,
        "depreciationAndAmortization": 87600000,
        "ebitda": 235200000,
        "ebitdaratio": 0.2173752311,
        "operatingIncome": 135000000,
        "operatingIncomeRatio": 0.1247689464,
        "totalOtherIncomeExpensesNet": -21100000,
        "incomeBeforeTax": 123000000,
        "incomeBeforeTaxRatio": 0.1136783734,
        "incomeTaxExpense": 24000000,
        "netIncome": 98500000,
        "netIncomeRatio": 0.0910351201,
        "eps": 0.45,
        "epsdiluted": 0.45,
        "weightedAverageShsOut": 218600000,
        "weightedAverageShsOutDil": 219500000,
        "link": "https://www.sec.gov/Archives/edgar/data/818479/000081847921000007/0000818479-21-000007-index.htm",
        "finalLink": "https://www.sec.gov/Archives/edgar/data/818479/000081847921000007/xray-20201231.htm"
    },
    {
        "date": "2020-09-30",
        "symbol": "XRAY",
        "reportedCurrency": "USD",
        "cik": "0000818479",
        "fillingDate": "2020-11-05",
        "acceptedDate": "2020-11-05 16:31:29",
        "calendarYear": "2020",
        "period": "Q3",
        "revenue": 894800000,
        "costOfRevenue": 452500000,
        "grossProfit": 442300000,
        "grossProfitRatio": 0.4943004023,
        "researchAndDevelopmentExpenses": 29000000,
        "generalAndAdministrativeExpenses": 0,
        "sellingAndMarketingExpenses": 0,
        "sellingGeneralAndAdministrativeExpenses": 341900000,
        "otherExpenses": 0,
        "operatingExpenses": 341900000,
        "costAndExpenses": 794400000,
        "interestIncome": 400000,
        "interestExpense": 14500000,
        "depreciationAndAmortization": 88000000,
        "ebitda": 159000000,
        "ebitdaratio": 0.1776933393,
        "operatingIncome": 81700000,
        "operatingIncomeRatio": 0.0913053196,
        "totalOtherIncomeExpensesNet": -15000000,
        "incomeBeforeTax": 66700000,
        "incomeBeforeTaxRatio": 0.074541797,
        "incomeTaxExpense": 12500000,
        "netIncome": 47000000,
        "netIncomeRatio": 0.0525257041,
        "eps": 0.22,
        "epsdiluted": 0.22,
        "weightedAverageShsOut": 218500000,
        "weightedAverageShsOutDil": 219200000,
        "link": "https://www.sec.gov/Archives/edgar/data/818479/000081847920000052/0000818479-20-000052-index.htm",
        "finalLink": "https://www.sec.gov/Archives/edgar/data/818479/000081847920000052/xray-20200930.htm"
    },
    {
        "date": "2020-06-30",
        "symbol": "XRAY",
        "reportedCurrency": "USD",
        "cik": "0000818479",
        "fillingDate": "2020-08-06",
        "acceptedDate": "2020-08-06 16:20:08",
        "calendarYear": "2020",
        "period": "Q2",
        "revenue": 490600000,
        "costOfRevenue": 314500000,
        "grossProfit": 176100000,
        "grossProfitRatio": 0.3589482267,
        "researchAndDevelopmentExpenses": 18000000,
        "generalAndAdministrativeExpenses": 279100000,
        "sellingAndMarketingExpenses": 0,
        "sellingGeneralAndAdministrativeExpenses": 279100000,
        "otherExpenses": 1000000,
        "operatingExpenses": 279100000,
        "costAndExpenses": 593600000,
        "interestIncome": 1000000,
        "interestExpense": 13500000,
        "depreciationAndAmortization": 80000000,
        "ebitda": -27500000,
        "ebitdaratio": -0.0560538117,
        "operatingIncome": -104300000,
        "operatingIncomeRatio": -0.2125968202,
        "totalOtherIncomeExpensesNet": -15600000,
        "incomeBeforeTax": -119900000,
        "incomeBeforeTaxRatio": -0.2443946188,
        "incomeTaxExpense": -24000000,
        "netIncome": -95400000,
        "netIncomeRatio": -0.1944557684,
        "eps": -0.44,
        "epsdiluted": -0.44,
        "weightedAverageShsOut": 215909090,
        "weightedAverageShsOutDil": 218700000,
        "link": "https://www.sec.gov/Archives/edgar/data/818479/000081847920000037/0000818479-20-000037-index.htm",
        "finalLink": "https://www.sec.gov/Archives/edgar/data/818479/000081847920000037/xray-20200630.htm"
    },
    {
        "date": "2020-03-31",
        "symbol": "XRAY",
        "reportedCurrency": "USD",
        "cik": "0000818479",
        "fillingDate": "2020-05-11",
        "acceptedDate": "2020-05-11 16:11:56",
        "calendarYear": "2020",
        "period": "Q1",
        "revenue": 874300000,
        "costOfRevenue": 406500000,
        "grossProfit": 467800000,
        "grossProfitRatio": 0.5350566167,
        "researchAndDevelopmentExpenses": 34000000,
        "generalAndAdministrativeExpenses": 393500000,
        "sellingAndMarketingExpenses": 0,
        "sellingGeneralAndAdministrativeExpenses": 393500000,
        "otherExpenses": 200000000,
        "operatingExpenses": 393500000,
        "costAndExpenses": 800000000,
        "interestIncome": 400000,
        "interestExpense": 8400000,
        "depreciationAndAmortization": 79000000,
        "ebitda": -41900000,
        "ebitdaratio": -0.0479240535,
        "operatingIncome": -124800000,
        "operatingIncomeRatio": -0.1427427656,
        "totalOtherIncomeExpensesNet": -4700000,
        "incomeBeforeTax": -129700000,
        "incomeBeforeTaxRatio": -0.1483472492,
        "incomeTaxExpense": 10200000,
        "netIncome": -139900000,
        "netIncomeRatio": -0.1600137253,
        "eps": -0.63,
        "epsdiluted": -0.63,
        "weightedAverageShsOut": 220900000,
        "weightedAverageShsOutDil": 220900000,
        "link": "https://www.sec.gov/Archives/edgar/data/818479/000081847920000023/0000818479-20-000023-index.htm",
        "finalLink": "https://www.sec.gov/Archives/edgar/data/818479/000081847920000023/xray-20200331.htm"
    },
    {
        "date": "2019-12-31",
        "symbol": "XRAY",
        "reportedCurrency": "USD",
        "cik": "0000818479",
        "fillingDate": "2020-03-02",
        "acceptedDate": "2020-03-02 07:34:56",
        "calendarYear": "2019",
        "period": "Q4",
        "revenue": 1111500000,
        "costOfRevenue": 500900000,
        "grossProfit": 610600000,
        "grossProfitRatio": 0.5493477283,
        "researchAndDevelopmentExpenses": 131000000,
        "generalAndAdministrativeExpenses": 461400000,
        "sellingAndMarketingExpenses": 0,
        "sellingGeneralAndAdministrativeExpenses": 461400000,
        "otherExpenses": 0,
        "operatingExpenses": 461400000,
        "costAndExpenses": 962300000,
        "interestIncome": 400000,
        "interestExpense": 6400000,
        "depreciationAndAmortization": 78300000,
        "ebitda": 223700000,
        "ebitdaratio": 0.2012595592,
        "operatingIncome": 136600000,
        "operatingIncomeRatio": 0.1228969861,
        "totalOtherIncomeExpensesNet": -11100000,
        "incomeBeforeTax": 137500000,
        "incomeBeforeTaxRatio": 0.1237067027,
        "incomeTaxExpense": 35000000,
        "netIncome": 102300000,
        "netIncomeRatio": 0.0920377868,
        "eps": 0.46,
        "epsdiluted": 0.46,
        "weightedAverageShsOut": 222700000,
        "weightedAverageShsOutDil": 223500000,
        "link": "https://www.sec.gov/Archives/edgar/data/818479/000081847920000006/0000818479-20-000006-index.htm",
        "finalLink": "https://www.sec.gov/Archives/edgar/data/818479/000081847920000006/xray-20191231.htm"
    },
    {
        "date": "2019-09-30",
        "symbol": "XRAY",
        "reportedCurrency": "USD",
        "cik": "0000818479",
        "fillingDate": "2019-11-07",
        "acceptedDate": "2019-11-07 07:17:44",
        "calendarYear": "2019",
        "period": "Q3",
        "revenue": 962100000,
        "costOfRevenue": 448100000,
        "grossProfit": 514000000,
        "grossProfitRatio": 0.5342479992,
        "researchAndDevelopmentExpenses": 0,
        "generalAndAdministrativeExpenses": 399300000,
        "sellingAndMarketingExpenses": 0,
        "sellingGeneralAndAdministrativeExpenses": 399300000,
        "otherExpenses": 0,
        "operatingExpenses": 399300000,
        "costAndExpenses": 847400000,
        "interestIncome": 700000,
        "interestExpense": 6600000,
        "depreciationAndAmortization": 78600000,
        "ebitda": 195800000,
        "ebitdaratio": 0.2035131483,
        "operatingIncome": 109500000,
        "operatingIncomeRatio": 0.1138135329,
        "totalOtherIncomeExpensesNet": -3000000,
        "incomeBeforeTax": 106500000,
        "incomeBeforeTaxRatio": 0.1106953539,
        "incomeTaxExpense": 21500000,
        "netIncome": 85000000,
        "netIncomeRatio": 0.0883484045,
        "eps": 0.38,
        "epsdiluted": 0.38,
        "weightedAverageShsOut": 223100000,
        "weightedAverageShsOutDil": 224900000,
        "link": "https://www.sec.gov/Archives/edgar/data/818479/000081847919000063/0000818479-19-000063-index.htm",
        "finalLink": "https://www.sec.gov/Archives/edgar/data/818479/000081847919000063/xray-20190930.htm"
    },
    {
        "date": "2019-06-30",
        "symbol": "XRAY",
        "reportedCurrency": "USD",
        "cik": "0000818479",
        "fillingDate": "2019-08-02",
        "acceptedDate": "2019-08-02 07:18:02",
        "calendarYear": "2019",
        "period": "Q2",
        "revenue": 1009400000,
        "costOfRevenue": 468600000,
        "grossProfit": 540800000,
        "grossProfitRatio": 0.5357638201,
        "researchAndDevelopmentExpenses": 0,
        "generalAndAdministrativeExpenses": 430900000,
        "sellingAndMarketingExpenses": 0,
        "sellingGeneralAndAdministrativeExpenses": 430900000,
        "otherExpenses": 0,
        "operatingExpenses": 430900000,
        "costAndExpenses": 899500000,
        "interestIncome": 200000,
        "interestExpense": 8000000,
        "depreciationAndAmortization": 82800000,
        "ebitda": 193800000,
        "ebitdaratio": 0.1919952447,
        "operatingIncome": 67500000,
        "operatingIncomeRatio": 0.0668714088,
        "totalOtherIncomeExpensesNet": -19900000,
        "incomeBeforeTax": 47600000,
        "incomeBeforeTaxRatio": 0.0471567268,
        "incomeTaxExpense": 11200000,
        "netIncome": 36400000,
        "netIncomeRatio": 0.0360610264,
        "eps": 0.16,
        "epsdiluted": 0.16,
        "weightedAverageShsOut": 224200000,
        "weightedAverageShsOutDil": 225700000,
        "link": "https://www.sec.gov/Archives/edgar/data/818479/000081847919000049/0000818479-19-000049-index.htm",
        "finalLink": "https://www.sec.gov/Archives/edgar/data/818479/000081847919000049/xray-20190630.htm"
    },
    {
        "date": "2019-03-31",
        "symbol": "XRAY",
        "reportedCurrency": "USD",
        "cik": "0000818479",
        "fillingDate": "2019-05-03",
        "acceptedDate": "2019-05-03 07:46:35",
        "calendarYear": "2019",
        "period": "Q1",
        "revenue": 946200000,
        "costOfRevenue": 446500000,
        "grossProfit": 499700000,
        "grossProfitRatio": 0.5281124498,
        "researchAndDevelopmentExpenses": 0,
        "generalAndAdministrativeExpenses": 431900000,
        "sellingAndMarketingExpenses": 0,
        "sellingGeneralAndAdministrativeExpenses": 431900000,
        "otherExpenses": 0,
        "operatingExpenses": 431900000,
        "costAndExpenses": 878400000,
        "interestIncome": 1100000,
        "interestExpense": 8400000,
        "depreciationAndAmortization": 83100000,
        "ebitda": 149900000,
        "ebitdaratio": 0.1584231663,
        "operatingIncome": 47300000,
        "operatingIncomeRatio": 0.0499894314,
        "totalOtherIncomeExpensesNet": 6500000,
        "incomeBeforeTax": 53800000,
        "incomeBeforeTaxRatio": 0.056859015,
        "incomeTaxExpense": 14600000,
        "netIncome": 39200000,
        "netIncomeRatio": 0.0414288734,
        "eps": 0.18,
        "epsdiluted": 0.17,
        "weightedAverageShsOut": 223300000,
        "weightedAverageShsOutDil": 225000000,
        "link": "https://www.sec.gov/Archives/edgar/data/818479/000081847919000023/0000818479-19-000023-index.htm",
        "finalLink": "https://www.sec.gov/Archives/edgar/data/818479/000081847919000023/xray-20190331.htm"
    },
    {
        "date": "2018-12-31",
        "symbol": "XRAY",
        "reportedCurrency": "USD",
        "cik": "0000818479",
        "fillingDate": "2019-03-08",
        "acceptedDate": "2019-03-08 08:33:04",
        "calendarYear": "2018",
        "period": "Q4",
        "revenue": 1059700000,
        "costOfRevenue": 534900000,
        "grossProfit": 524800000,
        "grossProfitRatio": 0.4952345003,
        "researchAndDevelopmentExpenses": 160500000,
        "generalAndAdministrativeExpenses": 433200000,
        "sellingAndMarketingExpenses": 0,
        "sellingGeneralAndAdministrativeExpenses": 433200000,
        "otherExpenses": 4200000,
        "operatingExpenses": 433200000,
        "costAndExpenses": 968100000,
        "interestIncome": 500000,
        "interestExpense": 9400000,
        "depreciationAndAmortization": 77700000,
        "ebitda": 171600000,
        "ebitdaratio": 0.1619326224,
        "operatingIncome": 81800000,
        "operatingIncomeRatio": 0.077191658,
        "totalOtherIncomeExpensesNet": -4400000,
        "incomeBeforeTax": 77400000,
        "incomeBeforeTaxRatio": 0.0730395395,
        "incomeTaxExpense": 75900000,
        "netIncome": 1800000,
        "netIncomeRatio": 0.0016985939,
        "eps": 0.01,
        "epsdiluted": 0.01,
        "weightedAverageShsOut": 222700000,
        "weightedAverageShsOutDil": 223500000,
        "link": "https://www.sec.gov/Archives/edgar/data/818479/000081847919000010/0000818479-19-000010-index.htm",
        "finalLink": "https://www.sec.gov/Archives/edgar/data/818479/000081847919000010/xray-20181231.htm"
    },
    {
        "date": "2018-09-30",
        "symbol": "XRAY",
        "reportedCurrency": "USD",
        "cik": "0000818479",
        "fillingDate": "2018-11-08",
        "acceptedDate": "2018-11-08 16:23:13",
        "calendarYear": "2018",
        "period": "Q3",
        "revenue": 928400000,
        "costOfRevenue": 452300000,
        "grossProfit": 476100000,
        "grossProfitRatio": 0.512817751,
        "researchAndDevelopmentExpenses": 0,
        "generalAndAdministrativeExpenses": 418500000,
        "sellingAndMarketingExpenses": 0,
        "sellingGeneralAndAdministrativeExpenses": 418500000,
        "otherExpenses": 0,
        "operatingExpenses": 418500000,
        "costAndExpenses": 870800000,
        "interestIncome": 600000,
        "interestExpense": 9700000,
        "depreciationAndAmortization": 84200000,
        "ebitda": 141800000,
        "ebitdaratio": 0.1527358897,
        "operatingIncome": 45500000,
        "operatingIncomeRatio": 0.0490090478,
        "totalOtherIncomeExpensesNet": -13800000,
        "incomeBeforeTax": 31700000,
        "incomeBeforeTaxRatio": 0.0341447652,
        "incomeTaxExpense": 4200000,
        "netIncome": 28000000,
        "netIncomeRatio": 0.030159414,
        "eps": 0.13,
        "epsdiluted": 0.13,
        "weightedAverageShsOut": 222400000,
        "weightedAverageShsOutDil": 223700000,
        "link": "https://www.sec.gov/Archives/edgar/data/818479/000081847918000042/0000818479-18-000042-index.htm",
        "finalLink": "https://www.sec.gov/Archives/edgar/data/818479/000081847918000042/xray-20180930.htm"
    },
    {
        "date": "2018-06-30",
        "symbol": "XRAY",
        "reportedCurrency": "USD",
        "cik": "0000818479",
        "fillingDate": "2018-08-07",
        "acceptedDate": "2018-08-07 16:46:46",
        "calendarYear": "2018",
        "period": "Q2",
        "revenue": 1042100000,
        "costOfRevenue": 489300000,
        "grossProfit": 552800000,
        "grossProfitRatio": 0.5304673256,
        "researchAndDevelopmentExpenses": 0,
        "generalAndAdministrativeExpenses": 432200000,
        "sellingAndMarketingExpenses": 0,
        "sellingGeneralAndAdministrativeExpenses": 432200000,
        "otherExpenses": 0,
        "operatingExpenses": 432200000,
        "costAndExpenses": 921500000,
        "interestIncome": 400000,
        "interestExpense": 9600000,
        "depreciationAndAmortization": 85700000,
        "ebitda": -1065700000,
        "ebitdaratio": -1.022646579,
        "operatingIncome": -1154100000,
        "operatingIncomeRatio": -1.1074752903,
        "totalOtherIncomeExpensesNet": -8200000,
        "incomeBeforeTax": -1162300000,
        "incomeBeforeTaxRatio": -1.1153440169,
        "incomeTaxExpense": -41300000,
        "netIncome": -1122000000,
        "netIncomeRatio": -1.0766721044,
        "eps": -4.98,
        "epsdiluted": -4.98,
        "weightedAverageShsOut": 225200000,
        "weightedAverageShsOutDil": 225200000,
        "link": "https://www.sec.gov/Archives/edgar/data/818479/000081847918000035/0000818479-18-000035-index.htm",
        "finalLink": "https://www.sec.gov/Archives/edgar/data/818479/000081847918000035/dentsplysirona10-q22018.htm"
    },
    {
        "date": "2018-03-31",
        "symbol": "XRAY",
        "reportedCurrency": "USD",
        "cik": "0000818479",
        "fillingDate": "2018-05-07",
        "acceptedDate": "2018-05-07 07:49:23",
        "calendarYear": "2018",
        "period": "Q1",
        "revenue": 956100000,
        "costOfRevenue": 442000000,
        "grossProfit": 514100000,
        "grossProfitRatio": 0.537705261,
        "researchAndDevelopmentExpenses": 0,
        "generalAndAdministrativeExpenses": 435200000,
        "sellingAndMarketingExpenses": 0,
        "sellingGeneralAndAdministrativeExpenses": 435200000,
        "otherExpenses": 0,
        "operatingExpenses": 435200000,
        "costAndExpenses": 877200000,
        "interestIncome": 600000,
        "interestExpense": 8600000,
        "depreciationAndAmortization": 83200000,
        "ebitda": 162100000,
        "ebitdaratio": 0.1695429348,
        "operatingIncome": 68700000,
        "operatingIncomeRatio": 0.0718544085,
        "totalOtherIncomeExpensesNet": 26100000,
        "incomeBeforeTax": 94800000,
        "incomeBeforeTaxRatio": 0.0991528083,
        "incomeTaxExpense": 13700000,
        "netIncome": 81200000,
        "netIncomeRatio": 0.0849283548,
        "eps": 0.36,
        "epsdiluted": 0.35,
        "weightedAverageShsOut": 227200000,
        "weightedAverageShsOutDil": 229900000,
        "link": "https://www.sec.gov/Archives/edgar/data/818479/000081847918000019/0000818479-18-000019-index.htm",
        "finalLink": "https://www.sec.gov/Archives/edgar/data/818479/000081847918000019/dentsplysirona10-q12018.htm"
    },
    {
        "date": "2017-12-31",
        "symbol": "XRAY",
        "reportedCurrency": "USD",
        "cik": "0000818479",
        "fillingDate": "2018-03-15",
        "acceptedDate": "2018-03-15 16:08:24",
        "calendarYear": "2017",
        "period": "Q4",
        "revenue": 1091000000,
        "costOfRevenue": 497700000,
        "grossProfit": 593300000,
        "grossProfitRatio": 0.5438130156,
        "researchAndDevelopmentExpenses": 151700000,
        "generalAndAdministrativeExpenses": 421900000,
        "sellingAndMarketingExpenses": 0,
        "sellingGeneralAndAdministrativeExpenses": 421900000,
        "otherExpenses": 875500000,
        "operatingExpenses": 421900000,
        "costAndExpenses": 919600000,
        "interestIncome": 700000,
        "interestExpense": 9600000,
        "depreciationAndAmortization": 82000000,
        "ebitda": -644900000,
        "ebitdaratio": -0.5911090742,
        "operatingIncome": -729400000,
        "operatingIncomeRatio": -0.6685609533,
        "totalOtherIncomeExpensesNet": -6500000,
        "incomeBeforeTax": -735900000,
        "incomeBeforeTaxRatio": -0.6745187901,
        "incomeTaxExpense": -62700000,
        "netIncome": -673400000,
        "netIncomeRatio": -0.6172318973,
        "eps": -2.95,
        "epsdiluted": -2.95,
        "weightedAverageShsOut": 228490407,
        "weightedAverageShsOutDil": 228600000,
        "link": "https://www.sec.gov/Archives/edgar/data/818479/000081847918000014/0000818479-18-000014-index.htm",
        "finalLink": "https://www.sec.gov/Archives/edgar/data/818479/000081847918000014/dentsplysirona201710-k.htm"
    },
    {
        "date": "2017-09-30",
        "symbol": "XRAY",
        "reportedCurrency": "USD",
        "cik": "0000818479",
        "fillingDate": "2017-11-09",
        "acceptedDate": "2017-11-09 16:13:44",
        "calendarYear": "2017",
        "period": "Q3",
        "revenue": 1009200000,
        "costOfRevenue": 450200000,
        "grossProfit": 559000000,
        "grossProfitRatio": 0.5539040824,
        "researchAndDevelopmentExpenses": 0,
        "generalAndAdministrativeExpenses": 430500000,
        "sellingAndMarketingExpenses": 0,
        "sellingGeneralAndAdministrativeExpenses": 430500000,
        "otherExpenses": 0,
        "operatingExpenses": 430500000,
        "costAndExpenses": 880700000,
        "interestIncome": 400000,
        "interestExpense": 9800000,
        "depreciationAndAmortization": 80500000,
        "ebitda": 206100000,
        "ebitdaratio": 0.2042211653,
        "operatingIncome": 107900000,
        "operatingIncomeRatio": 0.1069163694,
        "totalOtherIncomeExpensesNet": -10300000,
        "incomeBeforeTax": 97600000,
        "incomeBeforeTaxRatio": 0.0967102656,
        "incomeTaxExpense": 7100000,
        "netIncome": 90600000,
        "netIncomeRatio": 0.0897740785,
        "eps": 0.39,
        "epsdiluted": 0.39,
        "weightedAverageShsOut": 229500000,
        "weightedAverageShsOutDil": 233100000,
        "link": "https://www.sec.gov/Archives/edgar/data/818479/000081847917000031/0000818479-17-000031-index.htm",
        "finalLink": "https://www.sec.gov/Archives/edgar/data/818479/000081847917000031/dentsplysirona10-q32017.htm"
    },
    {
        "date": "2017-06-30",
        "symbol": "XRAY",
        "reportedCurrency": "USD",
        "cik": "0000818479",
        "fillingDate": "2017-08-09",
        "acceptedDate": "2017-08-09 16:32:28",
        "calendarYear": "2017",
        "period": "Q2",
        "revenue": 992700000,
        "costOfRevenue": 448500000,
        "grossProfit": 544200000,
        "grossProfitRatio": 0.5482018737,
        "researchAndDevelopmentExpenses": 0,
        "generalAndAdministrativeExpenses": 417600000,
        "sellingAndMarketingExpenses": 0,
        "sellingGeneralAndAdministrativeExpenses": 417600000,
        "otherExpenses": 0,
        "operatingExpenses": 417600000,
        "costAndExpenses": 866100000,
        "interestIncome": 600000,
        "interestExpense": 9600000,
        "depreciationAndAmortization": 77800000,
        "ebitda": -977800000,
        "ebitdaratio": -0.9849904301,
        "operatingIncome": -1048000000,
        "operatingIncomeRatio": -1.0557066586,
        "totalOtherIncomeExpensesNet": -16800000,
        "incomeBeforeTax": -1064800000,
        "incomeBeforeTaxRatio": -1.0726302005,
        "incomeTaxExpense": -14500000,
        "netIncome": -1050000000,
        "netIncomeRatio": -1.057721366,
        "eps": -4.58,
        "epsdiluted": -4.58,
        "weightedAverageShsOut": 229257641,
        "weightedAverageShsOutDil": 229400000,
        "link": "https://www.sec.gov/Archives/edgar/data/818479/000081847917000025/0000818479-17-000025-index.htm",
        "finalLink": "https://www.sec.gov/Archives/edgar/data/818479/000081847917000025/dentsplysirona10-q22017.htm"
    },
    {
        "date": "2017-03-31",
        "symbol": "XRAY",
        "reportedCurrency": "USD",
        "cik": "0000818479",
        "fillingDate": "2017-05-10",
        "acceptedDate": "2017-05-10 15:54:20",
        "calendarYear": "2017",
        "period": "Q1",
        "revenue": 900500000,
        "costOfRevenue": 408500000,
        "grossProfit": 492000000,
        "grossProfitRatio": 0.5463631316,
        "researchAndDevelopmentExpenses": 0,
        "generalAndAdministrativeExpenses": 404700000,
        "sellingAndMarketingExpenses": 0,
        "sellingGeneralAndAdministrativeExpenses": 404700000,
        "otherExpenses": 3100000,
        "operatingExpenses": 404700000,
        "costAndExpenses": 813200000,
        "interestIncome": 700000,
        "interestExpense": 9300000,
        "depreciationAndAmortization": 76100000,
        "ebitda": 162000000,
        "ebitdaratio": 0.1799000555,
        "operatingIncome": 84200000,
        "operatingIncomeRatio": 0.0935036091,
        "totalOtherIncomeExpensesNet": -7600000,
        "incomeBeforeTax": 76600000,
        "incomeBeforeTaxRatio": 0.0850638534,
        "incomeTaxExpense": 16900000,
        "netIncome": 59800000,
        "netIncomeRatio": 0.0664075514,
        "eps": 0.26,
        "epsdiluted": 0.26,
        "weightedAverageShsOut": 230100000,
        "weightedAverageShsOutDil": 234000000,
        "link": "https://www.sec.gov/Archives/edgar/data/818479/000081847917000012/0000818479-17-000012-index.htm",
        "finalLink": "https://www.sec.gov/Archives/edgar/data/818479/000081847917000012/dentsplysirona10-q12017.htm"
    },
    {
        "date": "2016-12-31",
        "symbol": "XRAY",
        "reportedCurrency": "USD",
        "cik": "0000818479",
        "fillingDate": "2017-03-01",
        "acceptedDate": "2017-03-01 16:14:12",
        "calendarYear": "2016",
        "period": "Q4",
        "revenue": 996500000,
        "costOfRevenue": 455000000,
        "grossProfit": 541500000,
        "grossProfitRatio": 0.5434019067,
        "researchAndDevelopmentExpenses": 128500000,
        "generalAndAdministrativeExpenses": 399700000,
        "sellingAndMarketingExpenses": 0,
        "sellingGeneralAndAdministrativeExpenses": 399700000,
        "otherExpenses": 0,
        "operatingExpenses": 399700000,
        "costAndExpenses": 854700000,
        "interestIncome": 600000,
        "interestExpense": 9000000,
        "depreciationAndAmortization": 74800000,
        "ebitda": 246500000,
        "ebitdaratio": 0.2473657802,
        "operatingIncome": 134200000,
        "operatingIncomeRatio": 0.1346713497,
        "totalOtherIncomeExpensesNet": -1600000,
        "incomeBeforeTax": 132500000,
        "incomeBeforeTaxRatio": 0.1329653788,
        "incomeTaxExpense": 24600000,
        "netIncome": 107000000,
        "netIncomeRatio": 0.1073758154,
        "eps": 0.46,
        "epsdiluted": 0.46,
        "weightedAverageShsOut": 230700000,
        "weightedAverageShsOutDil": 234200000,
        "link": "https://www.sec.gov/Archives/edgar/data/818479/000081847917000007/0000818479-17-000007-index.htm",
        "finalLink": "https://www.sec.gov/Archives/edgar/data/818479/000081847917000007/dentsplysirona201610-k.htm"
    },
    {
        "date": "2016-09-30",
        "symbol": "XRAY",
        "reportedCurrency": "USD",
        "cik": "0000818479",
        "fillingDate": "2016-11-04",
        "acceptedDate": "2016-11-04 15:09:07",
        "calendarYear": "2016",
        "period": "Q3",
        "revenue": 954200000,
        "costOfRevenue": 440600000,
        "grossProfit": 513600000,
        "grossProfitRatio": 0.5382519388,
        "researchAndDevelopmentExpenses": 0,
        "generalAndAdministrativeExpenses": 379100000,
        "sellingAndMarketingExpenses": 0,
        "sellingGeneralAndAdministrativeExpenses": 379100000,
        "otherExpenses": 0,
        "operatingExpenses": 379100000,
        "costAndExpenses": 819700000,
        "interestIncome": 500000,
        "interestExpense": 8400000,
        "depreciationAndAmortization": 76200000,
        "ebitda": 210700000,
        "ebitdaratio": 0.2208132467,
        "operatingIncome": 126600000,
        "operatingIncomeRatio": 0.1326765877,
        "totalOtherIncomeExpensesNet": -9500000,
        "incomeBeforeTax": 117100000,
        "incomeBeforeTaxRatio": 0.1227206036,
        "incomeTaxExpense": 24800000,
        "netIncome": 92500000,
        "netIncomeRatio": 0.0969398449,
        "eps": 0.4,
        "epsdiluted": 0.39,
        "weightedAverageShsOut": 232600000,
        "weightedAverageShsOutDil": 236300000,
        "link": "https://www.sec.gov/Archives/edgar/data/818479/000081847916000086/0000818479-16-000086-index.htm",
        "finalLink": "https://www.sec.gov/Archives/edgar/data/818479/000081847916000086/dentsplysirona10-q32016.htm"
    },
    {
        "date": "2016-06-30",
        "symbol": "XRAY",
        "reportedCurrency": "USD",
        "cik": "0000818479",
        "fillingDate": "2016-08-05",
        "acceptedDate": "2016-08-05 16:03:54",
        "calendarYear": "2016",
        "period": "Q2",
        "revenue": 1022000000,
        "costOfRevenue": 495100000,
        "grossProfit": 526900000,
        "grossProfitRatio": 0.5155577299,
        "researchAndDevelopmentExpenses": 0,
        "generalAndAdministrativeExpenses": 402100000,
        "sellingAndMarketingExpenses": 0,
        "sellingGeneralAndAdministrativeExpenses": 402100000,
        "otherExpenses": 3600000,
        "operatingExpenses": 402100000,
        "costAndExpenses": 897200000,
        "interestIncome": 400000,
        "interestExpense": 9300000,
        "depreciationAndAmortization": 75400000,
        "ebitda": 200200000,
        "ebitdaratio": 0.195890411,
        "operatingIncome": 121200000,
        "operatingIncomeRatio": 0.118590998,
        "totalOtherIncomeExpensesNet": 2600000,
        "incomeBeforeTax": 123800000,
        "incomeBeforeTaxRatio": 0.1211350294,
        "incomeTaxExpense": 17900000,
        "netIncome": 105400000,
        "netIncomeRatio": 0.1031311155,
        "eps": 0.45,
        "epsdiluted": 0.44,
        "weightedAverageShsOut": 233700000,
        "weightedAverageShsOutDil": 237400000,
        "link": "https://www.sec.gov/Archives/edgar/data/818479/000081847916000081/0000818479-16-000081-index.htm",
        "finalLink": "https://www.sec.gov/Archives/edgar/data/818479/000081847916000081/dentsplysirona10-q22016.htm"
    },
    {
        "date": "2016-03-31",
        "symbol": "XRAY",
        "reportedCurrency": "USD",
        "cik": "0000818479",
        "fillingDate": "2016-05-06",
        "acceptedDate": "2016-05-06 16:35:06",
        "calendarYear": "2016",
        "period": "Q1",
        "revenue": 772600000,
        "costOfRevenue": 353700000,
        "grossProfit": 418900000,
        "grossProfitRatio": 0.5421951851,
        "researchAndDevelopmentExpenses": 0,
        "generalAndAdministrativeExpenses": 342100000,
        "sellingAndMarketingExpenses": 0,
        "sellingGeneralAndAdministrativeExpenses": 342100000,
        "otherExpenses": 0,
        "operatingExpenses": 342100000,
        "costAndExpenses": 695800000,
        "interestIncome": 500000,
        "interestExpense": 9200000,
        "depreciationAndAmortization": 45300000,
        "ebitda": 122100000,
        "ebitdaratio": 0.1580377945,
        "operatingIncome": 72700000,
        "operatingIncomeRatio": 0.0940978514,
        "totalOtherIncomeExpensesNet": -5300000,
        "incomeBeforeTax": 67400000,
        "incomeBeforeTaxRatio": 0.087237898,
        "incomeTaxExpense": -57900000,
        "netIncome": 125000000,
        "netIncomeRatio": 0.1617913539,
        "eps": 0.72,
        "epsdiluted": 0.7,
        "weightedAverageShsOut": 174800000,
        "weightedAverageShsOutDil": 178400000,
        "link": "https://www.sec.gov/Archives/edgar/data/818479/000081847916000065/0000818479-16-000065-index.htm",
        "finalLink": "https://www.sec.gov/Archives/edgar/data/818479/000081847916000065/dentsplysirona10-q12016.htm"
    },
    {
        "date": "2015-12-31",
        "symbol": "XRAY",
        "reportedCurrency": "USD",
        "cik": "0000818479",
        "fillingDate": "2016-02-12",
        "acceptedDate": "2016-02-12 15:17:12",
        "calendarYear": "2015",
        "period": "Q4",
        "revenue": 671100000,
        "costOfRevenue": 296400000,
        "grossProfit": 374700000,
        "grossProfitRatio": 0.5583370586,
        "researchAndDevelopmentExpenses": 74900000,
        "generalAndAdministrativeExpenses": 267800000,
        "sellingAndMarketingExpenses": 0,
        "sellingGeneralAndAdministrativeExpenses": 267800000,
        "otherExpenses": 30300000,
        "operatingExpenses": 267800000,
        "costAndExpenses": 564200000,
        "interestIncome": 400000,
        "interestExpense": 25800000,
        "depreciationAndAmortization": 28500000,
        "ebitda": 151900000,
        "ebitdaratio": 0.226344807,
        "operatingIncome": 93100000,
        "operatingIncomeRatio": 0.1387274624,
        "totalOtherIncomeExpensesNet": -20700000,
        "incomeBeforeTax": 72300000,
        "incomeBeforeTaxRatio": 0.1077335717,
        "incomeTaxExpense": 13800000,
        "netIncome": 58600000,
        "netIncomeRatio": 0.0873193265,
        "eps": 0.42,
        "epsdiluted": 0.41,
        "weightedAverageShsOut": 140000000,
        "weightedAverageShsOutDil": 142900000,
        "link": "https://www.sec.gov/Archives/edgar/data/818479/000081847916000056/0000818479-16-000056-index.htm",
        "finalLink": "https://www.sec.gov/Archives/edgar/data/818479/000081847916000056/dentsply201510-k.htm"
    },
    {
        "date": "2015-09-30",
        "symbol": "XRAY",
        "reportedCurrency": "USD",
        "cik": "0000818479",
        "fillingDate": "2015-10-30",
        "acceptedDate": "2015-10-30 15:42:34",
        "calendarYear": "2015",
        "period": "Q3",
        "revenue": 648900000,
        "costOfRevenue": 279400000,
        "grossProfit": 369500000,
        "grossProfitRatio": 0.5694251811,
        "researchAndDevelopmentExpenses": 0,
        "generalAndAdministrativeExpenses": 264300000,
        "sellingAndMarketingExpenses": 0,
        "sellingGeneralAndAdministrativeExpenses": 264300000,
        "otherExpenses": 0,
        "operatingExpenses": 264300000,
        "costAndExpenses": 543700000,
        "interestIncome": 400000,
        "interestExpense": 9600000,
        "depreciationAndAmortization": 33772000,
        "ebitda": 139000000,
        "ebitdaratio": 0.2142086608,
        "operatingIncome": 98600000,
        "operatingIncomeRatio": 0.1519494529,
        "totalOtherIncomeExpensesNet": -5400000,
        "incomeBeforeTax": 93200000,
        "incomeBeforeTaxRatio": 0.1436276776,
        "incomeTaxExpense": 19600000,
        "netIncome": 84500000,
        "netIncomeRatio": 0.1302203729,
        "eps": 0.6,
        "epsdiluted": 0.59,
        "weightedAverageShsOut": 139800000,
        "weightedAverageShsOutDil": 142400000,
        "link": "https://www.sec.gov/Archives/edgar/data/818479/000081847915000045/0000818479-15-000045-index.htm",
        "finalLink": "https://www.sec.gov/Archives/edgar/data/818479/000081847915000045/dentsply10-q32015.htm"
    },
    {
        "date": "2015-06-30",
        "symbol": "XRAY",
        "reportedCurrency": "USD",
        "cik": "0000818479",
        "fillingDate": "2015-07-30",
        "acceptedDate": "2015-07-30 17:04:58",
        "calendarYear": "2015",
        "period": "Q2",
        "revenue": 698006000,
        "costOfRevenue": 298345000,
        "grossProfit": 399661000,
        "grossProfitRatio": 0.5725753074,
        "researchAndDevelopmentExpenses": 0,
        "generalAndAdministrativeExpenses": 274979000,
        "sellingAndMarketingExpenses": 0,
        "sellingGeneralAndAdministrativeExpenses": 274979000,
        "otherExpenses": 0,
        "operatingExpenses": 274979000,
        "costAndExpenses": 573324000,
        "interestIncome": 660000,
        "interestExpense": 9824000,
        "depreciationAndAmortization": 30411000,
        "ebitda": 155100000,
        "ebitdaratio": 0.2222043937,
        "operatingIncome": 85801000,
        "operatingIncomeRatio": 0.1229230121,
        "totalOtherIncomeExpensesNet": -8800000,
        "incomeBeforeTax": 77013000,
        "incomeBeforeTaxRatio": 0.1103328625,
        "incomeTaxExpense": 24775000,
        "netIncome": 44100000,
        "netIncomeRatio": 0.0631799727,
        "eps": 0.32,
        "epsdiluted": 0.31,
        "weightedAverageShsOut": 139800000,
        "weightedAverageShsOutDil": 142300000,
        "link": "https://www.sec.gov/Archives/edgar/data/818479/000081847915000034/0000818479-15-000034-index.htm",
        "finalLink": "https://www.sec.gov/Archives/edgar/data/818479/000081847915000034/dentsply10-q22015.htm"
    },
    {
        "date": "2015-03-31",
        "symbol": "XRAY",
        "reportedCurrency": "USD",
        "cik": "0000818479",
        "fillingDate": "2015-05-06",
        "acceptedDate": "2015-05-06 16:34:11",
        "calendarYear": "2015",
        "period": "Q1",
        "revenue": 656320000,
        "costOfRevenue": 282952000,
        "grossProfit": 373368000,
        "grossProfitRatio": 0.5688810336,
        "researchAndDevelopmentExpenses": 0,
        "generalAndAdministrativeExpenses": 270233000,
        "sellingAndMarketingExpenses": 0,
        "sellingGeneralAndAdministrativeExpenses": 270233000,
        "otherExpenses": 0,
        "operatingExpenses": 270233000,
        "costAndExpenses": 553185000,
        "interestIncome": 742000,
        "interestExpense": 10668000,
        "depreciationAndAmortization": 30217000,
        "ebitda": 133300000,
        "ebitdaratio": 0.2031021453,
        "operatingIncome": 97709000,
        "operatingIncomeRatio": 0.1488740249,
        "totalOtherIncomeExpensesNet": -10526000,
        "incomeBeforeTax": 87174000,
        "incomeBeforeTaxRatio": 0.1328224037,
        "incomeTaxExpense": 18853000,
        "netIncome": 64000000,
        "netIncomeRatio": 0.0975134081,
        "eps": 0.46,
        "epsdiluted": 0.45,
        "weightedAverageShsOut": 140300000,
        "weightedAverageShsOutDil": 142800000,
        "link": "https://www.sec.gov/Archives/edgar/data/818479/000081847915000015/0000818479-15-000015-index.htm",
        "finalLink": "https://www.sec.gov/Archives/edgar/data/818479/000081847915000015/dentsply10-q12015.htm"
    },
    {
        "date": "2014-12-31",
        "symbol": "XRAY",
        "reportedCurrency": "USD",
        "cik": "0000818479",
        "fillingDate": "2015-02-20",
        "acceptedDate": "2015-02-20 16:57:30",
        "calendarYear": "2014",
        "period": "Q4",
        "revenue": 719041000,
        "costOfRevenue": 325990000,
        "grossProfit": 393051000,
        "grossProfitRatio": 0.5466322505,
        "researchAndDevelopmentExpenses": 80800000,
        "generalAndAdministrativeExpenses": 283163000,
        "sellingAndMarketingExpenses": 0,
        "sellingGeneralAndAdministrativeExpenses": 283163000,
        "otherExpenses": 0,
        "operatingExpenses": 283163000,
        "costAndExpenses": 609153000,
        "interestIncome": 1022000,
        "interestExpense": 11492000,
        "depreciationAndAmortization": 29599000,
        "ebitda": 135809000,
        "ebitdaratio": 0.1888751824,
        "operatingIncome": 103343000,
        "operatingIncomeRatio": 0.143723376,
        "totalOtherIncomeExpensesNet": -8625000,
        "incomeBeforeTax": 94718000,
        "incomeBeforeTaxRatio": 0.1317282325,
        "incomeTaxExpense": 11289000,
        "netIncome": 84710000,
        "netIncomeRatio": 0.1178096937,
        "eps": 0.6,
        "epsdiluted": 0.59,
        "weightedAverageShsOut": 141254000,
        "weightedAverageShsOutDil": 143996000,
        "link": "https://www.sec.gov/Archives/edgar/data/818479/000081847915000005/0000818479-15-000005-index.htm",
        "finalLink": "https://www.sec.gov/Archives/edgar/data/818479/000081847915000005/dentsply201410-k.htm"
    },
    {
        "date": "2014-09-30",
        "symbol": "XRAY",
        "reportedCurrency": "USD",
        "cik": "0000818479",
        "fillingDate": "2014-10-29",
        "acceptedDate": "2014-10-29 16:00:27",
        "calendarYear": "2014",
        "period": "Q3",
        "revenue": 708240000,
        "costOfRevenue": 320176000,
        "grossProfit": 388064000,
        "grossProfitRatio": 0.5479272563,
        "researchAndDevelopmentExpenses": 0,
        "generalAndAdministrativeExpenses": 275980000,
        "sellingAndMarketingExpenses": 0,
        "sellingGeneralAndAdministrativeExpenses": 275980000,
        "otherExpenses": 0,
        "operatingExpenses": 275980000,
        "costAndExpenses": 596156000,
        "interestIncome": 1391000,
        "interestExpense": 12665000,
        "depreciationAndAmortization": 32660000,
        "ebitda": 146782000,
        "ebitdaratio": 0.2072489552,
        "operatingIncome": 109581000,
        "operatingIncomeRatio": 0.1547229753,
        "totalOtherIncomeExpensesNet": -12100000,
        "incomeBeforeTax": 97516000,
        "incomeBeforeTaxRatio": 0.1376877894,
        "incomeTaxExpense": 21283000,
        "netIncome": 75300000,
        "netIncomeRatio": 0.1063198916,
        "eps": 0.53,
        "epsdiluted": 0.52,
        "weightedAverageShsOut": 141800000,
        "weightedAverageShsOutDil": 144300000,
        "link": "https://www.sec.gov/Archives/edgar/data/818479/000081847914000035/0000818479-14-000035-index.htm",
        "finalLink": "https://www.sec.gov/Archives/edgar/data/818479/000081847914000035/dentsply10-q32014.htm"
    },
    {
        "date": "2014-06-30",
        "symbol": "XRAY",
        "reportedCurrency": "USD",
        "cik": "0000818479",
        "fillingDate": "2014-07-31",
        "acceptedDate": "2014-07-31 16:14:14",
        "calendarYear": "2014",
        "period": "Q2",
        "revenue": 765225000,
        "costOfRevenue": 340756000,
        "grossProfit": 424469000,
        "grossProfitRatio": 0.5546982914,
        "researchAndDevelopmentExpenses": 0,
        "generalAndAdministrativeExpenses": 296121000,
        "sellingAndMarketingExpenses": 0,
        "sellingGeneralAndAdministrativeExpenses": 296121000,
        "otherExpenses": 1242000,
        "operatingExpenses": 296121000,
        "costAndExpenses": 636877000,
        "interestIncome": 1744000,
        "interestExpense": 11798000,
        "depreciationAndAmortization": 32879000,
        "ebitda": 161227000,
        "ebitdaratio": 0.21069228,
        "operatingIncome": 127106000,
        "operatingIncomeRatio": 0.1661027802,
        "totalOtherIncomeExpensesNet": -10629000,
        "incomeBeforeTax": 116477000,
        "incomeBeforeTaxRatio": 0.1522127479,
        "incomeTaxExpense": 26096000,
        "netIncome": 89993000,
        "netIncomeRatio": 0.1176033193,
        "eps": 0.63,
        "epsdiluted": 0.62,
        "weightedAverageShsOut": 141790000,
        "weightedAverageShsOutDil": 144164000,
        "link": "https://www.sec.gov/Archives/edgar/data/818479/000081847914000028/0000818479-14-000028-index.htm",
        "finalLink": "https://www.sec.gov/Archives/edgar/data/818479/000081847914000028/dentsply10-q22014.htm"
    },
    {
        "date": "2014-03-31",
        "symbol": "XRAY",
        "reportedCurrency": "USD",
        "cik": "0000818479",
        "fillingDate": "2014-05-06",
        "acceptedDate": "2014-05-06 14:49:39",
        "calendarYear": "2014",
        "period": "Q1",
        "revenue": 730114000,
        "costOfRevenue": 335909000,
        "grossProfit": 394205000,
        "grossProfitRatio": 0.5399225326,
        "researchAndDevelopmentExpenses": 0,
        "generalAndAdministrativeExpenses": 287842000,
        "sellingAndMarketingExpenses": 0,
        "sellingGeneralAndAdministrativeExpenses": 287842000,
        "otherExpenses": 793000,
        "operatingExpenses": 287842000,
        "costAndExpenses": 623751000,
        "interestIncome": 1435000,
        "interestExpense": 10955000,
        "depreciationAndAmortization": 33939000,
        "ebitda": 140302000,
        "ebitdaratio": 0.1921645113,
        "operatingIncome": 105570000,
        "operatingIncomeRatio": 0.1445938579,
        "totalOtherIncomeExpensesNet": -9908000,
        "incomeBeforeTax": 95662000,
        "incomeBeforeTaxRatio": 0.1310233744,
        "incomeTaxExpense": 22452000,
        "netIncome": 72878000,
        "netIncomeRatio": 0.0998172888,
        "eps": 0.51,
        "epsdiluted": 0.5,
        "weightedAverageShsOut": 142053000,
        "weightedAverageShsOutDil": 144453000,
        "link": "https://www.sec.gov/Archives/edgar/data/818479/000081847914000016/0000818479-14-000016-index.htm",
        "finalLink": "https://www.sec.gov/Archives/edgar/data/818479/000081847914000016/dentsply10-q12014.htm"
    },
    {
        "date": "2013-12-31",
        "symbol": "XRAY",
        "reportedCurrency": "USD",
        "cik": "0000818479",
        "fillingDate": "2014-02-20",
        "acceptedDate": "2014-02-20 17:06:41",
        "calendarYear": "2013",
        "period": "Q4",
        "revenue": 753658000,
        "costOfRevenue": 355819000,
        "grossProfit": 397839000,
        "grossProfitRatio": 0.5278773661,
        "researchAndDevelopmentExpenses": 85100000,
        "generalAndAdministrativeExpenses": 292127000,
        "sellingAndMarketingExpenses": 0,
        "sellingGeneralAndAdministrativeExpenses": 292127000,
        "otherExpenses": 8291000,
        "operatingExpenses": 292127000,
        "costAndExpenses": 647946000,
        "interestIncome": 1567000,
        "interestExpense": 11455000,
        "depreciationAndAmortization": 31658000,
        "ebitda": 138279000,
        "ebitdaratio": 0.1834771209,
        "operatingIncome": 97421000,
        "operatingIncomeRatio": 0.1292642021,
        "totalOtherIncomeExpensesNet": -8838000,
        "incomeBeforeTax": 87927000,
        "incomeBeforeTaxRatio": 0.1166669763,
        "incomeTaxExpense": 12552000,
        "netIncome": 74429000,
        "netIncomeRatio": 0.0987569959,
        "eps": 0.52,
        "epsdiluted": 0.51,
        "weightedAverageShsOut": 142539000,
        "weightedAverageShsOutDil": 145157000,
        "link": "https://www.sec.gov/Archives/edgar/data/818479/000081847914000004/0000818479-14-000004-index.htm",
        "finalLink": "https://www.sec.gov/Archives/edgar/data/818479/000081847914000004/dentsply201310-k.htm"
    },
    {
        "date": "2013-09-30",
        "symbol": "XRAY",
        "reportedCurrency": "USD",
        "cik": "0000818479",
        "fillingDate": "2013-10-29",
        "acceptedDate": "2013-10-29 16:35:10",
        "calendarYear": "2013",
        "period": "Q3",
        "revenue": 704018000,
        "costOfRevenue": 327601000,
        "grossProfit": 376417000,
        "grossProfitRatio": 0.5346695681,
        "researchAndDevelopmentExpenses": 0,
        "generalAndAdministrativeExpenses": 269165000,
        "sellingAndMarketingExpenses": 0,
        "sellingGeneralAndAdministrativeExpenses": 269165000,
        "otherExpenses": 2231000,
        "operatingExpenses": 269165000,
        "costAndExpenses": 596766000,
        "interestIncome": 2138000,
        "interestExpense": 11442000,
        "depreciationAndAmortization": 31068000,
        "ebitda": 138489000,
        "ebitdaratio": 0.1967123,
        "operatingIncome": 105021000,
        "operatingIncomeRatio": 0.1491737427,
        "totalOtherIncomeExpensesNet": -10885000,
        "incomeBeforeTax": 94136000,
        "incomeBeforeTaxRatio": 0.1337124903,
        "incomeTaxExpense": 13187000,
        "netIncome": 79851000,
        "netIncomeRatio": 0.1134218159,
        "eps": 0.56,
        "epsdiluted": 0.55,
        "weightedAverageShsOut": 142421000,
        "weightedAverageShsOutDil": 144698000,
        "link": "https://www.sec.gov/Archives/edgar/data/818479/000081847913000034/0000818479-13-000034-index.htm",
        "finalLink": "https://www.sec.gov/Archives/edgar/data/818479/000081847913000034/dentsply10-q32013.htm"
    },
    {
        "date": "2013-06-30",
        "symbol": "XRAY",
        "reportedCurrency": "USD",
        "cik": "0000818479",
        "fillingDate": "2013-08-01",
        "acceptedDate": "2013-08-01 17:25:09",
        "calendarYear": "2013",
        "period": "Q2",
        "revenue": 761010000,
        "costOfRevenue": 346054000,
        "grossProfit": 414956000,
        "grossProfitRatio": 0.5452701016,
        "researchAndDevelopmentExpenses": 0,
        "generalAndAdministrativeExpenses": 289921000,
        "sellingAndMarketingExpenses": 0,
        "sellingGeneralAndAdministrativeExpenses": 289921000,
        "otherExpenses": 0,
        "operatingExpenses": 289921000,
        "costAndExpenses": 635975000,
        "interestIncome": 2243000,
        "interestExpense": 11507000,
        "depreciationAndAmortization": 32827000,
        "ebitda": 153712000,
        "ebitdaratio": 0.2019842052,
        "operatingIncome": 122866000,
        "operatingIncomeRatio": 0.1614512293,
        "totalOtherIncomeExpensesNet": -13487000,
        "incomeBeforeTax": 109379000,
        "incomeBeforeTaxRatio": 0.1437287289,
        "incomeTaxExpense": 22870000,
        "netIncome": 87228000,
        "netIncomeRatio": 0.1146213585,
        "eps": 0.61,
        "epsdiluted": 0.6,
        "weightedAverageShsOut": 142922000,
        "weightedAverageShsOutDil": 145133000,
        "link": "https://www.sec.gov/Archives/edgar/data/818479/000081847913000028/0000818479-13-000028-index.htm",
        "finalLink": "https://www.sec.gov/Archives/edgar/data/818479/000081847913000028/dentsply10-q2.htm"
    },
    {
        "date": "2013-03-31",
        "symbol": "XRAY",
        "reportedCurrency": "USD",
        "cik": "0000818479",
        "fillingDate": "2013-05-09",
        "acceptedDate": "2013-05-09 16:36:55",
        "calendarYear": "2013",
        "period": "Q1",
        "revenue": 732084000,
        "costOfRevenue": 343884000,
        "grossProfit": 388200000,
        "grossProfitRatio": 0.5302670185,
        "researchAndDevelopmentExpenses": 0,
        "generalAndAdministrativeExpenses": 293677000,
        "sellingAndMarketingExpenses": 0,
        "sellingGeneralAndAdministrativeExpenses": 293677000,
        "otherExpenses": 0,
        "operatingExpenses": 293677000,
        "costAndExpenses": 637561000,
        "interestIncome": 2175000,
        "interestExpense": 15221000,
        "depreciationAndAmortization": 32350000,
        "ebitda": 125466000,
        "ebitdaratio": 0.1713819726,
        "operatingIncome": 93858000,
        "operatingIncomeRatio": 0.1282065992,
        "totalOtherIncomeExpensesNet": -15964000,
        "incomeBeforeTax": 77894000,
        "incomeBeforeTaxRatio": 0.1064003584,
        "incomeTaxExpense": 3542000,
        "netIncome": 71685000,
        "netIncomeRatio": 0.0979190913,
        "eps": 0.5,
        "epsdiluted": 0.49,
        "weightedAverageShsOut": 142775000,
        "weightedAverageShsOutDil": 145099000,
        "link": "https://www.sec.gov/Archives/edgar/data/818479/000081847913000016/0000818479-13-000016-index.htm",
        "finalLink": "https://www.sec.gov/Archives/edgar/data/818479/000081847913000016/dentsply10-q1.htm"
    },
    {
        "date": "2012-12-31",
        "symbol": "XRAY",
        "reportedCurrency": "USD",
        "cik": "0000818479",
        "fillingDate": "2013-02-20",
        "acceptedDate": "2013-02-20 11:28:57",
        "calendarYear": "2012",
        "period": "Q4",
        "revenue": 753288000,
        "costOfRevenue": 361235000,
        "grossProfit": 392053000,
        "grossProfitRatio": 0.5204556557,
        "researchAndDevelopmentExpenses": 85400000,
        "generalAndAdministrativeExpenses": 287991000,
        "sellingAndMarketingExpenses": 1000,
        "sellingGeneralAndAdministrativeExpenses": 287992000,
        "otherExpenses": 0,
        "operatingExpenses": 287992000,
        "costAndExpenses": 649227000,
        "interestIncome": 2110000,
        "interestExpense": 11997000,
        "depreciationAndAmortization": 32401000,
        "ebitda": 130518000,
        "ebitdaratio": 0.1732644088,
        "operatingIncome": 97207000,
        "operatingIncomeRatio": 0.1290436062,
        "totalOtherIncomeExpensesNet": -11086000,
        "incomeBeforeTax": 86119000,
        "incomeBeforeTaxRatio": 0.1143241363,
        "incomeTaxExpense": -39630000,
        "netIncome": 126800000,
        "netIncomeRatio": 0.1683287136,
        "eps": 0.89,
        "epsdiluted": 0.88,
        "weightedAverageShsOut": 142098000,
        "weightedAverageShsOutDil": 144297000,
        "link": "https://www.sec.gov/Archives/edgar/data/818479/000081847913000008/0000818479-13-000008-index.htm",
        "finalLink": "https://www.sec.gov/Archives/edgar/data/818479/000081847913000008/dentsply201210-k.htm"
    },
    {
        "date": "2012-09-30",
        "symbol": "XRAY",
        "reportedCurrency": "USD",
        "cik": "0000818479",
        "fillingDate": "2012-10-25",
        "acceptedDate": "2012-10-25 15:07:11",
        "calendarYear": "2012",
        "period": "Q3",
        "revenue": 695734000,
        "costOfRevenue": 331619000,
        "grossProfit": 364115000,
        "grossProfitRatio": 0.523353753,
        "researchAndDevelopmentExpenses": 0,
        "generalAndAdministrativeExpenses": 260352000,
        "sellingAndMarketingExpenses": 0,
        "sellingGeneralAndAdministrativeExpenses": 260352000,
        "otherExpenses": -1279000,
        "operatingExpenses": 260352000,
        "costAndExpenses": 591971000,
        "interestIncome": 2342000,
        "interestExpense": 14488000,
        "depreciationAndAmortization": 28427000,
        "ebitda": 118156000,
        "ebitdaratio": 0.1698292738,
        "operatingIncome": 88666000,
        "operatingIncomeRatio": 0.1274423846,
        "totalOtherIncomeExpensesNet": -12885000,
        "incomeBeforeTax": 75781000,
        "incomeBeforeTaxRatio": 0.1089223755,
        "incomeTaxExpense": -18960000,
        "netIncome": 53364000,
        "netIncomeRatio": 0.076701728,
        "eps": 0.38,
        "epsdiluted": 0.37,
        "weightedAverageShsOut": 141843000,
        "weightedAverageShsOutDil": 143884000,
        "link": "https://www.sec.gov/Archives/edgar/data/818479/000081847912000023/0000818479-12-000023-index.htm",
        "finalLink": "https://www.sec.gov/Archives/edgar/data/818479/000081847912000023/dentsply10-q3.htm"
    },
    {
        "date": "2012-06-30",
        "symbol": "XRAY",
        "reportedCurrency": "USD",
        "cik": "0000818479",
        "fillingDate": "2012-07-31",
        "acceptedDate": "2012-07-31 16:51:24",
        "calendarYear": "2012",
        "period": "Q2",
        "revenue": 762994000,
        "costOfRevenue": 355525000,
        "grossProfit": 407469000,
        "grossProfitRatio": 0.5340395862,
        "researchAndDevelopmentExpenses": 0,
        "generalAndAdministrativeExpenses": 296034000,
        "sellingAndMarketingExpenses": 0,
        "sellingGeneralAndAdministrativeExpenses": 296034000,
        "otherExpenses": 0,
        "operatingExpenses": 296034000,
        "costAndExpenses": 651559000,
        "interestIncome": 2011000,
        "interestExpense": 14584000,
        "depreciationAndAmortization": 32798000,
        "ebitda": 142711000,
        "ebitdaratio": 0.1870407893,
        "operatingIncome": 108907000,
        "operatingIncomeRatio": 0.142736378,
        "totalOtherIncomeExpensesNet": -13321000,
        "incomeBeforeTax": 95586000,
        "incomeBeforeTaxRatio": 0.1252775251,
        "incomeTaxExpense": 14875000,
        "netIncome": 80764000,
        "netIncomeRatio": 0.1058514222,
        "eps": 0.57,
        "epsdiluted": 0.56,
        "weightedAverageShsOut": 141737000,
        "weightedAverageShsOutDil": 143863000,
        "link": "https://www.sec.gov/Archives/edgar/data/818479/000081847912000017/0000818479-12-000017-index.htm",
        "finalLink": "https://www.sec.gov/Archives/edgar/data/818479/000081847912000017/dentsply10-q1.htm"
    },
    {
        "date": "2012-03-31",
        "symbol": "XRAY",
        "reportedCurrency": "USD",
        "cik": "0000818479",
        "fillingDate": "2012-05-02",
        "acceptedDate": "2012-05-02 14:57:03",
        "calendarYear": "2012",
        "period": "Q1",
        "revenue": 716413000,
        "costOfRevenue": 323663000,
        "grossProfit": 392750000,
        "grossProfitRatio": 0.5482172992,
        "researchAndDevelopmentExpenses": 0,
        "generalAndAdministrativeExpenses": 304353000,
        "sellingAndMarketingExpenses": 0,
        "sellingGeneralAndAdministrativeExpenses": 304353000,
        "otherExpenses": 0,
        "operatingExpenses": 304353000,
        "costAndExpenses": 628016000,
        "interestIncome": 2297000,
        "interestExpense": 13969000,
        "depreciationAndAmortization": 35573000,
        "ebitda": 124542000,
        "ebitdaratio": 0.1738410665,
        "operatingIncome": 87160000,
        "operatingIncomeRatio": 0.1216616672,
        "totalOtherIncomeExpensesNet": -13969000,
        "incomeBeforeTax": 73191000,
        "incomeBeforeTaxRatio": 0.1021631377,
        "incomeTaxExpense": 14715000,
        "netIncome": 53284000,
        "netIncomeRatio": 0.0743760931,
        "eps": 0.38,
        "epsdiluted": 0.37,
        "weightedAverageShsOut": 141721000,
        "weightedAverageShsOutDil": 143984000,
        "link": "https://www.sec.gov/Archives/edgar/data/818479/000144530512001331/0001445305-12-001331-index.htm",
        "finalLink": "https://www.sec.gov/Archives/edgar/data/818479/000144530512001331/dentsply10-q.htm"
    },
    {
        "date": "2011-12-31",
        "symbol": "XRAY",
        "reportedCurrency": "USD",
        "cik": "0000818479",
        "fillingDate": "2012-02-24",
        "acceptedDate": "2012-02-24 16:38:19",
        "calendarYear": "2011",
        "period": "Q4",
        "revenue": 738013000,
        "costOfRevenue": 377056000,
        "grossProfit": 360957000,
        "grossProfitRatio": 0.4890930106,
        "researchAndDevelopmentExpenses": 0,
        "generalAndAdministrativeExpenses": 293603000,
        "sellingAndMarketingExpenses": 0,
        "sellingGeneralAndAdministrativeExpenses": 293603000,
        "otherExpenses": 0,
        "operatingExpenses": 293603000,
        "costAndExpenses": 670659000,
        "interestIncome": 2780000,
        "interestExpense": 15839000,
        "depreciationAndAmortization": 21147000,
        "ebitda": 87692000,
        "ebitdaratio": 0.1188217552,
        "operatingIncome": 65338000,
        "operatingIncomeRatio": 0.0885323158,
        "totalOtherIncomeExpensesNet": -14632000,
        "incomeBeforeTax": 50706000,
        "incomeBeforeTaxRatio": 0.0687061068,
        "incomeTaxExpense": 9974000,
        "netIncome": 40603000,
        "netIncomeRatio": 0.055016646,
        "eps": 0.29,
        "epsdiluted": 0.28,
        "weightedAverageShsOut": 141721000,
        "weightedAverageShsOutDil": 143984000,
        "link": "https://www.sec.gov/Archives/edgar/data/818479/000144530512000446/0001445305-12-000446-index.htm",
        "finalLink": "https://www.sec.gov/Archives/edgar/data/818479/000144530512000446/dentsply201110-k.htm"
    },
    {
        "date": "2011-09-30",
        "symbol": "XRAY",
        "reportedCurrency": "USD",
        "cik": "0000818479",
        "fillingDate": "2011-11-07",
        "acceptedDate": "2011-11-07 17:25:56",
        "calendarYear": "2011",
        "period": "Q3",
        "revenue": 619759000,
        "costOfRevenue": 322111000,
        "grossProfit": 297648000,
        "grossProfitRatio": 0.4802641027,
        "researchAndDevelopmentExpenses": 0,
        "generalAndAdministrativeExpenses": 231493000,
        "sellingAndMarketingExpenses": 0,
        "sellingGeneralAndAdministrativeExpenses": 231493000,
        "otherExpenses": 0,
        "operatingExpenses": 231493000,
        "costAndExpenses": 553604000,
        "interestIncome": 2418000,
        "interestExpense": 20826000,
        "depreciationAndAmortization": 26793000,
        "ebitda": 61831000,
        "ebitdaratio": 0.0997661994,
        "operatingIncome": 39802000,
        "operatingIncomeRatio": 0.0642217378,
        "totalOtherIncomeExpensesNet": -20826000,
        "incomeBeforeTax": 18976000,
        "incomeBeforeTaxRatio": 0.0306183533,
        "incomeTaxExpense": -40627000,
        "netIncome": 60597000,
        "netIncomeRatio": 0.0977751029,
        "eps": 0.43,
        "epsdiluted": 0.42,
        "weightedAverageShsOut": 141349000,
        "weightedAverageShsOutDil": 143395000,
        "link": "https://www.sec.gov/Archives/edgar/data/818479/000114420411061714/0001144204-11-061714-index.htm",
        "finalLink": "https://www.sec.gov/Archives/edgar/data/818479/000114420411061714/v238534_10q.htm"
    },
    {
        "date": "2011-06-30",
        "symbol": "XRAY",
        "reportedCurrency": "USD",
        "cik": "0000818479",
        "fillingDate": "2011-07-28",
        "acceptedDate": "2011-07-28 17:07:25",
        "calendarYear": "2011",
        "period": "Q2",
        "revenue": 609443000,
        "costOfRevenue": 294592000,
        "grossProfit": 314851000,
        "grossProfitRatio": 0.5166209145,
        "researchAndDevelopmentExpenses": 0,
        "generalAndAdministrativeExpenses": 210984000,
        "sellingAndMarketingExpenses": 0,
        "sellingGeneralAndAdministrativeExpenses": 210984000,
        "otherExpenses": 0,
        "operatingExpenses": 210984000,
        "costAndExpenses": 505576000,
        "interestIncome": 2430000,
        "interestExpense": 5570000,
        "depreciationAndAmortization": 19516000,
        "ebitda": 117516000,
        "ebitdaratio": 0.1928252519,
        "operatingIncome": 97004000,
        "operatingIncomeRatio": 0.1591682897,
        "totalOtherIncomeExpensesNet": -4574000,
        "incomeBeforeTax": 92430000,
        "incomeBeforeTaxRatio": 0.151663076,
        "incomeTaxExpense": 17957000,
        "netIncome": 74236000,
        "netIncomeRatio": 0.1218095868,
        "eps": 0.53,
        "epsdiluted": 0.52,
        "weightedAverageShsOut": 141052000,
        "weightedAverageShsOutDil": 143373000,
        "link": "https://www.sec.gov/Archives/edgar/data/818479/000114420411042656/0001144204-11-042656-index.htm",
        "finalLink": "https://www.sec.gov/Archives/edgar/data/818479/000114420411042656/v226631_10q.htm"
    },
    {
        "date": "2011-03-31",
        "symbol": "XRAY",
        "reportedCurrency": "USD",
        "cik": "0000818479",
        "fillingDate": "2011-04-28",
        "acceptedDate": "2011-04-28 14:09:33",
        "calendarYear": "2011",
        "period": "Q1",
        "revenue": 570503000,
        "costOfRevenue": 270519000,
        "grossProfit": 299984000,
        "grossProfitRatio": 0.5258237029,
        "researchAndDevelopmentExpenses": 0,
        "generalAndAdministrativeExpenses": 200767000,
        "sellingAndMarketingExpenses": 0,
        "sellingGeneralAndAdministrativeExpenses": 200767000,
        "otherExpenses": 0,
        "operatingExpenses": 200767000,
        "costAndExpenses": 471286000,
        "interestIncome": 1828000,
        "interestExpense": 6343000,
        "depreciationAndAmortization": 17579000,
        "ebitda": 117921000,
        "ebitdaratio": 0.2066965467,
        "operatingIncome": 98584000,
        "operatingIncomeRatio": 0.1728018959,
        "totalOtherIncomeExpensesNet": -4585000,
        "incomeBeforeTax": 93999000,
        "incomeBeforeTaxRatio": 0.1647651283,
        "incomeTaxExpense": 23712000,
        "netIncome": 69084000,
        "netIncomeRatio": 0.1210931406,
        "eps": 0.49,
        "epsdiluted": 0.48,
        "weightedAverageShsOut": 141614000,
        "weightedAverageShsOutDil": 144044000,
        "link": "https://www.sec.gov/Archives/edgar/data/818479/000114420411024510/0001144204-11-024510-index.htm",
        "finalLink": "https://www.sec.gov/Archives/edgar/data/818479/000114420411024510/v218928_10q.htm"
    },
    {
        "date": "2010-12-31",
        "symbol": "XRAY",
        "reportedCurrency": "USD",
        "cik": "0000818479",
        "fillingDate": "2011-02-18",
        "acceptedDate": "2011-02-18 17:24:14",
        "calendarYear": "2010",
        "period": "Q4",
        "revenue": 568169000,
        "costOfRevenue": 280457000,
        "grossProfit": 287712000,
        "grossProfitRatio": 0.506384544,
        "researchAndDevelopmentExpenses": 0,
        "generalAndAdministrativeExpenses": 186427000,
        "sellingAndMarketingExpenses": 0,
        "sellingGeneralAndAdministrativeExpenses": 186427000,
        "otherExpenses": 0,
        "operatingExpenses": 186427000,
        "costAndExpenses": 466884000,
        "interestIncome": 1371000,
        "interestExpense": 6683000,
        "depreciationAndAmortization": 16221000,
        "ebitda": 113624000,
        "ebitdaratio": 0.1999827516,
        "operatingIncome": 95562000,
        "operatingIncomeRatio": 0.1681929144,
        "totalOtherIncomeExpensesNet": -4841000,
        "incomeBeforeTax": 90720000,
        "incomeBeforeTaxRatio": 0.1596708022,
        "incomeTaxExpense": 21640000,
        "netIncome": 67827000,
        "netIncomeRatio": 0.1193782132,
        "eps": 0.48,
        "epsdiluted": 0.47,
        "weightedAverageShsOut": 141614000,
        "weightedAverageShsOutDil": 144044000,
        "link": "https://www.sec.gov/Archives/edgar/data/818479/000114420411009910/0001144204-11-009910-index.htm",
        "finalLink": "https://www.sec.gov/Archives/edgar/data/818479/000114420411009910/v209456_10k.htm"
    },
    {
        "date": "2010-09-30",
        "symbol": "XRAY",
        "reportedCurrency": "USD",
        "cik": "0000818479",
        "fillingDate": "2010-10-28",
        "acceptedDate": "2010-10-28 16:38:46",
        "calendarYear": "2010",
        "period": "Q3",
        "revenue": 541815000,
        "costOfRevenue": 269001000,
        "grossProfit": 272814000,
        "grossProfitRatio": 0.5035187287,
        "researchAndDevelopmentExpenses": 0,
        "generalAndAdministrativeExpenses": 182057000,
        "sellingAndMarketingExpenses": 0,
        "sellingGeneralAndAdministrativeExpenses": 182057000,
        "otherExpenses": 0,
        "operatingExpenses": 182057000,
        "costAndExpenses": 451058000,
        "interestIncome": 1268000,
        "interestExpense": 5999000,
        "depreciationAndAmortization": 15910000,
        "ebitda": 107012000,
        "ebitdaratio": 0.197506529,
        "operatingIncome": 90419000,
        "operatingIncomeRatio": 0.1668816847,
        "totalOtherIncomeExpensesNet": -5316000,
        "incomeBeforeTax": 85103000,
        "incomeBeforeTaxRatio": 0.1570702177,
        "incomeTaxExpense": 21288000,
        "netIncome": 63653000,
        "netIncomeRatio": 0.117481059,
        "eps": 0.45,
        "epsdiluted": 0.44,
        "weightedAverageShsOut": 142501000,
        "weightedAverageShsOutDil": 144063000,
        "link": "https://www.sec.gov/Archives/edgar/data/818479/000114420410056127/0001144204-10-056127-index.htm",
        "finalLink": "https://www.sec.gov/Archives/edgar/data/818479/000114420410056127/v199894_10q.htm"
    },
    {
        "date": "2010-06-30",
        "symbol": "XRAY",
        "reportedCurrency": "USD",
        "cik": "0000818479",
        "fillingDate": "2010-07-29",
        "acceptedDate": "2010-07-29 15:15:55",
        "calendarYear": "2010",
        "period": "Q2",
        "revenue": 565086000,
        "costOfRevenue": 277491000,
        "grossProfit": 287595000,
        "grossProfitRatio": 0.5089402321,
        "researchAndDevelopmentExpenses": 0,
        "generalAndAdministrativeExpenses": 182383000,
        "sellingAndMarketingExpenses": 0,
        "sellingGeneralAndAdministrativeExpenses": 182383000,
        "otherExpenses": 0,
        "operatingExpenses": 182383000,
        "costAndExpenses": 459874000,
        "interestIncome": 827000,
        "interestExpense": 6686000,
        "depreciationAndAmortization": 16420000,
        "ebitda": 121494000,
        "ebitdaratio": 0.2150009025,
        "operatingIncome": 104969000,
        "operatingIncomeRatio": 0.1857575661,
        "totalOtherIncomeExpensesNet": -6581000,
        "incomeBeforeTax": 98388000,
        "incomeBeforeTaxRatio": 0.1741115512,
        "incomeTaxExpense": 25042000,
        "netIncome": 72386000,
        "netIncomeRatio": 0.1280973162,
        "eps": 0.5,
        "epsdiluted": 0.49,
        "weightedAverageShsOut": 144779000,
        "weightedAverageShsOutDil": 146939000,
        "link": "https://www.sec.gov/Archives/edgar/data/818479/000114420410040041/0001144204-10-040041-index.htm",
        "finalLink": "https://www.sec.gov/Archives/edgar/data/818479/000114420410040041/v190993_10q.htm"
    },
    {
        "date": "2010-03-31",
        "symbol": "XRAY",
        "reportedCurrency": "USD",
        "cik": "0000818479",
        "fillingDate": "2010-04-29",
        "acceptedDate": "2010-04-29 17:16:14",
        "calendarYear": "2010",
        "period": "Q1",
        "revenue": 545944000,
        "costOfRevenue": 263906000,
        "grossProfit": 282038000,
        "grossProfitRatio": 0.5166060988,
        "researchAndDevelopmentExpenses": 0,
        "generalAndAdministrativeExpenses": 188034000,
        "sellingAndMarketingExpenses": 0,
        "sellingGeneralAndAdministrativeExpenses": 188034000,
        "otherExpenses": 0,
        "operatingExpenses": 188034000,
        "costAndExpenses": 451940000,
        "interestIncome": 787000,
        "interestExpense": 5720000,
        "depreciationAndAmortization": 17789000,
        "ebitda": 106955000,
        "ebitdaratio": 0.1959083716,
        "operatingIncome": 89324000,
        "operatingIncomeRatio": 0.1636138505,
        "totalOtherIncomeExpensesNet": -5878000,
        "incomeBeforeTax": 83446000,
        "incomeBeforeTaxRatio": 0.1528471785,
        "incomeTaxExpense": 21255000,
        "netIncome": 61843000,
        "netIncomeRatio": 0.1132771859,
        "eps": 0.42,
        "epsdiluted": 0.41,
        "weightedAverageShsOut": 146776000,
        "weightedAverageShsOutDil": 149294000,
        "link": "https://www.sec.gov/Archives/edgar/data/818479/000114420410023078/0001144204-10-023078-index.htm",
        "finalLink": "https://www.sec.gov/Archives/edgar/data/818479/000114420410023078/v182652_10q.htm"
    },
    {
        "date": "2009-12-31",
        "symbol": "XRAY",
        "reportedCurrency": "USD",
        "cik": "0000818479",
        "fillingDate": "2010-02-22",
        "acceptedDate": "2010-02-22 09:57:43",
        "calendarYear": "2009",
        "period": "Q4",
        "revenue": 568719000,
        "costOfRevenue": 284336000,
        "grossProfit": 284383000,
        "grossProfitRatio": 0.5000413209,
        "researchAndDevelopmentExpenses": 0,
        "generalAndAdministrativeExpenses": 180020000,
        "sellingAndMarketingExpenses": 0,
        "sellingGeneralAndAdministrativeExpenses": 180020000,
        "otherExpenses": 0,
        "operatingExpenses": 180020000,
        "costAndExpenses": 464356000,
        "interestIncome": 706000,
        "interestExpense": 5019000,
        "depreciationAndAmortization": 15830000,
        "ebitda": 120273000,
        "ebitdaratio": 0.2114805378,
        "operatingIncome": 103378000,
        "operatingIncomeRatio": 0.1817734241,
        "totalOtherIncomeExpensesNet": -3954000,
        "incomeBeforeTax": 99424000,
        "incomeBeforeTaxRatio": 0.1748209573,
        "incomeTaxExpense": 23374000,
        "netIncome": 74834000,
        "netIncomeRatio": 0.1315834358,
        "eps": 0.51,
        "epsdiluted": 0.5,
        "weightedAverageShsOut": 146776000,
        "weightedAverageShsOutDil": 149294000,
        "link": "https://www.sec.gov/Archives/edgar/data/818479/000114420410009164/0001144204-10-009164-index.htm",
        "finalLink": "https://www.sec.gov/Archives/edgar/data/818479/000114420410009164/v174887_10k.htm"
    },
    {
        "date": "2009-09-30",
        "symbol": "XRAY",
        "reportedCurrency": "USD",
        "cik": "0000818479",
        "fillingDate": "2009-10-29",
        "acceptedDate": "2009-10-29 17:01:55",
        "calendarYear": "2009",
        "period": "Q3",
        "revenue": 1024678000,
        "costOfRevenue": 258051000,
        "grossProfit": 766627000,
        "grossProfitRatio": 0.7481638134,
        "researchAndDevelopmentExpenses": 0,
        "generalAndAdministrativeExpenses": 178841000,
        "sellingAndMarketingExpenses": 0,
        "sellingGeneralAndAdministrativeExpenses": 178841000,
        "otherExpenses": 0,
        "operatingExpenses": 178841000,
        "costAndExpenses": 436892000,
        "interestIncome": 858000,
        "interestExpense": 5078000,
        "depreciationAndAmortization": 16398000,
        "ebitda": 109706000,
        "ebitdaratio": 0.1070638776,
        "operatingIncome": 92930000,
        "operatingIncomeRatio": 0.0906919052,
        "totalOtherIncomeExpensesNet": -5089000,
        "incomeBeforeTax": 87852000,
        "incomeBeforeTaxRatio": 0.085736202,
        "incomeTaxExpense": 19999000,
        "netIncome": 67483000,
        "netIncomeRatio": 0.0658577621,
        "eps": 0.45,
        "epsdiluted": 0.45,
        "weightedAverageShsOut": 148547000,
        "weightedAverageShsOutDil": 150638000,
        "link": "https://www.sec.gov/Archives/edgar/data/818479/000081847909000148/0000818479-09-000148-index.htm",
        "finalLink": "https://www.sec.gov/Archives/edgar/data/818479/000081847909000148/q310q09.htm"
    },
    {
        "date": "2009-06-30",
        "symbol": "XRAY",
        "reportedCurrency": "USD",
        "cik": "0000818479",
        "fillingDate": "2009-07-30",
        "acceptedDate": "2009-07-30 17:29:15",
        "calendarYear": "2009",
        "period": "Q2",
        "revenue": 1065127000,
        "costOfRevenue": 266245000,
        "grossProfit": 798882000,
        "grossProfitRatio": 0.7500345029,
        "researchAndDevelopmentExpenses": 0,
        "generalAndAdministrativeExpenses": 185138000,
        "sellingAndMarketingExpenses": 0,
        "sellingGeneralAndAdministrativeExpenses": 185138000,
        "otherExpenses": 0,
        "operatingExpenses": 185138000,
        "costAndExpenses": 451383000,
        "interestIncome": 1512000,
        "interestExpense": 3688000,
        "depreciationAndAmortization": 16576000,
        "ebitda": 116864000,
        "ebitdaratio": 0.1097183716,
        "operatingIncome": 98708000,
        "operatingIncomeRatio": 0.092672517,
        "totalOtherIncomeExpensesNet": -3706000,
        "incomeBeforeTax": 95020000,
        "incomeBeforeTaxRatio": 0.0892100191,
        "incomeTaxExpense": 24440000,
        "netIncome": 70199000,
        "netIncomeRatio": 0.0659066947,
        "eps": 0.47,
        "epsdiluted": 0.47,
        "weightedAverageShsOut": 148577000,
        "weightedAverageShsOutDil": 150057000,
        "link": "https://www.sec.gov/Archives/edgar/data/818479/000081847909000123/0000818479-09-000123-index.htm",
        "finalLink": "https://www.sec.gov/Archives/edgar/data/818479/000081847909000123/q20910q.htm"
    },
    {
        "date": "2009-03-31",
        "symbol": "XRAY",
        "reportedCurrency": "USD",
        "cik": "0000818479",
        "fillingDate": "2009-05-01",
        "acceptedDate": "2009-05-01 15:35:21",
        "calendarYear": "2009",
        "period": "Q1",
        "revenue": 506949000,
        "costOfRevenue": 239980000,
        "grossProfit": 266969000,
        "grossProfitRatio": 0.5266190485,
        "researchAndDevelopmentExpenses": 0,
        "generalAndAdministrativeExpenses": 179228000,
        "sellingAndMarketingExpenses": 0,
        "sellingGeneralAndAdministrativeExpenses": 179228000,
        "otherExpenses": 0,
        "operatingExpenses": 179228000,
        "costAndExpenses": 419208000,
        "interestIncome": 1956000,
        "interestExpense": 6153000,
        "depreciationAndAmortization": 16371000,
        "ebitda": 103585000,
        "ebitdaratio": 0.2043302186,
        "operatingIncome": 86171000,
        "operatingIncomeRatio": 0.1699796232,
        "totalOtherIncomeExpensesNet": -5110000,
        "incomeBeforeTax": 81061000,
        "incomeBeforeTaxRatio": 0.1598997138,
        "incomeTaxExpense": 21131000,
        "netIncome": 61743000,
        "netIncomeRatio": 0.1217933165,
        "eps": 0.42,
        "epsdiluted": 0.41,
        "weightedAverageShsOut": 148514000,
        "weightedAverageShsOutDil": 149705000,
        "link": "https://www.sec.gov/Archives/edgar/data/818479/000081847909000074/0000818479-09-000074-index.htm",
        "finalLink": "https://www.sec.gov/Archives/edgar/data/818479/000081847909000074/q10910q.htm"
    },
    {
        "date": "2008-12-31",
        "symbol": "XRAY",
        "reportedCurrency": "USD",
        "cik": "0000818479",
        "fillingDate": "2009-02-20",
        "acceptedDate": "2009-02-20 16:01:08",
        "calendarYear": "2008",
        "period": "Q4",
        "revenue": 508141000,
        "costOfRevenue": 237109000,
        "grossProfit": 271032000,
        "grossProfitRatio": 0.5333795147,
        "researchAndDevelopmentExpenses": 0,
        "generalAndAdministrativeExpenses": 173569000,
        "sellingAndMarketingExpenses": 0,
        "sellingGeneralAndAdministrativeExpenses": 173569000,
        "otherExpenses": 0,
        "operatingExpenses": 173569000,
        "costAndExpenses": 410678000,
        "interestIncome": 0,
        "interestExpense": 0,
        "depreciationAndAmortization": 13529000,
        "ebitda": 86215000,
        "ebitdaratio": 0.1696674742,
        "operatingIncome": 85310000,
        "operatingIncomeRatio": 0.1678864725,
        "totalOtherIncomeExpensesNet": -9931000,
        "incomeBeforeTax": 75379000,
        "incomeBeforeTaxRatio": 0.1483426844,
        "incomeTaxExpense": 4384000,
        "netIncome": 70995000,
        "netIncomeRatio": 0.1397151578,
        "eps": 0.48,
        "epsdiluted": 0.47,
        "weightedAverageShsOut": 148514000,
        "weightedAverageShsOutDil": 149705000,
        "link": "https://www.sec.gov/Archives/edgar/data/818479/000081847909000034/0000818479-09-000034-index.htm",
        "finalLink": "https://www.sec.gov/Archives/edgar/data/818479/000081847909000034/q40810k.htm"
    },
    {
        "date": "2008-09-30",
        "symbol": "XRAY",
        "reportedCurrency": "USD",
        "cik": "0000818479",
        "fillingDate": "2008-10-29",
        "acceptedDate": "2008-10-29 14:40:02",
        "calendarYear": "2008",
        "period": "Q3",
        "revenue": 529953000,
        "costOfRevenue": 249770000,
        "grossProfit": 280183000,
        "grossProfitRatio": 0.528694054,
        "researchAndDevelopmentExpenses": 0,
        "generalAndAdministrativeExpenses": 180729000,
        "sellingAndMarketingExpenses": 0,
        "sellingGeneralAndAdministrativeExpenses": 180729000,
        "otherExpenses": 0,
        "operatingExpenses": 180729000,
        "costAndExpenses": 430499000,
        "interestIncome": 4669000,
        "interestExpense": 9284000,
        "depreciationAndAmortization": 15094000,
        "ebitda": 99648000,
        "ebitdaratio": 0.1880317689,
        "operatingIncome": 80915000,
        "operatingIncomeRatio": 0.1526833512,
        "totalOtherIncomeExpensesNet": -5645000,
        "incomeBeforeTax": 75251000,
        "incomeBeforeTaxRatio": 0.1419956109,
        "incomeTaxExpense": 9204000,
        "netIncome": 66047000,
        "netIncomeRatio": 0.1246280331,
        "eps": 0.44,
        "epsdiluted": 0.44,
        "weightedAverageShsOut": 148775000,
        "weightedAverageShsOutDil": 151697000,
        "link": "https://www.sec.gov/Archives/edgar/data/818479/000081847908000143/0000818479-08-000143-index.htm",
        "finalLink": "https://www.sec.gov/Archives/edgar/data/818479/000081847908000143/q30810q.htm"
    },
    {
        "date": "2008-06-30",
        "symbol": "XRAY",
        "reportedCurrency": "USD",
        "cik": "0000818479",
        "fillingDate": "2008-07-30",
        "acceptedDate": "2008-07-30 15:55:28",
        "calendarYear": "2008",
        "period": "Q2",
        "revenue": 594847000,
        "costOfRevenue": 279361000,
        "grossProfit": 315486000,
        "grossProfitRatio": 0.530364951,
        "researchAndDevelopmentExpenses": 0,
        "generalAndAdministrativeExpenses": 200867000,
        "sellingAndMarketingExpenses": 0,
        "sellingGeneralAndAdministrativeExpenses": 200867000,
        "otherExpenses": 0,
        "operatingExpenses": 200867000,
        "costAndExpenses": 480228000,
        "interestIncome": 4685000,
        "interestExpense": 6132000,
        "depreciationAndAmortization": 14096000,
        "ebitda": 131993000,
        "ebitdaratio": 0.2218940333,
        "operatingIncome": 113161000,
        "operatingIncomeRatio": 0.1902354723,
        "totalOtherIncomeExpensesNet": -3165000,
        "incomeBeforeTax": 109945000,
        "incomeBeforeTaxRatio": 0.1848290401,
        "incomeTaxExpense": 31297000,
        "netIncome": 78648000,
        "netIncomeRatio": 0.1322155109,
        "eps": 0.53,
        "epsdiluted": 0.52,
        "weightedAverageShsOut": 148851000,
        "weightedAverageShsOutDil": 151790000,
        "link": "https://www.sec.gov/Archives/edgar/data/818479/000081847908000123/0000818479-08-000123-index.htm",
        "finalLink": "https://www.sec.gov/Archives/edgar/data/818479/000081847908000123/q20810q.htm"
    },
    {
        "date": "2008-03-31",
        "symbol": "XRAY",
        "reportedCurrency": "USD",
        "cik": "0000818479",
        "fillingDate": "2008-05-01",
        "acceptedDate": "2008-05-01 16:10:09",
        "calendarYear": "2008",
        "period": "Q1",
        "revenue": 560782000,
        "costOfRevenue": 275539000,
        "grossProfit": 285243000,
        "grossProfitRatio": 0.5086522035,
        "researchAndDevelopmentExpenses": 0,
        "generalAndAdministrativeExpenses": 184002000,
        "sellingAndMarketingExpenses": 0,
        "sellingGeneralAndAdministrativeExpenses": 184002000,
        "otherExpenses": 0,
        "operatingExpenses": 184002000,
        "costAndExpenses": 459541000,
        "interestIncome": 5210000,
        "interestExpense": 9644000,
        "depreciationAndAmortization": 14210000,
        "ebitda": 117335000,
        "ebitdaratio": 0.2092346045,
        "operatingIncome": 101037000,
        "operatingIncomeRatio": 0.1801716175,
        "totalOtherIncomeExpensesNet": -6164000,
        "incomeBeforeTax": 94898000,
        "incomeBeforeTaxRatio": 0.1692244045,
        "incomeTaxExpense": 26718000,
        "netIncome": 68180000,
        "netIncomeRatio": 0.1215802219,
        "eps": 0.45,
        "epsdiluted": 0.45,
        "weightedAverageShsOut": 149945000,
        "weightedAverageShsOutDil": 152983000,
        "link": "https://www.sec.gov/Archives/edgar/data/818479/000081847908000070/0000818479-08-000070-index.htm",
        "finalLink": "https://www.sec.gov/Archives/edgar/data/818479/000081847908000070/q10810q.htm"
    },
    {
        "date": "2007-12-31",
        "symbol": "XRAY",
        "reportedCurrency": "USD",
        "cik": "0000818479",
        "fillingDate": "2008-02-25",
        "acceptedDate": "2008-02-22 18:46:06",
        "calendarYear": "2007",
        "period": "Q4",
        "revenue": 541504000,
        "costOfRevenue": 268773000,
        "grossProfit": 272731000,
        "grossProfitRatio": 0.503654636,
        "researchAndDevelopmentExpenses": 0,
        "generalAndAdministrativeExpenses": 173496000,
        "sellingAndMarketingExpenses": 0,
        "sellingGeneralAndAdministrativeExpenses": 173496000,
        "otherExpenses": 5173000,
        "operatingExpenses": 178669000,
        "costAndExpenses": 447442000,
        "interestIncome": 0,
        "interestExpense": 0,
        "depreciationAndAmortization": 12469000,
        "ebitda": 106531000,
        "ebitdaratio": 0.1967316954,
        "operatingIncome": 97597000,
        "operatingIncomeRatio": 0.1802332023,
        "totalOtherIncomeExpensesNet": -399000,
        "incomeBeforeTax": 97198000,
        "incomeBeforeTaxRatio": 0.1794963657,
        "incomeTaxExpense": 27168000,
        "netIncome": 70030000,
        "netIncomeRatio": 0.1293249911,
        "eps": 0.47,
        "epsdiluted": 0.46,
        "weightedAverageShsOut": 149945000,
        "weightedAverageShsOutDil": 152983000,
        "link": "https://www.sec.gov/Archives/edgar/data/818479/000081847908000032/0000818479-08-000032-index.htm",
        "finalLink": "https://www.sec.gov/Archives/edgar/data/818479/000081847908000032/q40710k.htm"
    },
    {
        "date": "2007-09-30",
        "symbol": "XRAY",
        "reportedCurrency": "USD",
        "cik": "0000818479",
        "fillingDate": "2007-11-02",
        "acceptedDate": "2007-11-02 13:06:38",
        "calendarYear": "2007",
        "period": "Q3",
        "revenue": 488103000,
        "costOfRevenue": 235113000,
        "grossProfit": 252990000,
        "grossProfitRatio": 0.5183127332,
        "researchAndDevelopmentExpenses": 0,
        "generalAndAdministrativeExpenses": 165708000,
        "sellingAndMarketingExpenses": 0,
        "sellingGeneralAndAdministrativeExpenses": 165708000,
        "otherExpenses": 0,
        "operatingExpenses": 165708000,
        "costAndExpenses": 400821000,
        "interestIncome": 0,
        "interestExpense": 10349000,
        "depreciationAndAmortization": 12468000,
        "ebitda": 99750000,
        "ebitdaratio": 0.2043626038,
        "operatingIncome": 82590000,
        "operatingIncomeRatio": 0.1692060897,
        "totalOtherIncomeExpensesNet": -745000,
        "incomeBeforeTax": 81845000,
        "incomeBeforeTaxRatio": 0.1676797725,
        "incomeTaxExpense": 16126000,
        "netIncome": 65719000,
        "netIncomeRatio": 0.1346416637,
        "eps": 0.43,
        "epsdiluted": 0.42,
        "weightedAverageShsOut": 151632000,
        "weightedAverageShsOutDil": 154736000,
        "link": "https://www.sec.gov/Archives/edgar/data/818479/000081847907000096/0000818479-07-000096-index.htm",
        "finalLink": "https://www.sec.gov/Archives/edgar/data/818479/000081847907000096/q30710q.htm"
    },
    {
        "date": "2007-06-30",
        "symbol": "XRAY",
        "reportedCurrency": "USD",
        "cik": "0000818479",
        "fillingDate": "2007-08-02",
        "acceptedDate": "2007-08-02 16:37:27",
        "calendarYear": "2007",
        "period": "Q2",
        "revenue": 507362000,
        "costOfRevenue": 238578000,
        "grossProfit": 268784000,
        "grossProfitRatio": 0.5297677004,
        "researchAndDevelopmentExpenses": 0,
        "generalAndAdministrativeExpenses": 172084000,
        "sellingAndMarketingExpenses": 0,
        "sellingGeneralAndAdministrativeExpenses": 172084000,
        "otherExpenses": 0,
        "operatingExpenses": 172084000,
        "costAndExpenses": 410662000,
        "interestIncome": 6995000,
        "interestExpense": 5209000,
        "depreciationAndAmortization": 12418000,
        "ebitda": 109118000,
        "ebitdaratio": 0.2150693193,
        "operatingIncome": 93493000,
        "operatingIncomeRatio": 0.1842727678,
        "totalOtherIncomeExpensesNet": 2133000,
        "incomeBeforeTax": 95626000,
        "incomeBeforeTaxRatio": 0.1884768666,
        "incomeTaxExpense": 30193000,
        "netIncome": 65433000,
        "netIncomeRatio": 0.1289670886,
        "eps": 0.43,
        "epsdiluted": 0.42,
        "weightedAverageShsOut": 152000000,
        "weightedAverageShsOutDil": 154873000,
        "link": "https://www.sec.gov/Archives/edgar/data/818479/000081847907000075/0000818479-07-000075-index.htm",
        "finalLink": "https://www.sec.gov/Archives/edgar/data/818479/000081847907000075/f10q07q2.htm"
    },
    {
        "date": "2007-03-31",
        "symbol": "XRAY",
        "reportedCurrency": "USD",
        "cik": "0000818479",
        "fillingDate": "2007-05-02",
        "acceptedDate": "2007-05-02 15:55:45",
        "calendarYear": "2007",
        "period": "Q1",
        "revenue": 472864000,
        "costOfRevenue": 226586000,
        "grossProfit": 246278000,
        "grossProfitRatio": 0.5208220545,
        "researchAndDevelopmentExpenses": 0,
        "generalAndAdministrativeExpenses": 164077000,
        "sellingAndMarketingExpenses": 0,
        "sellingGeneralAndAdministrativeExpenses": 164077000,
        "otherExpenses": 0,
        "operatingExpenses": 164077000,
        "costAndExpenses": 390663000,
        "interestIncome": 0,
        "interestExpense": 0,
        "depreciationAndAmortization": 12934000,
        "ebitda": 95135000,
        "ebitdaratio": 0.2011889254,
        "operatingIncome": 81211000,
        "operatingIncomeRatio": 0.1717428267,
        "totalOtherIncomeExpensesNet": 2255000,
        "incomeBeforeTax": 83466000,
        "incomeBeforeTaxRatio": 0.1765116397,
        "incomeTaxExpense": 24994000,
        "netIncome": 58472000,
        "netIncomeRatio": 0.1236550044,
        "eps": 0.38,
        "epsdiluted": 0.38,
        "weightedAverageShsOut": 152031000,
        "weightedAverageShsOutDil": 154564000,
        "link": "https://www.sec.gov/Archives/edgar/data/818479/000081847907000043/0000818479-07-000043-index.htm",
        "finalLink": "https://www.sec.gov/Archives/edgar/data/818479/000081847907000043/q1200710q.htm"
    },
    {
        "date": "2006-12-31",
        "symbol": "XRAY",
        "reportedCurrency": "USD",
        "cik": "0000818479",
        "fillingDate": "2007-02-23",
        "acceptedDate": "2007-02-23 16:18:56",
        "calendarYear": "2006",
        "period": "Q4",
        "revenue": 471331000,
        "costOfRevenue": 230521000,
        "grossProfit": 240810000,
        "grossProfitRatio": 0.5109148348,
        "researchAndDevelopmentExpenses": 0,
        "generalAndAdministrativeExpenses": 159532000,
        "sellingAndMarketingExpenses": 0,
        "sellingGeneralAndAdministrativeExpenses": 159532000,
        "otherExpenses": -3428000,
        "operatingExpenses": 156104000,
        "costAndExpenses": 386625000,
        "interestIncome": 3516000,
        "interestExpense": 3543000,
        "depreciationAndAmortization": 11809000,
        "ebitda": 96515000,
        "ebitdaratio": 0.2047711693,
        "operatingIncome": 79655000,
        "operatingIncomeRatio": 0.1690001294,
        "totalOtherIncomeExpensesNet": -578000,
        "incomeBeforeTax": 79077000,
        "incomeBeforeTaxRatio": 0.167773815,
        "incomeTaxExpense": 14128000,
        "netIncome": 64949000,
        "netIncomeRatio": 0.1377991263,
        "eps": 0.43,
        "epsdiluted": 0.42,
        "weightedAverageShsOut": 152031000,
        "weightedAverageShsOutDil": 154564000,
        "link": "https://www.sec.gov/Archives/edgar/data/818479/000081847907000017/0000818479-07-000017-index.htm",
        "finalLink": "https://www.sec.gov/Archives/edgar/data/818479/000081847907000017/ar10k2006v56.htm"
    },
    {
        "date": "2006-09-30",
        "symbol": "XRAY",
        "reportedCurrency": "USD",
        "cik": "0000818479",
        "fillingDate": "2006-11-09",
        "acceptedDate": "2006-11-08 17:51:23",
        "calendarYear": "2006",
        "period": "Q3",
        "revenue": 435725000,
        "costOfRevenue": 209814000,
        "grossProfit": 225911000,
        "grossProfitRatio": 0.518471513,
        "researchAndDevelopmentExpenses": 0,
        "generalAndAdministrativeExpenses": 148521000,
        "sellingAndMarketingExpenses": 0,
        "sellingGeneralAndAdministrativeExpenses": 148521000,
        "otherExpenses": 0,
        "operatingExpenses": 148521000,
        "costAndExpenses": 358335000,
        "interestIncome": 1022000,
        "interestExpense": 2756000,
        "depreciationAndAmortization": 12228000,
        "ebitda": 89618000,
        "ebitdaratio": 0.2056755981,
        "operatingIncome": 78539000,
        "operatingIncomeRatio": 0.1802490103,
        "totalOtherIncomeExpensesNet": -54000,
        "incomeBeforeTax": 78485000,
        "incomeBeforeTaxRatio": 0.1801250789,
        "incomeTaxExpense": 29036000,
        "netIncome": 49449000,
        "netIncomeRatio": 0.1134867175,
        "eps": 0.32,
        "epsdiluted": 0.31,
        "weightedAverageShsOut": 153968000,
        "weightedAverageShsOutDil": 157153000,
        "link": "https://www.sec.gov/Archives/edgar/data/818479/000081847906000087/0000818479-06-000087-index.htm",
        "finalLink": "https://www.sec.gov/Archives/edgar/data/818479/000081847906000087/q30610q.htm"
    },
    {
        "date": "2006-06-30",
        "symbol": "XRAY",
        "reportedCurrency": "USD",
        "cik": "0000818479",
        "fillingDate": "2006-08-01",
        "acceptedDate": "2006-07-31 17:36:13",
        "calendarYear": "2006",
        "period": "Q2",
        "revenue": 472444000,
        "costOfRevenue": 230290000,
        "grossProfit": 242154000,
        "grossProfitRatio": 0.5125559855,
        "researchAndDevelopmentExpenses": 0,
        "generalAndAdministrativeExpenses": 152926000,
        "sellingAndMarketingExpenses": 0,
        "sellingGeneralAndAdministrativeExpenses": 152926000,
        "otherExpenses": 0,
        "operatingExpenses": 152926000,
        "costAndExpenses": 383216000,
        "interestIncome": 0,
        "interestExpense": 6763000,
        "depreciationAndAmortization": 11302000,
        "ebitda": 100530000,
        "ebitdaratio": 0.212787124,
        "operatingIncome": 86592000,
        "operatingIncomeRatio": 0.1832852148,
        "totalOtherIncomeExpensesNet": -526000,
        "incomeBeforeTax": 86066000,
        "incomeBeforeTaxRatio": 0.1821718553,
        "incomeTaxExpense": 26750000,
        "netIncome": 59316000,
        "netIncomeRatio": 0.1255513881,
        "eps": 0.38,
        "epsdiluted": 0.37,
        "weightedAverageShsOut": 156814000,
        "weightedAverageShsOutDil": 159834000,
        "link": "https://www.sec.gov/Archives/edgar/data/818479/000081847906000058/0000818479-06-000058-index.htm",
        "finalLink": "https://www.sec.gov/Archives/edgar/data/818479/000081847906000058/q20610q.txt"
    },
    {
        "date": "2006-03-31",
        "symbol": "XRAY",
        "reportedCurrency": "USD",
        "cik": "0000818479",
        "fillingDate": "2006-05-08",
        "acceptedDate": "2006-05-08 16:50:11",
        "calendarYear": "2006",
        "period": "Q1",
        "revenue": 430996000,
        "costOfRevenue": 210860000,
        "grossProfit": 220136000,
        "grossProfitRatio": 0.5107611208,
        "researchAndDevelopmentExpenses": 0,
        "generalAndAdministrativeExpenses": 145431000,
        "sellingAndMarketingExpenses": 0,
        "sellingGeneralAndAdministrativeExpenses": 145431000,
        "otherExpenses": 0,
        "operatingExpenses": 145431000,
        "costAndExpenses": 356291000,
        "interestIncome": 0,
        "interestExpense": 7679000,
        "depreciationAndAmortization": 12095000,
        "ebitda": 86800000,
        "ebitdaratio": 0.2013939805,
        "operatingIncome": 70008000,
        "operatingIncomeRatio": 0.162433062,
        "totalOtherIncomeExpensesNet": 1201000,
        "incomeBeforeTax": 71209000,
        "incomeBeforeTaxRatio": 0.1652196308,
        "incomeTaxExpense": 21205000,
        "netIncome": 50004000,
        "netIncomeRatio": 0.1160196382,
        "eps": 0.32,
        "epsdiluted": 0.31,
        "weightedAverageShsOut": 157998000,
        "weightedAverageShsOutDil": 161060000,
        "link": "https://www.sec.gov/Archives/edgar/data/818479/000081847906000034/0000818479-06-000034-index.htm",
        "finalLink": "https://www.sec.gov/Archives/edgar/data/818479/000081847906000034/q10610q.txt"
    },
    {
        "date": "2005-12-31",
        "symbol": "XRAY",
        "reportedCurrency": "USD",
        "cik": "0000818479",
        "fillingDate": "2006-03-14",
        "acceptedDate": "2006-03-14 07:39:11",
        "calendarYear": "2005",
        "period": "Q4",
        "revenue": 447362000,
        "costOfRevenue": 223570000,
        "grossProfit": 223792000,
        "grossProfitRatio": 0.5002481212,
        "researchAndDevelopmentExpenses": 0,
        "generalAndAdministrativeExpenses": 144093000,
        "sellingAndMarketingExpenses": 0,
        "sellingGeneralAndAdministrativeExpenses": 144093000,
        "otherExpenses": 0,
        "operatingExpenses": 144093000,
        "costAndExpenses": 367663000,
        "interestIncome": 2421000,
        "interestExpense": 2448000,
        "depreciationAndAmortization": 10995000,
        "ebitda": 90694000,
        "ebitdaratio": 0.2027306745,
        "operatingIncome": -21705000,
        "operatingIncomeRatio": -0.0485177552,
        "totalOtherIncomeExpensesNet": 1436000,
        "incomeBeforeTax": -20269000,
        "incomeBeforeTaxRatio": -0.0453078268,
        "incomeTaxExpense": -19545000,
        "netIncome": -724000,
        "netIncomeRatio": -0.0016183762,
        "eps": -0.0046,
        "epsdiluted": -0.0045,
        "weightedAverageShsOut": 157998000,
        "weightedAverageShsOutDil": 161060000,
        "link": "https://www.sec.gov/Archives/edgar/data/818479/000081847906000014/0000818479-06-000014-index.htm",
        "finalLink": "https://www.sec.gov/Archives/edgar/data/818479/000081847906000014/final200510k.txt"
    },
    {
        "date": "2005-09-30",
        "symbol": "XRAY",
        "reportedCurrency": "USD",
        "cik": "0000818479",
        "fillingDate": "2005-11-03",
        "acceptedDate": "2005-11-03 15:04:19",
        "calendarYear": "2005",
        "period": "Q3",
        "revenue": 415964000,
        "costOfRevenue": 206962000,
        "grossProfit": 209002000,
        "grossProfitRatio": 0.5024521353,
        "researchAndDevelopmentExpenses": 0,
        "generalAndAdministrativeExpenses": 134324000,
        "sellingAndMarketingExpenses": 0,
        "sellingGeneralAndAdministrativeExpenses": 134324000,
        "otherExpenses": 0,
        "operatingExpenses": 134324000,
        "costAndExpenses": 341286000,
        "interestIncome": 0,
        "interestExpense": 265911000,
        "depreciationAndAmortization": 12522000,
        "ebitda": 87200000,
        "ebitdaratio": 0.209633526,
        "operatingIncome": -56633000,
        "operatingIncomeRatio": -0.1361488013,
        "totalOtherIncomeExpensesNet": -2863000,
        "incomeBeforeTax": -59496000,
        "incomeBeforeTaxRatio": -0.1430316085,
        "incomeTaxExpense": 1309000,
        "netIncome": -60805000,
        "netIncomeRatio": -0.1461785154,
        "eps": -0.39,
        "epsdiluted": -0.39,
        "weightedAverageShsOut": 157789000,
        "weightedAverageShsOutDil": 157789000,
        "link": "https://www.sec.gov/Archives/edgar/data/818479/000081847905000085/0000818479-05-000085-index.htm",
        "finalLink": "https://www.sec.gov/Archives/edgar/data/818479/000081847905000085/q310qdoc.txt"
    },
    {
        "date": "2005-06-30",
        "symbol": "XRAY",
        "reportedCurrency": "USD",
        "cik": "0000818479",
        "fillingDate": "2005-08-05",
        "acceptedDate": "2005-08-05 12:18:59",
        "calendarYear": "2005",
        "period": "Q2",
        "revenue": 444834000,
        "costOfRevenue": 217551000,
        "grossProfit": 227283000,
        "grossProfitRatio": 0.510938912,
        "researchAndDevelopmentExpenses": 0,
        "generalAndAdministrativeExpenses": 146376000,
        "sellingAndMarketingExpenses": 0,
        "sellingGeneralAndAdministrativeExpenses": 146376000,
        "otherExpenses": 0,
        "operatingExpenses": 146376000,
        "costAndExpenses": 363927000,
        "interestIncome": 2159000,
        "interestExpense": 4446000,
        "depreciationAndAmortization": 13611000,
        "ebitda": 94518000,
        "ebitdaratio": 0.2124792619,
        "operatingIncome": 81135000,
        "operatingIncomeRatio": 0.1823938818,
        "totalOtherIncomeExpensesNet": -682000,
        "incomeBeforeTax": 80453000,
        "incomeBeforeTaxRatio": 0.1808607256,
        "incomeTaxExpense": 22560000,
        "netIncome": 57893000,
        "netIncomeRatio": 0.1301451778,
        "eps": 0.36,
        "epsdiluted": 0.35,
        "weightedAverageShsOut": 160274000,
        "weightedAverageShsOutDil": 163216000,
        "link": "https://www.sec.gov/Archives/edgar/data/818479/000081847905000066/0000818479-05-000066-index.htm",
        "finalLink": "https://www.sec.gov/Archives/edgar/data/818479/000081847905000066/f10q22005.txt"
    },
    {
        "date": "2005-03-31",
        "symbol": "XRAY",
        "reportedCurrency": "USD",
        "cik": "0000818479",
        "fillingDate": "2005-05-10",
        "acceptedDate": "2005-05-10 17:07:59",
        "calendarYear": "2005",
        "period": "Q1",
        "revenue": 406975000,
        "costOfRevenue": 198034000,
        "grossProfit": 208941000,
        "grossProfitRatio": 0.513400086,
        "researchAndDevelopmentExpenses": 0,
        "generalAndAdministrativeExpenses": 138548000,
        "sellingAndMarketingExpenses": 0,
        "sellingGeneralAndAdministrativeExpenses": 138548000,
        "otherExpenses": 0,
        "operatingExpenses": 138548000,
        "costAndExpenses": 336582000,
        "interestIncome": 0,
        "interestExpense": 0,
        "depreciationAndAmortization": 13432000,
        "ebitda": 83825000,
        "ebitdaratio": 0.2059708827,
        "operatingIncome": 70125000,
        "operatingIncomeRatio": 0.1723078813,
        "totalOtherIncomeExpensesNet": 225000,
        "incomeBeforeTax": 70350000,
        "incomeBeforeTaxRatio": 0.1728607408,
        "incomeTaxExpense": 21301000,
        "netIncome": 49049000,
        "netIncomeRatio": 0.1205209165,
        "eps": 0.31,
        "epsdiluted": 0.3,
        "weightedAverageShsOut": 161406000,
        "weightedAverageShsOutDil": 164578000,
        "link": "https://www.sec.gov/Archives/edgar/data/818479/000081847905000037/0000818479-05-000037-index.htm",
        "finalLink": "https://www.sec.gov/Archives/edgar/data/818479/000081847905000037/f10q1q2005.txt"
    },
    {
        "date": "2004-12-31",
        "symbol": "XRAY",
        "reportedCurrency": "USD",
        "cik": "0000818479",
        "fillingDate": "2005-03-16",
        "acceptedDate": "2005-03-16 16:54:40",
        "calendarYear": "2004",
        "period": "Q4",
        "revenue": 462934000,
        "costOfRevenue": 233218000,
        "grossProfit": 229716000,
        "grossProfitRatio": 0.4962176034,
        "researchAndDevelopmentExpenses": 0,
        "generalAndAdministrativeExpenses": 146409000,
        "sellingAndMarketingExpenses": 0,
        "sellingGeneralAndAdministrativeExpenses": 146409000,
        "otherExpenses": 0,
        "operatingExpenses": 146409000,
        "costAndExpenses": 379627000,
        "interestIncome": 0,
        "interestExpense": 13187000,
        "depreciationAndAmortization": 12713000,
        "ebitda": 96020000,
        "ebitdaratio": 0.207416176,
        "operatingIncome": 79348000,
        "operatingIncomeRatio": 0.1714024029,
        "totalOtherIncomeExpensesNet": -4722000,
        "incomeBeforeTax": 74626000,
        "incomeBeforeTaxRatio": 0.1612022448,
        "incomeTaxExpense": 5673000,
        "netIncome": 68607000,
        "netIncomeRatio": 0.1482003914,
        "eps": 0.43,
        "epsdiluted": 0.42,
        "weightedAverageShsOut": 161406000,
        "weightedAverageShsOutDil": 164578000,
        "link": "https://www.sec.gov/Archives/edgar/data/818479/000081847905000019/0000818479-05-000019-index.htm",
        "finalLink": "https://www.sec.gov/Archives/edgar/data/818479/000081847905000019/f10k2004.txt"
    },
    {
        "date": "2004-09-30",
        "symbol": "XRAY",
        "reportedCurrency": "USD",
        "cik": "0000818479",
        "fillingDate": "2004-11-08",
        "acceptedDate": "2004-11-08 17:15:52",
        "calendarYear": "2004",
        "period": "Q3",
        "revenue": 390592000,
        "costOfRevenue": 191548000,
        "grossProfit": 199044000,
        "grossProfitRatio": 0.5095956906,
        "researchAndDevelopmentExpenses": 0,
        "generalAndAdministrativeExpenses": 128825000,
        "sellingAndMarketingExpenses": 0,
        "sellingGeneralAndAdministrativeExpenses": 128825000,
        "otherExpenses": 0,
        "operatingExpenses": 128825000,
        "costAndExpenses": 320373000,
        "interestIncome": 0,
        "interestExpense": 9766000,
        "depreciationAndAmortization": 12019000,
        "ebitda": 82239000,
        "ebitdaratio": 0.2105496272,
        "operatingIncome": 68111000,
        "operatingIncomeRatio": 0.1743788915,
        "totalOtherIncomeExpensesNet": -5543000,
        "incomeBeforeTax": 62568000,
        "incomeBeforeTaxRatio": 0.1601876126,
        "incomeTaxExpense": 16225000,
        "netIncome": 46684000,
        "netIncomeRatio": 0.1195211371,
        "eps": 0.29,
        "epsdiluted": 0.28,
        "weightedAverageShsOut": 160990000,
        "weightedAverageShsOutDil": 164220000,
        "link": "https://www.sec.gov/Archives/edgar/data/818479/000081847904000094/0000818479-04-000094-index.htm",
        "finalLink": "https://www.sec.gov/Archives/edgar/data/818479/000081847904000094/f10q304.txt"
    },
    {
        "date": "2004-06-30",
        "symbol": "XRAY",
        "reportedCurrency": "USD",
        "cik": "0000818479",
        "fillingDate": "2004-08-09",
        "acceptedDate": "2004-08-09 16:45:42",
        "calendarYear": "2004",
        "period": "Q2",
        "revenue": 425325000,
        "costOfRevenue": 212424000,
        "grossProfit": 212901000,
        "grossProfitRatio": 0.5005607477,
        "researchAndDevelopmentExpenses": 0,
        "generalAndAdministrativeExpenses": 135003000,
        "sellingAndMarketingExpenses": 0,
        "sellingGeneralAndAdministrativeExpenses": 135003000,
        "otherExpenses": 0,
        "operatingExpenses": 135003000,
        "costAndExpenses": 347427000,
        "interestIncome": 0,
        "interestExpense": 6634000,
        "depreciationAndAmortization": 11541000,
        "ebitda": 89439000,
        "ebitdaratio": 0.2102839005,
        "operatingIncome": 77565000,
        "operatingIncomeRatio": 0.1823664257,
        "totalOtherIncomeExpensesNet": -5214000,
        "incomeBeforeTax": 72351000,
        "incomeBeforeTaxRatio": 0.1701075648,
        "incomeTaxExpense": 23129000,
        "netIncome": 49043000,
        "netIncomeRatio": 0.1153071181,
        "eps": 0.31,
        "epsdiluted": 0.3,
        "weightedAverageShsOut": 160986000,
        "weightedAverageShsOutDil": 164178000,
        "link": "https://www.sec.gov/Archives/edgar/data/818479/000081847904000076/0000818479-04-000076-index.htm",
        "finalLink": "https://www.sec.gov/Archives/edgar/data/818479/000081847904000076/q20410q.txt"
    },
    {
        "date": "2004-03-31",
        "symbol": "XRAY",
        "reportedCurrency": "USD",
        "cik": "0000818479",
        "fillingDate": "2004-05-10",
        "acceptedDate": "2004-05-10 16:42:32",
        "calendarYear": "2004",
        "period": "Q1",
        "revenue": 415381000,
        "costOfRevenue": 210524000,
        "grossProfit": 204857000,
        "grossProfitRatio": 0.4931785517,
        "researchAndDevelopmentExpenses": 0,
        "generalAndAdministrativeExpenses": 134027000,
        "sellingAndMarketingExpenses": 0,
        "sellingGeneralAndAdministrativeExpenses": 134027000,
        "otherExpenses": 0,
        "operatingExpenses": 134027000,
        "costAndExpenses": 344551000,
        "interestIncome": 674000,
        "interestExpense": 5947000,
        "depreciationAndAmortization": 13023000,
        "ebitda": 83853000,
        "ebitdaratio": 0.2018700904,
        "operatingIncome": 70106000,
        "operatingIncomeRatio": 0.1687751727,
        "totalOtherIncomeExpensesNet": -5496000,
        "incomeBeforeTax": 64610000,
        "incomeBeforeTaxRatio": 0.1555439464,
        "incomeTaxExpense": 18842000,
        "netIncome": 88832000,
        "netIncomeRatio": 0.2138566762,
        "eps": 0.56,
        "epsdiluted": 0.55,
        "weightedAverageShsOut": 159844000,
        "weightedAverageShsOutDil": 163002000,
        "link": "https://www.sec.gov/Archives/edgar/data/818479/000081847904000049/0000818479-04-000049-index.htm",
        "finalLink": "https://www.sec.gov/Archives/edgar/data/818479/000081847904000049/f10q.txt"
    },
    {
        "date": "2003-12-31",
        "symbol": "XRAY",
        "reportedCurrency": "USD",
        "cik": "0000818479",
        "fillingDate": "2004-03-15",
        "acceptedDate": "2004-03-15 16:55:49",
        "calendarYear": "2003",
        "period": "Q4",
        "revenue": 356369000,
        "costOfRevenue": 169583000,
        "grossProfit": 186786000,
        "grossProfitRatio": 0.524136499,
        "researchAndDevelopmentExpenses": 0,
        "generalAndAdministrativeExpenses": 113486000,
        "sellingAndMarketingExpenses": 0,
        "sellingGeneralAndAdministrativeExpenses": 113486000,
        "otherExpenses": 0,
        "operatingExpenses": 113486000,
        "costAndExpenses": 283069000,
        "interestIncome": 868000,
        "interestExpense": 7424000,
        "depreciationAndAmortization": 8727000,
        "ebitda": 82027000,
        "ebitdaratio": 0.2301743418,
        "operatingIncome": 69600000,
        "operatingIncomeRatio": 0.1953031829,
        "totalOtherIncomeExpensesNet": -1752000,
        "incomeBeforeTax": 67848000,
        "incomeBeforeTaxRatio": 0.1903869304,
        "incomeTaxExpense": 21794000,
        "netIncome": 50384000,
        "netIncomeRatio": 0.1413815455,
        "eps": 0.32,
        "epsdiluted": 0.31,
        "weightedAverageShsOut": 159844000,
        "weightedAverageShsOutDil": 163002000,
        "link": "https://www.sec.gov/Archives/edgar/data/818479/000081847904000031/0000818479-04-000031-index.htm",
        "finalLink": "https://www.sec.gov/Archives/edgar/data/818479/000081847904000031/f102003.txt"
    },
    {
        "date": "2003-09-30",
        "symbol": "XRAY",
        "reportedCurrency": "USD",
        "cik": "0000818479",
        "fillingDate": "2003-11-10",
        "acceptedDate": "2003-11-10 16:41:00",
        "calendarYear": "2003",
        "period": "Q3",
        "revenue": 400420000,
        "costOfRevenue": 209186000,
        "grossProfit": 191234000,
        "grossProfitRatio": 0.4775835373,
        "researchAndDevelopmentExpenses": 0,
        "generalAndAdministrativeExpenses": 125887000,
        "sellingAndMarketingExpenses": 0,
        "sellingGeneralAndAdministrativeExpenses": 125887000,
        "otherExpenses": 0,
        "operatingExpenses": 125887000,
        "costAndExpenses": 335073000,
        "interestIncome": 377000,
        "interestExpense": 6104000,
        "depreciationAndAmortization": 11947000,
        "ebitda": 77294000,
        "ebitdaratio": 0.1930323161,
        "operatingIncome": 65347000,
        "operatingIncomeRatio": 0.163196144,
        "totalOtherIncomeExpensesNet": -4202000,
        "incomeBeforeTax": 61145000,
        "incomeBeforeTaxRatio": 0.1527021627,
        "incomeTaxExpense": 19831000,
        "netIncome": 41314000,
        "netIncomeRatio": 0.1031766645,
        "eps": 0.26,
        "epsdiluted": 0.26,
        "weightedAverageShsOut": 157998000,
        "weightedAverageShsOutDil": 162014000,
        "link": "https://www.sec.gov/Archives/edgar/data/818479/000081847903000054/0000818479-03-000054-index.htm",
        "finalLink": "https://www.sec.gov/Archives/edgar/data/818479/000081847903000054/f10q3q2003.txt"
    },
    {
        "date": "2003-06-30",
        "symbol": "XRAY",
        "reportedCurrency": "USD",
        "cik": "0000818479",
        "fillingDate": "2003-08-14",
        "acceptedDate": "2003-08-14 13:54:32",
        "calendarYear": "2003",
        "period": "Q2",
        "revenue": 417949000,
        "costOfRevenue": 212839000,
        "grossProfit": 205110000,
        "grossProfitRatio": 0.4907536565,
        "researchAndDevelopmentExpenses": 0,
        "generalAndAdministrativeExpenses": 134085000,
        "sellingAndMarketingExpenses": 0,
        "sellingGeneralAndAdministrativeExpenses": 134085000,
        "otherExpenses": 0,
        "operatingExpenses": 134085000,
        "costAndExpenses": 346924000,
        "interestIncome": 0,
        "interestExpense": 4990000,
        "depreciationAndAmortization": 12888000,
        "ebitda": 83913000,
        "ebitdaratio": 0.2007733001,
        "operatingIncome": 71025000,
        "operatingIncomeRatio": 0.1699370019,
        "totalOtherIncomeExpensesNet": -5542000,
        "incomeBeforeTax": 65483000,
        "incomeBeforeTaxRatio": 0.1566770108,
        "incomeTaxExpense": 21265000,
        "netIncome": 44218000,
        "netIncomeRatio": 0.1057975973,
        "eps": 0.28,
        "epsdiluted": 0.28,
        "weightedAverageShsOut": 157376000,
        "weightedAverageShsOutDil": 160654000,
        "link": "https://www.sec.gov/Archives/edgar/data/818479/000081847903000031/0000818479-03-000031-index.htm",
        "finalLink": "https://www.sec.gov/Archives/edgar/data/818479/000081847903000031/f10q22003.txt"
    },
    {
        "date": "2003-03-31",
        "symbol": "XRAY",
        "reportedCurrency": "USD",
        "cik": "0000818479",
        "fillingDate": "2003-05-13",
        "acceptedDate": "2003-05-13 17:00:10",
        "calendarYear": "2003",
        "period": "Q1",
        "revenue": 396187000,
        "costOfRevenue": 206116000,
        "grossProfit": 190071000,
        "grossProfitRatio": 0.4797507238,
        "researchAndDevelopmentExpenses": 0,
        "generalAndAdministrativeExpenses": 128061000,
        "sellingAndMarketingExpenses": 0,
        "sellingGeneralAndAdministrativeExpenses": 128061000,
        "otherExpenses": 0,
        "operatingExpenses": 128061000,
        "costAndExpenses": 334177000,
        "interestIncome": 0,
        "interestExpense": 4752000,
        "depreciationAndAmortization": 12099000,
        "ebitda": 74109000,
        "ebitdaratio": 0.1870556076,
        "operatingIncome": 62010000,
        "operatingIncomeRatio": 0.1565169983,
        "totalOtherIncomeExpensesNet": -5290000,
        "incomeBeforeTax": 56720000,
        "incomeBeforeTaxRatio": 0.1431647177,
        "incomeTaxExpense": 18453000,
        "netIncome": 38267000,
        "netIncomeRatio": 0.0965882273,
        "eps": 0.25,
        "epsdiluted": 0.24,
        "weightedAverageShsOut": 156884000,
        "weightedAverageShsOutDil": 160014000,
        "link": "https://www.sec.gov/Archives/edgar/data/818479/000081847903000014/0000818479-03-000014-index.htm",
        "finalLink": "https://www.sec.gov/Archives/edgar/data/818479/000081847903000014/f10qdoc.txt"
    },
    {
        "date": "2002-12-31",
        "symbol": "XRAY",
        "reportedCurrency": "USD",
        "cik": "0000818479",
        "fillingDate": "2003-03-28",
        "acceptedDate": "2003-03-28 15:13:50",
        "calendarYear": "2002",
        "period": "Q4",
        "revenue": 421090000,
        "costOfRevenue": 223293000,
        "grossProfit": 197797000,
        "grossProfitRatio": 0.4697261868,
        "researchAndDevelopmentExpenses": 0,
        "generalAndAdministrativeExpenses": 126142000,
        "sellingAndMarketingExpenses": 0,
        "sellingGeneralAndAdministrativeExpenses": 126142000,
        "otherExpenses": 0,
        "operatingExpenses": 126142000,
        "costAndExpenses": 349435000,
        "interestIncome": 0,
        "interestExpense": 12641000,
        "depreciationAndAmortization": 11718000,
        "ebitda": 83373000,
        "ebitdaratio": 0.1979933031,
        "operatingIncome": 71608000,
        "operatingIncomeRatio": 0.1700539077,
        "totalOtherIncomeExpensesNet": -8519000,
        "incomeBeforeTax": 63089000,
        "incomeBeforeTaxRatio": 0.1498230782,
        "incomeTaxExpense": 20820000,
        "netIncome": 42269000,
        "netIncomeRatio": 0.1003799663,
        "eps": 0.27,
        "epsdiluted": 0.26,
        "weightedAverageShsOut": 156884000,
        "weightedAverageShsOutDil": 160014000,
        "link": "https://www.sec.gov/Archives/edgar/data/818479/000081847903000008/0000818479-03-000008-index.htm",
        "finalLink": "https://www.sec.gov/Archives/edgar/data/818479/000081847903000008/f10k.txt"
    },
    {
        "date": "2002-09-30",
        "symbol": "XRAY",
        "reportedCurrency": "USD",
        "cik": "0000818479",
        "fillingDate": "2002-11-13",
        "acceptedDate": "2002-11-13 17:01:16",
        "calendarYear": "2002",
        "period": "Q3",
        "revenue": 363456000,
        "costOfRevenue": 184230000,
        "grossProfit": 179226000,
        "grossProfitRatio": 0.4931160856,
        "researchAndDevelopmentExpenses": 0,
        "generalAndAdministrativeExpenses": 118173000,
        "sellingAndMarketingExpenses": 0,
        "sellingGeneralAndAdministrativeExpenses": 118173000,
        "otherExpenses": 0,
        "operatingExpenses": 118173000,
        "costAndExpenses": 302403000,
        "interestIncome": 0,
        "interestExpense": 11014000,
        "depreciationAndAmortization": 9692000,
        "ebitda": 70745000,
        "ebitdaratio": 0.1946452941,
        "operatingIncome": 61831000,
        "operatingIncomeRatio": 0.1701196293,
        "totalOtherIncomeExpensesNet": -9936000,
        "incomeBeforeTax": 51895000,
        "incomeBeforeTaxRatio": 0.1427820699,
        "incomeTaxExpense": 16129000,
        "netIncome": 35766000,
        "netIncomeRatio": 0.098405309,
        "eps": 0.23,
        "epsdiluted": 0.23,
        "weightedAverageShsOut": 156494000,
        "weightedAverageShsOutDil": 160254000,
        "link": "https://www.sec.gov/Archives/edgar/data/818479/000081847902000009/0000818479-02-000009-index.htm",
        "finalLink": "https://www.sec.gov/Archives/edgar/data/818479/000081847902000009/q3200210qe.txt"
    },
    {
        "date": "2002-06-30",
        "symbol": "XRAY",
        "reportedCurrency": "USD",
        "cik": "0000818479",
        "fillingDate": "2002-08-14",
        "acceptedDate": "2002-08-14 16:18:47",
        "calendarYear": "2002",
        "period": "Q2",
        "revenue": 377978000,
        "costOfRevenue": 192448000,
        "grossProfit": 185530000,
        "grossProfitRatio": 0.4908486737,
        "researchAndDevelopmentExpenses": 0,
        "generalAndAdministrativeExpenses": 120099000,
        "sellingAndMarketingExpenses": 0,
        "sellingGeneralAndAdministrativeExpenses": 120099000,
        "otherExpenses": -674000,
        "operatingExpenses": 120099000,
        "costAndExpenses": 312547000,
        "interestIncome": 167000,
        "interestExpense": 8284000,
        "depreciationAndAmortization": 12077000,
        "ebitda": 77508000,
        "ebitdaratio": 0.2050595537,
        "operatingIncome": 65475000,
        "operatingIncomeRatio": 0.1732243676,
        "totalOtherIncomeExpensesNet": -9691000,
        "incomeBeforeTax": 55784000,
        "incomeBeforeTaxRatio": 0.1475853092,
        "incomeTaxExpense": 18964000,
        "netIncome": 36820000,
        "netIncomeRatio": 0.097413077,
        "eps": 0.24,
        "epsdiluted": 0.23,
        "weightedAverageShsOut": 156326000,
        "weightedAverageShsOutDil": 160152000,
        "link": "https://www.sec.gov/Archives/edgar/data/818479/000081847902000007/0000818479-02-000007-index.htm",
        "finalLink": "https://www.sec.gov/Archives/edgar/data/818479/000081847902000007/q210qe.txt"
    },
    {
        "date": "2002-03-31",
        "symbol": "XRAY",
        "reportedCurrency": "USD",
        "cik": "0000818479",
        "fillingDate": "2002-05-15",
        "acceptedDate": "2002-05-15 16:08:46",
        "calendarYear": "2002",
        "period": "Q1",
        "revenue": 351218000,
        "costOfRevenue": 180872000,
        "grossProfit": 170346000,
        "grossProfitRatio": 0.4850150049,
        "researchAndDevelopmentExpenses": 0,
        "generalAndAdministrativeExpenses": 114716000,
        "sellingAndMarketingExpenses": 0,
        "sellingGeneralAndAdministrativeExpenses": 114716000,
        "otherExpenses": 0,
        "operatingExpenses": 114716000,
        "costAndExpenses": 295588000,
        "interestIncome": 0,
        "interestExpense": 3353000,
        "depreciationAndAmortization": 10372000,
        "ebitda": 65328000,
        "ebitdaratio": 0.1860041342,
        "operatingIncome": 57587000,
        "operatingIncomeRatio": 0.1639636921,
        "totalOtherIncomeExpensesNet": -6697000,
        "incomeBeforeTax": 50216000,
        "incomeBeforeTaxRatio": 0.1429767267,
        "incomeTaxExpense": 17120000,
        "netIncome": 33096000,
        "netIncomeRatio": 0.0942320724,
        "eps": 0.21,
        "epsdiluted": 0.21,
        "weightedAverageShsOut": 155894000,
        "weightedAverageShsOutDil": 159242000,
        "link": "https://www.sec.gov/Archives/edgar/data/818479/000081847902000004/0000818479-02-000004-index.htm",
        "finalLink": "https://www.sec.gov/Archives/edgar/data/818479/000081847902000004/q110qe.txt"
    },
    {
        "date": "2001-12-31",
        "symbol": "XRAY",
        "reportedCurrency": "USD",
        "cik": "0000818479",
        "fillingDate": "2002-03-29",
        "acceptedDate": "2002-03-29 00:00:00",
        "calendarYear": "2001",
        "period": "Q4",
        "revenue": 375289000,
        "costOfRevenue": 201544000,
        "grossProfit": 173745000,
        "grossProfitRatio": 0.4629632097,
        "researchAndDevelopmentExpenses": 0,
        "generalAndAdministrativeExpenses": 119476000,
        "sellingAndMarketingExpenses": 0,
        "sellingGeneralAndAdministrativeExpenses": 119476000,
        "otherExpenses": 5073000,
        "operatingExpenses": 124549000,
        "costAndExpenses": 326093000,
        "interestIncome": 0,
        "interestExpense": 0,
        "depreciationAndAmortization": 13685000,
        "ebitda": 62881000,
        "ebitdaratio": 0.1675535387,
        "operatingIncome": 54696000,
        "operatingIncomeRatio": 0.1457436802,
        "totalOtherIncomeExpensesNet": -3208000,
        "incomeBeforeTax": 51488000,
        "incomeBeforeTaxRatio": 0.1371956013,
        "incomeTaxExpense": 17641000,
        "netIncome": 33847000,
        "netIncomeRatio": 0.0901891609,
        "eps": 0.22,
        "epsdiluted": 0.21,
        "weightedAverageShsOut": 155894000,
        "weightedAverageShsOutDil": 159242000,
        "link": "https://www.sec.gov/Archives/edgar/data/818479/000081847902000002/0000818479-02-000002-index.htm",
        "finalLink": "https://www.sec.gov/Archives/edgar/data/818479/000081847902000002/f10ked.txt"
    },
    {
        "date": "2001-09-30",
        "symbol": "XRAY",
        "reportedCurrency": "USD",
        "cik": "0000818479",
        "fillingDate": "2001-11-13",
        "acceptedDate": "2001-11-13 00:00:00",
        "calendarYear": "2001",
        "period": "Q3",
        "revenue": 253501000,
        "costOfRevenue": 121116000,
        "grossProfit": 132385000,
        "grossProfitRatio": 0.5222267368,
        "researchAndDevelopmentExpenses": 0,
        "generalAndAdministrativeExpenses": 87975000,
        "sellingAndMarketingExpenses": 0,
        "sellingGeneralAndAdministrativeExpenses": 87975000,
        "otherExpenses": 0,
        "operatingExpenses": 87975000,
        "costAndExpenses": 209091000,
        "interestIncome": 0,
        "interestExpense": 8050000,
        "depreciationAndAmortization": 14222000,
        "ebitda": 58632000,
        "ebitdaratio": 0.2312890284,
        "operatingIncome": 44410000,
        "operatingIncomeRatio": 0.1751866857,
        "totalOtherIncomeExpensesNet": -6355000,
        "incomeBeforeTax": 38055000,
        "incomeBeforeTaxRatio": 0.150117751,
        "incomeTaxExpense": 12136000,
        "netIncome": 25919000,
        "netIncomeRatio": 0.1022441726,
        "eps": 0.17,
        "epsdiluted": 0.16,
        "weightedAverageShsOut": 155424288,
        "weightedAverageShsOutDil": 158218890,
        "link": "https://www.sec.gov/Archives/edgar/data/818479/000081847901500012/0000818479-01-500012-index.htm",
        "finalLink": "https://www.sec.gov/Archives/edgar/data/818479/000081847901500012/edq310q.txt"
    },
    {
        "date": "2001-06-30",
        "symbol": "XRAY",
        "reportedCurrency": "USD",
        "cik": "0000818479",
        "fillingDate": "2001-08-14",
        "acceptedDate": "2001-08-14 00:00:00",
        "calendarYear": "2001",
        "period": "Q2",
        "revenue": 254635000,
        "costOfRevenue": 120908000,
        "grossProfit": 133727000,
        "grossProfitRatio": 0.5251713237,
        "researchAndDevelopmentExpenses": 0,
        "generalAndAdministrativeExpenses": 78700000,
        "sellingAndMarketingExpenses": 0,
        "sellingGeneralAndAdministrativeExpenses": 78700000,
        "otherExpenses": 10691000,
        "operatingExpenses": 89391000,
        "costAndExpenses": 210299000,
        "interestIncome": 0,
        "interestExpense": 12971000,
        "depreciationAndAmortization": 13732000,
        "ebitda": 58068000,
        "ebitdaratio": 0.2280440631,
        "operatingIncome": 44336000,
        "operatingIncomeRatio": 0.1741158914,
        "totalOtherIncomeExpensesNet": -3168000,
        "incomeBeforeTax": 41168000,
        "incomeBeforeTaxRatio": 0.1616745538,
        "incomeTaxExpense": 13764000,
        "netIncome": 27404000,
        "netIncomeRatio": 0.107620712,
        "eps": 0.18,
        "epsdiluted": 0.17,
        "weightedAverageShsOut": 155244000,
        "weightedAverageShsOutDil": 157854000,
        "link": "https://www.sec.gov/Archives/edgar/data/818479/000081847901500009/0000818479-01-500009-index.htm",
        "finalLink": "https://www.sec.gov/Archives/edgar/data/818479/000081847901500009/q210qe.txt"
    },
    {
        "date": "2001-03-31",
        "symbol": "XRAY",
        "reportedCurrency": "USD",
        "cik": "0000818479",
        "fillingDate": "2001-05-15",
        "acceptedDate": "2001-05-15 00:00:00",
        "calendarYear": "2001",
        "period": "Q1",
        "revenue": 245669000,
        "costOfRevenue": 109445000,
        "grossProfit": 136224000,
        "grossProfitRatio": 0.554502196,
        "researchAndDevelopmentExpenses": 0,
        "generalAndAdministrativeExpenses": 89393000,
        "sellingAndMarketingExpenses": 0,
        "sellingGeneralAndAdministrativeExpenses": 89393000,
        "otherExpenses": 0,
        "operatingExpenses": 95803000,
        "costAndExpenses": 205248000,
        "interestIncome": 0,
        "interestExpense": 0,
        "depreciationAndAmortization": 12695000,
        "ebitda": 53116000,
        "ebitdaratio": 0.2162096154,
        "operatingIncome": 28511000,
        "operatingIncomeRatio": 0.1160545287,
        "totalOtherIncomeExpensesNet": 19495000,
        "incomeBeforeTax": 54416000,
        "incomeBeforeTaxRatio": 0.2215012883,
        "incomeTaxExpense": 20090000,
        "netIncome": 34326000,
        "netIncomeRatio": 0.1397245888,
        "eps": 0.22,
        "epsdiluted": 0.22,
        "weightedAverageShsOut": 154848576,
        "weightedAverageShsOutDil": 156902548,
        "link": "https://www.sec.gov/Archives/edgar/data/818479/000081847901500004/0000818479-01-500004-index.htm",
        "finalLink": "https://www.sec.gov/Archives/edgar/data/818479/000081847901500004/q110-q.txt"
    },
    {
        "date": "2000-12-31",
        "symbol": "XRAY",
        "reportedCurrency": "USD",
        "cik": "0000818479",
        "fillingDate": "2001-03-20",
        "acceptedDate": "2001-03-20 00:00:00",
        "calendarYear": "2000",
        "period": "Q4",
        "revenue": 238721000,
        "costOfRevenue": 107219000,
        "grossProfit": 131502000,
        "grossProfitRatio": 0.5508606281,
        "researchAndDevelopmentExpenses": 0,
        "generalAndAdministrativeExpenses": 73046000,
        "sellingAndMarketingExpenses": 0,
        "sellingGeneralAndAdministrativeExpenses": 73046000,
        "otherExpenses": 9204000,
        "operatingExpenses": 82250000,
        "costAndExpenses": 189469000,
        "interestIncome": 0,
        "interestExpense": 0,
        "depreciationAndAmortization": 9204000,
        "ebitda": 58456000,
        "ebitdaratio": 0.2448716284,
        "operatingIncome": 49252000,
        "operatingIncomeRatio": 0.2063161599,
        "totalOtherIncomeExpensesNet": -3666000,
        "incomeBeforeTax": 45586000,
        "incomeBeforeTaxRatio": 0.1909593207,
        "incomeTaxExpense": 14724000,
        "netIncome": 30862000,
        "netIncomeRatio": 0.1292806247,
        "eps": 0.2,
        "epsdiluted": 0.2,
        "weightedAverageShsOut": 154926000,
        "weightedAverageShsOutDil": 156981000,
        "link": "https://www.sec.gov/Archives/edgar/data/818479/000081847901000004/0000818479-01-000004-index.htm",
        "finalLink": "https://www.sec.gov/Archives/edgar/data/818479/000081847901000004/0000818479-01-000004-0001.txt"
    },
    {
        "date": "2000-09-30",
        "symbol": "XRAY",
        "reportedCurrency": "USD",
        "cik": "0000818479",
        "fillingDate": "2000-11-14",
        "acceptedDate": "2000-11-14 00:00:00",
        "calendarYear": "2000",
        "period": "Q3",
        "revenue": 215255000,
        "costOfRevenue": 92438000,
        "grossProfit": 122817000,
        "grossProfitRatio": 0.5705651437,
        "researchAndDevelopmentExpenses": 0,
        "generalAndAdministrativeExpenses": 74166000,
        "sellingAndMarketingExpenses": 0,
        "sellingGeneralAndAdministrativeExpenses": 74166000,
        "otherExpenses": 0,
        "operatingExpenses": 84680000,
        "costAndExpenses": 177118000,
        "interestIncome": 0,
        "interestExpense": 4293000,
        "depreciationAndAmortization": 10514000,
        "ebitda": 48651000,
        "ebitdaratio": 0.2260156559,
        "operatingIncome": 38137000,
        "operatingIncomeRatio": 0.177171262,
        "totalOtherIncomeExpensesNet": -3368000,
        "incomeBeforeTax": 34769000,
        "incomeBeforeTaxRatio": 0.1615247033,
        "incomeTaxExpense": 11434000,
        "netIncome": 23335000,
        "netIncomeRatio": 0.1084063088,
        "eps": 0.15,
        "epsdiluted": 0.15,
        "weightedAverageShsOut": 154917542,
        "weightedAverageShsOutDil": 156887556,
        "link": "https://www.sec.gov/Archives/edgar/data/818479/000081847900000011/0000818479-00-000011-index.htm",
        "finalLink": "https://www.sec.gov/Archives/edgar/data/818479/000081847900000011/0000818479-00-000011-0001.txt"
    },
    {
        "date": "2000-06-30",
        "symbol": "XRAY",
        "reportedCurrency": "USD",
        "cik": "0000818479",
        "fillingDate": "2000-08-14",
        "acceptedDate": "2000-08-14 00:00:00",
        "calendarYear": "2000",
        "period": "Q2",
        "revenue": 223290000,
        "costOfRevenue": 93909000,
        "grossProfit": 129381000,
        "grossProfitRatio": 0.5794303372,
        "researchAndDevelopmentExpenses": 0,
        "generalAndAdministrativeExpenses": 78745000,
        "sellingAndMarketingExpenses": 0,
        "sellingGeneralAndAdministrativeExpenses": 78745000,
        "otherExpenses": 10905000,
        "operatingExpenses": 89650000,
        "costAndExpenses": 183559000,
        "interestIncome": 0,
        "interestExpense": 2565000,
        "depreciationAndAmortization": 10905000,
        "ebitda": 50636000,
        "ebitdaratio": 0.2267723588,
        "operatingIncome": 39731000,
        "operatingIncomeRatio": 0.1779345246,
        "totalOtherIncomeExpensesNet": -2396000,
        "incomeBeforeTax": 37335000,
        "incomeBeforeTaxRatio": 0.1672040844,
        "incomeTaxExpense": 12708000,
        "netIncome": 24627000,
        "netIncomeRatio": 0.1102915491,
        "eps": 0.16,
        "epsdiluted": 0.16,
        "weightedAverageShsOut": 155736000,
        "weightedAverageShsOutDil": 157134000,
        "link": "https://www.sec.gov/Archives/edgar/data/818479/000081847900000009/0000818479-00-000009-index.htm",
        "finalLink": "https://www.sec.gov/Archives/edgar/data/818479/000081847900000009/0000818479-00-000009-0001.txt"
    },
    {
        "date": "2000-03-31",
        "symbol": "XRAY",
        "reportedCurrency": "USD",
        "cik": "0000818479",
        "fillingDate": "2000-05-15",
        "acceptedDate": "2000-05-15 00:00:00",
        "calendarYear": "2000",
        "period": "Q1",
        "revenue": 212530000,
        "costOfRevenue": 91277000,
        "grossProfit": 121253000,
        "grossProfitRatio": 0.5705218087,
        "researchAndDevelopmentExpenses": 0,
        "generalAndAdministrativeExpenses": 73777000,
        "sellingAndMarketingExpenses": 0,
        "sellingGeneralAndAdministrativeExpenses": 73777000,
        "otherExpenses": 5925000,
        "operatingExpenses": 84513000,
        "costAndExpenses": 175790000,
        "interestIncome": 0,
        "interestExpense": 2657000,
        "depreciationAndAmortization": 10736000,
        "ebitda": 47476000,
        "ebitdaratio": 0.2233849339,
        "operatingIncome": 36740000,
        "operatingIncomeRatio": 0.1728697125,
        "totalOtherIncomeExpensesNet": -2634000,
        "incomeBeforeTax": 34106000,
        "incomeBeforeTaxRatio": 0.1604761681,
        "incomeTaxExpense": 11913000,
        "netIncome": 22193000,
        "netIncomeRatio": 0.104422905,
        "eps": 0.14,
        "epsdiluted": 0.14,
        "weightedAverageShsOut": 156866566,
        "weightedAverageShsOutDil": 157529236,
        "link": "https://www.sec.gov/Archives/edgar/data/818479/000081847900000006/0000818479-00-000006-index.html",
        "finalLink": "https://www.sec.gov/Archives/edgar/data/818479/000081847900000006/"
    },
    {
        "date": "1999-12-31",
        "symbol": "XRAY",
        "reportedCurrency": "USD",
        "cik": "0000818479",
        "fillingDate": "2000-03-30",
        "acceptedDate": "2000-03-30 00:00:00",
        "calendarYear": "1999",
        "period": "Q4",
        "revenue": 221600000,
        "costOfRevenue": 95700000,
        "grossProfit": 125900000,
        "grossProfitRatio": 0.5681407942,
        "researchAndDevelopmentExpenses": 0,
        "generalAndAdministrativeExpenses": 70400000,
        "sellingAndMarketingExpenses": 0,
        "sellingGeneralAndAdministrativeExpenses": 70400000,
        "otherExpenses": 11300000,
        "operatingExpenses": 81700000,
        "costAndExpenses": 177400000,
        "interestIncome": 0,
        "interestExpense": 0,
        "depreciationAndAmortization": 11300000,
        "ebitda": 55500000,
        "ebitdaratio": 0.2504512635,
        "operatingIncome": 44200000,
        "operatingIncomeRatio": 0.1994584838,
        "totalOtherIncomeExpensesNet": -1100000,
        "incomeBeforeTax": 43100000,
        "incomeBeforeTaxRatio": 0.1944945848,
        "incomeTaxExpense": 14600000,
        "netIncome": 28500000,
        "netIncomeRatio": 0.1286101083,
        "eps": 0.18,
        "epsdiluted": 0.18,
        "weightedAverageShsOut": 156945000,
        "weightedAverageShsOutDil": 157608000,
        "link": "https://www.sec.gov/Archives/edgar/data/818479/000081847900000004/0000818479-00-000004-index.html",
        "finalLink": "https://www.sec.gov/Archives/edgar/data/818479/000081847900000004/"
    },
    {
        "date": "1999-09-30",
        "symbol": "XRAY",
        "reportedCurrency": "USD",
        "cik": "0000818479",
        "fillingDate": "1999-11-15",
        "acceptedDate": "1999-11-15 00:00:00",
        "calendarYear": "1999",
        "period": "Q3",
        "revenue": 203600000,
        "costOfRevenue": 87300000,
        "grossProfit": 116300000,
        "grossProfitRatio": 0.5712180747,
        "researchAndDevelopmentExpenses": 0,
        "generalAndAdministrativeExpenses": 71700000,
        "sellingAndMarketingExpenses": 0,
        "sellingGeneralAndAdministrativeExpenses": 71700000,
        "otherExpenses": 9900000,
        "operatingExpenses": 81600000,
        "costAndExpenses": 168900000,
        "interestIncome": 0,
        "interestExpense": 2500000,
        "depreciationAndAmortization": 9900000,
        "ebitda": 44552000,
        "ebitdaratio": 0.2188212181,
        "operatingIncome": 34700000,
        "operatingIncomeRatio": 0.17043222,
        "totalOtherIncomeExpensesNet": -2952000,
        "incomeBeforeTax": 31700000,
        "incomeBeforeTaxRatio": 0.155697446,
        "incomeTaxExpense": 11000000,
        "netIncome": 20700000,
        "netIncomeRatio": 0.1016699411,
        "eps": 0.13,
        "epsdiluted": 0.13,
        "weightedAverageShsOut": 159151194,
        "weightedAverageShsOutDil": 159151194,
        "link": "https://www.sec.gov/Archives/edgar/data/818479/000081847999000014/0000818479-99-000014-index.html",
        "finalLink": "https://www.sec.gov/Archives/edgar/data/818479/000081847999000014/"
    },
    {
        "date": "1999-06-30",
        "symbol": "XRAY",
        "reportedCurrency": "USD",
        "cik": "0000818479",
        "fillingDate": "1999-08-16",
        "acceptedDate": "1999-08-16 00:00:00",
        "calendarYear": "1999",
        "period": "Q2",
        "revenue": 209100000,
        "costOfRevenue": 91900000,
        "grossProfit": 117200000,
        "grossProfitRatio": 0.5604973697,
        "researchAndDevelopmentExpenses": 0,
        "generalAndAdministrativeExpenses": 73000000,
        "sellingAndMarketingExpenses": 0,
        "sellingGeneralAndAdministrativeExpenses": 73000000,
        "otherExpenses": 7800000,
        "operatingExpenses": 80800000,
        "costAndExpenses": 172700000,
        "interestIncome": 0,
        "interestExpense": 2900000,
        "depreciationAndAmortization": 7800000,
        "ebitda": 44225000,
        "ebitdaratio": 0.2115016738,
        "operatingIncome": 36400000,
        "operatingIncomeRatio": 0.1740793879,
        "totalOtherIncomeExpensesNet": -3625000,
        "incomeBeforeTax": 32800000,
        "incomeBeforeTaxRatio": 0.1568627451,
        "incomeTaxExpense": 11600000,
        "netIncome": 21200000,
        "netIncomeRatio": 0.1013868962,
        "eps": 0.13,
        "epsdiluted": 0.13,
        "weightedAverageShsOut": 158920540,
        "weightedAverageShsOutDil": 158920540,
        "link": "https://www.sec.gov/Archives/edgar/data/818479/000081847999000010/0000818479-99-000010-index.html",
        "finalLink": "https://www.sec.gov/Archives/edgar/data/818479/000081847999000010/"
    },
    {
        "date": "1999-03-31",
        "symbol": "XRAY",
        "reportedCurrency": "USD",
        "cik": "0000818479",
        "fillingDate": "1999-05-17",
        "acceptedDate": "1999-05-17 00:00:00",
        "calendarYear": "1999",
        "period": "Q1",
        "revenue": 196600000,
        "costOfRevenue": 84400000,
        "grossProfit": 112200000,
        "grossProfitRatio": 0.5707019329,
        "researchAndDevelopmentExpenses": 0,
        "generalAndAdministrativeExpenses": 67300000,
        "sellingAndMarketingExpenses": 0,
        "sellingGeneralAndAdministrativeExpenses": 67300000,
        "otherExpenses": 10600000,
        "operatingExpenses": 77900000,
        "costAndExpenses": 162300000,
        "interestIncome": 0,
        "interestExpense": 3200000,
        "depreciationAndAmortization": 10600000,
        "ebitda": 44900000,
        "ebitdaratio": 0.2283825025,
        "operatingIncome": 34300000,
        "operatingIncomeRatio": 0.1744659207,
        "totalOtherIncomeExpensesNet": -3900000,
        "incomeBeforeTax": 30400000,
        "incomeBeforeTaxRatio": 0.1546286877,
        "incomeTaxExpense": 10900000,
        "netIncome": 19500000,
        "netIncomeRatio": 0.0991861648,
        "eps": 0.12,
        "epsdiluted": 0.12,
        "weightedAverageShsOut": 158029094,
        "weightedAverageShsOutDil": 158029094,
        "link": "https://www.sec.gov/Archives/edgar/data/818479/000081847999000007/0000818479-99-000007-index.html",
        "finalLink": "https://www.sec.gov/Archives/edgar/data/818479/"
    },
    {
        "date": "1998-12-31",
        "symbol": "XRAY",
        "reportedCurrency": "USD",
        "cik": "0000818479",
        "fillingDate": "1999-03-30",
        "acceptedDate": "1999-03-30 00:00:00",
        "calendarYear": "1998",
        "period": "Q4",
        "revenue": 220300000,
        "costOfRevenue": 96500000,
        "grossProfit": 123800000,
        "grossProfitRatio": 0.5619609623,
        "researchAndDevelopmentExpenses": 0,
        "generalAndAdministrativeExpenses": 71600000,
        "sellingAndMarketingExpenses": 0,
        "sellingGeneralAndAdministrativeExpenses": 71600000,
        "otherExpenses": 9700000,
        "operatingExpenses": 81300000,
        "costAndExpenses": 177800000,
        "interestIncome": 0,
        "interestExpense": 89600000,
        "depreciationAndAmortization": 9700000,
        "ebitda": 52200000,
        "ebitdaratio": 0.2369496142,
        "operatingIncome": 42500000,
        "operatingIncomeRatio": 0.1929187472,
        "totalOtherIncomeExpensesNet": -46900000,
        "incomeBeforeTax": -4400000,
        "incomeBeforeTaxRatio": -0.0199727644,
        "incomeTaxExpense": -2000000,
        "netIncome": -2400000,
        "netIncomeRatio": -0.0108942351,
        "eps": -0.0155,
        "epsdiluted": -0.0152,
        "weightedAverageShsOut": 154985096,
        "weightedAverageShsOutDil": 158029094,
        "link": "https://www.sec.gov/Archives/edgar/data/818479/000081847999000003/0000818479-99-000003-index.html",
        "finalLink": "https://www.sec.gov/Archives/edgar/data/818479/"
    },
    {
        "date": "1998-09-30",
        "symbol": "XRAY",
        "reportedCurrency": "USD",
        "cik": "0000818479",
        "fillingDate": "1998-11-13",
        "acceptedDate": "1998-11-13 00:00:00",
        "calendarYear": "1998",
        "period": "Q3",
        "revenue": 197000000,
        "costOfRevenue": 84400000,
        "grossProfit": 112600000,
        "grossProfitRatio": 0.5715736041,
        "researchAndDevelopmentExpenses": 0,
        "generalAndAdministrativeExpenses": 71200000,
        "sellingAndMarketingExpenses": 0,
        "sellingGeneralAndAdministrativeExpenses": 71200000,
        "otherExpenses": 9500000,
        "operatingExpenses": 80700000,
        "costAndExpenses": 165100000,
        "interestIncome": 0,
        "interestExpense": 4400000,
        "depreciationAndAmortization": 9500000,
        "ebitda": 41400000,
        "ebitdaratio": 0.2101522843,
        "operatingIncome": 31900000,
        "operatingIncomeRatio": 0.161928934,
        "totalOtherIncomeExpensesNet": -4800000,
        "incomeBeforeTax": 27100000,
        "incomeBeforeTaxRatio": 0.1375634518,
        "incomeTaxExpense": 9500000,
        "netIncome": 17600000,
        "netIncomeRatio": 0.0893401015,
        "eps": 0.11,
        "epsdiluted": 0.11,
        "weightedAverageShsOut": 159920040,
        "weightedAverageShsOutDil": 159920040,
        "link": "https://www.sec.gov/Archives/edgar/data/818479/000081847998000014/0000818479-98-000014-index.html",
        "finalLink": "https://www.sec.gov/Archives/edgar/data/818479/"
    },
    {
        "date": "1998-06-30",
        "symbol": "XRAY",
        "reportedCurrency": "USD",
        "cik": "0000818479",
        "fillingDate": "1998-08-13",
        "acceptedDate": "1998-08-13 00:00:00",
        "calendarYear": "1998",
        "period": "Q2",
        "revenue": 197100000,
        "costOfRevenue": 84100000,
        "grossProfit": 113000000,
        "grossProfitRatio": 0.5733130391,
        "researchAndDevelopmentExpenses": 0,
        "generalAndAdministrativeExpenses": 68500000,
        "sellingAndMarketingExpenses": 0,
        "sellingGeneralAndAdministrativeExpenses": 68500000,
        "otherExpenses": 9200000,
        "operatingExpenses": 77700000,
        "costAndExpenses": 161800000,
        "interestIncome": 0,
        "interestExpense": 62700000,
        "depreciationAndAmortization": 9200000,
        "ebitda": 44500000,
        "ebitdaratio": 0.2257737189,
        "operatingIncome": 35300000,
        "operatingIncomeRatio": 0.1790969051,
        "totalOtherIncomeExpensesNet": -33200000,
        "incomeBeforeTax": 2100000,
        "incomeBeforeTaxRatio": 0.0106544901,
        "incomeTaxExpense": 1500000,
        "netIncome": 600000,
        "netIncomeRatio": 0.00304414,
        "eps": 0.0033,
        "epsdiluted": 0.0033,
        "weightedAverageShsOut": 179910045,
        "weightedAverageShsOutDil": 179910045,
        "link": "https://www.sec.gov/Archives/edgar/data/818479/000081847998000012/0000818479-98-000012-index.html",
        "finalLink": "https://www.sec.gov/Archives/edgar/data/818479/"
    },
    {
        "date": "1998-03-31",
        "symbol": "XRAY",
        "reportedCurrency": "USD",
        "cik": "0000818479",
        "fillingDate": "1998-05-14",
        "acceptedDate": "1998-05-14 00:00:00",
        "calendarYear": "1998",
        "period": "Q1",
        "revenue": 180700000,
        "costOfRevenue": 76300000,
        "grossProfit": 104400000,
        "grossProfitRatio": 0.5777531821,
        "researchAndDevelopmentExpenses": 0,
        "generalAndAdministrativeExpenses": 63800000,
        "sellingAndMarketingExpenses": 0,
        "sellingGeneralAndAdministrativeExpenses": 63800000,
        "otherExpenses": 9100000,
        "operatingExpenses": 72900000,
        "costAndExpenses": 149200000,
        "interestIncome": 0,
        "interestExpense": 0,
        "depreciationAndAmortization": 9100000,
        "ebitda": 40600000,
        "ebitdaratio": 0.224681793,
        "operatingIncome": 31500000,
        "operatingIncomeRatio": 0.1743220808,
        "totalOtherIncomeExpensesNet": -1200000,
        "incomeBeforeTax": 30300000,
        "incomeBeforeTaxRatio": 0.1676812396,
        "incomeTaxExpense": 11300000,
        "netIncome": 19000000,
        "netIncomeRatio": 0.1051466519,
        "eps": 0.12,
        "epsdiluted": 0.12,
        "weightedAverageShsOut": 162775755,
        "weightedAverageShsOutDil": 162775755,
        "link": "https://www.sec.gov/Archives/edgar/data/818479/000081847998000008/0000818479-98-000008-index.html",
        "finalLink": "https://www.sec.gov/Archives/edgar/data/818479/"
    },
    {
        "date": "1997-12-31",
        "symbol": "XRAY",
        "reportedCurrency": "USD",
        "cik": "0000818479",
        "fillingDate": "1998-03-31",
        "acceptedDate": "1998-03-31 00:00:00",
        "calendarYear": "1997",
        "period": "Q4",
        "revenue": 197500000,
        "costOfRevenue": 87000000,
        "grossProfit": 110500000,
        "grossProfitRatio": 0.5594936709,
        "researchAndDevelopmentExpenses": 0,
        "generalAndAdministrativeExpenses": 60100000,
        "sellingAndMarketingExpenses": 0,
        "sellingGeneralAndAdministrativeExpenses": 60100000,
        "otherExpenses": 8300000,
        "operatingExpenses": 68400000,
        "costAndExpenses": 155400000,
        "interestIncome": 0,
        "interestExpense": 4300000,
        "depreciationAndAmortization": 8300000,
        "ebitda": 50400000,
        "ebitdaratio": 0.2551898734,
        "operatingIncome": 42100000,
        "operatingIncomeRatio": 0.213164557,
        "totalOtherIncomeExpensesNet": -3900000,
        "incomeBeforeTax": 38200000,
        "incomeBeforeTaxRatio": 0.1934177215,
        "incomeTaxExpense": 14600000,
        "netIncome": 23600000,
        "netIncomeRatio": 0.1194936709,
        "eps": 0.14,
        "epsdiluted": 0.14,
        "weightedAverageShsOut": 159190155,
        "weightedAverageShsOutDil": 162775755,
        "link": "https://www.sec.gov/Archives/edgar/data/818479/000081847998000005/0000818479-98-000005-index.html",
        "finalLink": "https://www.sec.gov/Archives/edgar/data/818479/"
    },
    {
        "date": "1997-09-30",
        "symbol": "XRAY",
        "reportedCurrency": "USD",
        "cik": "0000818479",
        "fillingDate": "1997-11-14",
        "acceptedDate": "1997-11-14 00:00:00",
        "calendarYear": "1997",
        "period": "Q3",
        "revenue": 172700000,
        "costOfRevenue": 76800000,
        "grossProfit": 95900000,
        "grossProfitRatio": 0.555298205,
        "researchAndDevelopmentExpenses": 0,
        "generalAndAdministrativeExpenses": 57900000,
        "sellingAndMarketingExpenses": 0,
        "sellingGeneralAndAdministrativeExpenses": 57900000,
        "otherExpenses": 8100000,
        "operatingExpenses": 66000000,
        "costAndExpenses": 142800000,
        "interestIncome": 0,
        "interestExpense": 3200000,
        "depreciationAndAmortization": 8100000,
        "ebitda": 38000000,
        "ebitdaratio": 0.2200347423,
        "operatingIncome": 29900000,
        "operatingIncomeRatio": 0.1731325999,
        "totalOtherIncomeExpensesNet": -3100000,
        "incomeBeforeTax": 26800000,
        "incomeBeforeTaxRatio": 0.1551823972,
        "incomeTaxExpense": 10500000,
        "netIncome": 16300000,
        "netIncomeRatio": 0.0943833237,
        "eps": 0.1,
        "epsdiluted": 0.1,
        "weightedAverageShsOut": 162918541,
        "weightedAverageShsOutDil": 162918541,
        "link": "https://www.sec.gov/Archives/edgar/data/818479/000081847997000015/0000818479-97-000015-index.html",
        "finalLink": "https://www.sec.gov/Archives/edgar/data/818479/"
    },
    {
        "date": "1997-06-30",
        "symbol": "XRAY",
        "reportedCurrency": "USD",
        "cik": "0000818479",
        "fillingDate": "1997-08-14",
        "acceptedDate": "1997-08-14 00:00:00",
        "calendarYear": "1997",
        "period": "Q2",
        "revenue": 178300000,
        "costOfRevenue": 79400000,
        "grossProfit": 98900000,
        "grossProfitRatio": 0.5546831183,
        "researchAndDevelopmentExpenses": 0,
        "generalAndAdministrativeExpenses": 58300000,
        "sellingAndMarketingExpenses": 0,
        "sellingGeneralAndAdministrativeExpenses": 58300000,
        "otherExpenses": 8100000,
        "operatingExpenses": 66400000,
        "costAndExpenses": 145800000,
        "interestIncome": 0,
        "interestExpense": 2900000,
        "depreciationAndAmortization": 8100000,
        "ebitda": 40600000,
        "ebitdaratio": 0.2277061133,
        "operatingIncome": 32500000,
        "operatingIncomeRatio": 0.1822770611,
        "totalOtherIncomeExpensesNet": -3200000,
        "incomeBeforeTax": 29300000,
        "incomeBeforeTaxRatio": 0.1643297813,
        "incomeTaxExpense": 11500000,
        "netIncome": 17800000,
        "netIncomeRatio": 0.0998317443,
        "eps": 0.11,
        "epsdiluted": 0.11,
        "weightedAverageShsOut": 161737313,
        "weightedAverageShsOutDil": 161737313,
        "link": "https://www.sec.gov/Archives/edgar/data/818479/000081847997000011/0000818479-97-000011-index.html",
        "finalLink": "https://www.sec.gov/Archives/edgar/data/818479/"
    },
    {
        "date": "1997-03-31",
        "symbol": "XRAY",
        "reportedCurrency": "USD",
        "cik": "0000818479",
        "fillingDate": "1997-05-14",
        "acceptedDate": "1997-05-14 00:00:00",
        "calendarYear": "1997",
        "period": "Q1",
        "revenue": 172400000,
        "costOfRevenue": 76400000,
        "grossProfit": 96000000,
        "grossProfitRatio": 0.5568445476,
        "researchAndDevelopmentExpenses": 0,
        "generalAndAdministrativeExpenses": 60000000,
        "sellingAndMarketingExpenses": 0,
        "sellingGeneralAndAdministrativeExpenses": 60000000,
        "otherExpenses": 7900000,
        "operatingExpenses": 67900000,
        "costAndExpenses": 144300000,
        "interestIncome": 0,
        "interestExpense": 0,
        "depreciationAndAmortization": 7900000,
        "ebitda": 36000000,
        "ebitdaratio": 0.2088167053,
        "operatingIncome": 28100000,
        "operatingIncomeRatio": 0.1629930394,
        "totalOtherIncomeExpensesNet": -300000,
        "incomeBeforeTax": 27800000,
        "incomeBeforeTaxRatio": 0.1612529002,
        "incomeTaxExpense": 10900000,
        "netIncome": 16900000,
        "netIncomeRatio": 0.0980278422,
        "eps": 0.1,
        "epsdiluted": 0.1,
        "weightedAverageShsOut": 163466654,
        "weightedAverageShsOutDil": 163466654,
        "link": "https://www.sec.gov/Archives/edgar/data/818479/000081847997000007/0000818479-97-000007-index.html",
        "finalLink": "https://www.sec.gov/Archives/edgar/data/818479/"
    },
    {
        "date": "1996-12-31",
        "symbol": "XRAY",
        "reportedCurrency": "USD",
        "cik": "0000818479",
        "fillingDate": "1997-03-27",
        "acceptedDate": "1997-03-27 00:00:00",
        "calendarYear": "1996",
        "period": "Q4",
        "revenue": 180300000,
        "costOfRevenue": 81600000,
        "grossProfit": 98700000,
        "grossProfitRatio": 0.5474209651,
        "researchAndDevelopmentExpenses": 0,
        "generalAndAdministrativeExpenses": 55000000,
        "sellingAndMarketingExpenses": 0,
        "sellingGeneralAndAdministrativeExpenses": 55000000,
        "otherExpenses": 7100000,
        "operatingExpenses": 62100000,
        "costAndExpenses": 143700000,
        "interestIncome": 0,
        "interestExpense": 2800000,
        "depreciationAndAmortization": 7100000,
        "ebitda": 43700000,
        "ebitdaratio": 0.2423738214,
        "operatingIncome": 36600000,
        "operatingIncomeRatio": 0.2029950083,
        "totalOtherIncomeExpensesNet": -2700000,
        "incomeBeforeTax": 33900000,
        "incomeBeforeTaxRatio": 0.1880199667,
        "incomeTaxExpense": 13300000,
        "netIncome": 20600000,
        "netIncomeRatio": 0.1142540211,
        "eps": 0.13,
        "epsdiluted": 0.13,
        "weightedAverageShsOut": 163466654,
        "weightedAverageShsOutDil": 163466654,
        "link": "https://www.sec.gov/Archives/edgar/data/818479/000081847997000002/0000818479-97-000002-index.html",
        "finalLink": "https://www.sec.gov/Archives/edgar/data/818479/"
    },
    {
        "date": "1996-09-30",
        "symbol": "XRAY",
        "reportedCurrency": "USD",
        "cik": "0000818479",
        "fillingDate": "1996-11-13",
        "acceptedDate": "1996-11-13 00:00:00",
        "calendarYear": "1996",
        "period": "Q3",
        "revenue": 155300000,
        "costOfRevenue": 74100000,
        "grossProfit": 81200000,
        "grossProfitRatio": 0.5228589826,
        "researchAndDevelopmentExpenses": 0,
        "generalAndAdministrativeExpenses": 49800000,
        "sellingAndMarketingExpenses": 0,
        "sellingGeneralAndAdministrativeExpenses": 49800000,
        "otherExpenses": 6800000,
        "operatingExpenses": 56600000,
        "costAndExpenses": 130700000,
        "interestIncome": 0,
        "interestExpense": 2800000,
        "depreciationAndAmortization": 6800000,
        "ebitda": 31400000,
        "ebitdaratio": 0.202189311,
        "operatingIncome": 24600000,
        "operatingIncomeRatio": 0.1584030908,
        "totalOtherIncomeExpensesNet": -2100000,
        "incomeBeforeTax": 22500000,
        "incomeBeforeTaxRatio": 0.1448808757,
        "incomeTaxExpense": 8600000,
        "netIncome": 13900000,
        "netIncomeRatio": 0.0895041854,
        "eps": 0.0867,
        "epsdiluted": 0.0867,
        "weightedAverageShsOut": 160304463,
        "weightedAverageShsOutDil": 160304463,
        "link": "https://www.sec.gov/Archives/edgar/data/818479/000081847996000010/0000818479-96-000010-index.html",
        "finalLink": "https://www.sec.gov/Archives/edgar/data/818479/"
    },
    {
        "date": "1996-06-30",
        "symbol": "XRAY",
        "reportedCurrency": "USD",
        "cik": "0000818479",
        "fillingDate": "1996-08-14",
        "acceptedDate": "1996-08-14 00:00:00",
        "calendarYear": "1996",
        "period": "Q2",
        "revenue": 165000000,
        "costOfRevenue": 76200000,
        "grossProfit": 88800000,
        "grossProfitRatio": 0.5381818182,
        "researchAndDevelopmentExpenses": 0,
        "generalAndAdministrativeExpenses": 50400000,
        "sellingAndMarketingExpenses": 0,
        "sellingGeneralAndAdministrativeExpenses": 50400000,
        "otherExpenses": 7200000,
        "operatingExpenses": 57600000,
        "costAndExpenses": 133800000,
        "interestIncome": 0,
        "interestExpense": 900000,
        "depreciationAndAmortization": 7200000,
        "ebitda": 38400000,
        "ebitdaratio": 0.2327272727,
        "operatingIncome": 31200000,
        "operatingIncomeRatio": 0.1890909091,
        "totalOtherIncomeExpensesNet": -1700000,
        "incomeBeforeTax": 29500000,
        "incomeBeforeTaxRatio": 0.1787878788,
        "incomeTaxExpense": 11700000,
        "netIncome": 17800000,
        "netIncomeRatio": 0.1078787879,
        "eps": 0.11,
        "epsdiluted": 0.11,
        "weightedAverageShsOut": 161737313,
        "weightedAverageShsOutDil": 161737313,
        "link": "https://www.sec.gov/Archives/edgar/data/818479/000081847996000008/0000818479-96-000008-index.html",
        "finalLink": "https://www.sec.gov/Archives/edgar/data/818479/"
    },
    {
        "date": "1996-03-31",
        "symbol": "XRAY",
        "reportedCurrency": "USD",
        "cik": "0000818479",
        "fillingDate": "1996-05-15",
        "acceptedDate": "1996-05-15 00:00:00",
        "calendarYear": "1996",
        "period": "Q1",
        "revenue": 155900000,
        "costOfRevenue": 72000000,
        "grossProfit": 83900000,
        "grossProfitRatio": 0.5381654907,
        "researchAndDevelopmentExpenses": 0,
        "generalAndAdministrativeExpenses": 50000000,
        "sellingAndMarketingExpenses": 0,
        "sellingGeneralAndAdministrativeExpenses": 50000000,
        "otherExpenses": 7000000,
        "operatingExpenses": 57000000,
        "costAndExpenses": 129000000,
        "interestIncome": 0,
        "interestExpense": 500000,
        "depreciationAndAmortization": 7000000,
        "ebitda": 33900000,
        "ebitdaratio": 0.2174470815,
        "operatingIncome": 26900000,
        "operatingIncomeRatio": 0.1725465042,
        "totalOtherIncomeExpensesNet": -1800000,
        "incomeBeforeTax": 25100000,
        "incomeBeforeTaxRatio": 0.1610006414,
        "incomeTaxExpense": 10100000,
        "netIncome": 15000000,
        "netIncomeRatio": 0.0962155228,
        "eps": 0.0934,
        "epsdiluted": 0.0934,
        "weightedAverageShsOut": 160633969,
        "weightedAverageShsOutDil": 160633969,
        "link": "https://www.sec.gov/Archives/edgar/data/818479/000081847996000006/0000818479-96-000006-index.html",
        "finalLink": "https://www.sec.gov/Archives/edgar/data/818479/"
    },
    {
        "date": "1995-12-31",
        "symbol": "XRAY",
        "reportedCurrency": "USD",
        "cik": "0000818479",
        "fillingDate": "1996-04-01",
        "acceptedDate": "1996-04-01 00:00:00",
        "calendarYear": "1995",
        "period": "Q4",
        "revenue": 161700000,
        "costOfRevenue": 75400000,
        "grossProfit": 86300000,
        "grossProfitRatio": 0.5337043908,
        "researchAndDevelopmentExpenses": 0,
        "generalAndAdministrativeExpenses": 47700000,
        "sellingAndMarketingExpenses": 0,
        "sellingGeneralAndAdministrativeExpenses": 47700000,
        "otherExpenses": 5000000,
        "operatingExpenses": 52700000,
        "costAndExpenses": 128100000,
        "interestIncome": 0,
        "interestExpense": 3100000,
        "depreciationAndAmortization": 5000000,
        "ebitda": 38600000,
        "ebitdaratio": 0.2387136673,
        "operatingIncome": 33600000,
        "operatingIncomeRatio": 0.2077922078,
        "totalOtherIncomeExpensesNet": -2800000,
        "incomeBeforeTax": 30800000,
        "incomeBeforeTaxRatio": 0.1904761905,
        "incomeTaxExpense": 12500000,
        "netIncome": 18300000,
        "netIncomeRatio": 0.1131725417,
        "eps": 0.11,
        "epsdiluted": 0.11,
        "weightedAverageShsOut": 160633969,
        "weightedAverageShsOutDil": 160633969,
        "link": "https://www.sec.gov/Archives/edgar/data/818479/000081847996000004/0000818479-96-000004-index.html",
        "finalLink": "https://www.sec.gov/Archives/edgar/data/818479/"
    },
    {
        "date": "1995-09-30",
        "symbol": "XRAY",
        "reportedCurrency": "USD",
        "cik": "0000818479",
        "fillingDate": "1995-11-14",
        "acceptedDate": "1995-11-14 00:00:00",
        "calendarYear": "1995",
        "period": "Q3",
        "revenue": 137300000,
        "costOfRevenue": 68000000,
        "grossProfit": 69300000,
        "grossProfitRatio": 0.5047341588,
        "researchAndDevelopmentExpenses": 0,
        "generalAndAdministrativeExpenses": 45600000,
        "sellingAndMarketingExpenses": 0,
        "sellingGeneralAndAdministrativeExpenses": 45600000,
        "otherExpenses": 6400000,
        "operatingExpenses": 52000000,
        "costAndExpenses": 120000000,
        "interestIncome": 0,
        "interestExpense": 500000,
        "depreciationAndAmortization": 6400000,
        "ebitda": 23700000,
        "ebitdaratio": 0.1726147123,
        "operatingIncome": 17300000,
        "operatingIncomeRatio": 0.1260014567,
        "totalOtherIncomeExpensesNet": -1500000,
        "incomeBeforeTax": 15800000,
        "incomeBeforeTaxRatio": 0.1150764749,
        "incomeTaxExpense": 6300000,
        "netIncome": 9500000,
        "netIncomeRatio": 0.0691915513,
        "eps": 0.06,
        "epsdiluted": 0.06,
        "weightedAverageShsOut": 158254206,
        "weightedAverageShsOutDil": 158254206,
        "link": "https://www.sec.gov/Archives/edgar/data/818479/000081847995000007/0000818479-95-000007-index.html",
        "finalLink": "https://www.sec.gov/Archives/edgar/data/818479/"
    },
    {
        "date": "1995-06-30",
        "symbol": "XRAY",
        "reportedCurrency": "USD",
        "cik": "0000818479",
        "fillingDate": "1995-08-14",
        "acceptedDate": "1995-08-14 00:00:00",
        "calendarYear": "1995",
        "period": "Q2",
        "revenue": 139900000,
        "costOfRevenue": 64400000,
        "grossProfit": 75500000,
        "grossProfitRatio": 0.5396711937,
        "researchAndDevelopmentExpenses": 0,
        "generalAndAdministrativeExpenses": 43300000,
        "sellingAndMarketingExpenses": 0,
        "sellingGeneralAndAdministrativeExpenses": 43300000,
        "otherExpenses": 5300000,
        "operatingExpenses": 48600000,
        "costAndExpenses": 113000000,
        "interestIncome": 0,
        "interestExpense": 7500000,
        "depreciationAndAmortization": 5300000,
        "ebitda": 32200000,
        "ebitdaratio": 0.2301644031,
        "operatingIncome": 26900000,
        "operatingIncomeRatio": 0.1922802001,
        "totalOtherIncomeExpensesNet": -5000000,
        "incomeBeforeTax": 21900000,
        "incomeBeforeTaxRatio": 0.156540386,
        "incomeTaxExpense": 8700000,
        "netIncome": 13200000,
        "netIncomeRatio": 0.0943531094,
        "eps": 0.0834,
        "epsdiluted": 0.0834,
        "weightedAverageShsOut": 158320840,
        "weightedAverageShsOutDil": 158320840,
        "link": "https://www.sec.gov/Archives/edgar/data/818479/000081847995000005/0000818479-95-000005-index.html",
        "finalLink": "https://www.sec.gov/Archives/edgar/data/818479/"
    },
    {
        "date": "1995-03-31",
        "symbol": "XRAY",
        "reportedCurrency": "USD",
        "cik": "0000818479",
        "fillingDate": "1995-05-12",
        "acceptedDate": "1995-05-12 00:00:00",
        "calendarYear": "1995",
        "period": "Q1",
        "revenue": 133100000,
        "costOfRevenue": 61900000,
        "grossProfit": 71200000,
        "grossProfitRatio": 0.5349361382,
        "researchAndDevelopmentExpenses": 0,
        "generalAndAdministrativeExpenses": 0,
        "sellingAndMarketingExpenses": 0,
        "sellingGeneralAndAdministrativeExpenses": 43500000,
        "otherExpenses": 4800000,
        "operatingExpenses": 48300000,
        "costAndExpenses": 110200000,
        "interestIncome": 0,
        "interestExpense": 1200000,
        "depreciationAndAmortization": 4800000,
        "ebitda": 27700000,
        "ebitdaratio": 0.2081141998,
        "operatingIncome": 22900000,
        "operatingIncomeRatio": 0.1720510894,
        "totalOtherIncomeExpensesNet": -1400000,
        "incomeBeforeTax": 21500000,
        "incomeBeforeTaxRatio": 0.1615326822,
        "incomeTaxExpense": 8500000,
        "netIncome": 13000000,
        "netIncomeRatio": 0.0976709241,
        "eps": 0.08,
        "epsdiluted": 0.08,
        "weightedAverageShsOut": 162418791,
        "weightedAverageShsOutDil": 162418791,
        "link": "https://www.sec.gov/Archives/edgar/data/818479/000081847995000004/0000818479-95-000004-index.html",
        "finalLink": "https://www.sec.gov/Archives/edgar/data/818479/"
    },
    {
        "date": "1994-12-31",
        "symbol": "XRAY",
        "reportedCurrency": "USD",
        "cik": "0000818479",
        "fillingDate": "1994-12-31",
        "acceptedDate": "1994-12-31 00:00:00",
        "calendarYear": "1994",
        "period": "Q4",
        "revenue": 140100000,
        "costOfRevenue": 68100000,
        "grossProfit": 72000000,
        "grossProfitRatio": 0.5139186296,
        "researchAndDevelopmentExpenses": 0,
        "generalAndAdministrativeExpenses": 0,
        "sellingAndMarketingExpenses": 0,
        "sellingGeneralAndAdministrativeExpenses": 40500000,
        "otherExpenses": 5000000,
        "operatingExpenses": 45500000,
        "costAndExpenses": 113600000,
        "interestIncome": 0,
        "interestExpense": 0,
        "depreciationAndAmortization": 5000000,
        "ebitda": 31500000,
        "ebitdaratio": 0.2248394004,
        "operatingIncome": 26500000,
        "operatingIncomeRatio": 0.1891506067,
        "totalOtherIncomeExpensesNet": -1200000,
        "incomeBeforeTax": 25300000,
        "incomeBeforeTaxRatio": 0.1805852962,
        "incomeTaxExpense": 10100000,
        "netIncome": 21800000,
        "netIncomeRatio": 0.1556031406,
        "eps": 0.0936,
        "epsdiluted": 0.0936,
        "weightedAverageShsOut": 162418791,
        "weightedAverageShsOutDil": 162418791,
        "link": null,
        "finalLink": null
    },
    {
        "date": "1994-09-30",
        "symbol": "XRAY",
        "reportedCurrency": "USD",
        "cik": "0000818479",
        "fillingDate": "1994-09-30",
        "acceptedDate": "1994-09-30 00:00:00",
        "calendarYear": "1994",
        "period": "Q3",
        "revenue": 129900000,
        "costOfRevenue": 59300000,
        "grossProfit": 70600000,
        "grossProfitRatio": 0.5434949962,
        "researchAndDevelopmentExpenses": 0,
        "generalAndAdministrativeExpenses": 0,
        "sellingAndMarketingExpenses": 0,
        "sellingGeneralAndAdministrativeExpenses": 41000000,
        "otherExpenses": 5000000,
        "operatingExpenses": 46000000,
        "costAndExpenses": 105300000,
        "interestIncome": 0,
        "interestExpense": 2200000,
        "depreciationAndAmortization": 4900000,
        "ebitda": 29600000,
        "ebitdaratio": 0.2278675905,
        "operatingIncome": 24600000,
        "operatingIncomeRatio": 0.1893764434,
        "totalOtherIncomeExpensesNet": -2000000,
        "incomeBeforeTax": 22600000,
        "incomeBeforeTaxRatio": 0.1739799846,
        "incomeTaxExpense": 8800000,
        "netIncome": 13900000,
        "netIncomeRatio": 0.1070053888,
        "eps": 0.0834,
        "epsdiluted": 0.0834,
        "weightedAverageShsOut": 166716642,
        "weightedAverageShsOutDil": 166716642,
        "link": null,
        "finalLink": null
    },
    {
        "date": "1994-06-30",
        "symbol": "XRAY",
        "reportedCurrency": "USD",
        "cik": "0000818479",
        "fillingDate": "1994-06-30",
        "acceptedDate": "1994-06-30 00:00:00",
        "calendarYear": "1994",
        "period": "Q2",
        "revenue": 141100000,
        "costOfRevenue": 69100000,
        "grossProfit": 72000000,
        "grossProfitRatio": 0.5102763997,
        "researchAndDevelopmentExpenses": 0,
        "generalAndAdministrativeExpenses": 0,
        "sellingAndMarketingExpenses": 0,
        "sellingGeneralAndAdministrativeExpenses": 41500000,
        "otherExpenses": 5000000,
        "operatingExpenses": 46500000,
        "costAndExpenses": 115600000,
        "interestIncome": 0,
        "interestExpense": 700000,
        "depreciationAndAmortization": 4900000,
        "ebitda": 30500000,
        "ebitdaratio": 0.2161587527,
        "operatingIncome": 25500000,
        "operatingIncomeRatio": 0.1807228916,
        "totalOtherIncomeExpensesNet": -1300000,
        "incomeBeforeTax": 24200000,
        "incomeBeforeTaxRatio": 0.1715095677,
        "incomeTaxExpense": 10200000,
        "netIncome": 14000000,
        "netIncomeRatio": 0.0992204111,
        "eps": 0.0867,
        "epsdiluted": 0.0867,
        "weightedAverageShsOut": 161457733,
        "weightedAverageShsOutDil": 161457733,
        "link": null,
        "finalLink": null
    },
    {
        "date": "1994-03-31",
        "symbol": "XRAY",
        "reportedCurrency": "USD",
        "cik": "0000818479",
        "fillingDate": "1994-03-31",
        "acceptedDate": "1994-03-31 00:00:00",
        "calendarYear": "1994",
        "period": "Q1",
        "revenue": 140400000,
        "costOfRevenue": 70600000,
        "grossProfit": 69800000,
        "grossProfitRatio": 0.4971509972,
        "researchAndDevelopmentExpenses": 0,
        "generalAndAdministrativeExpenses": 0,
        "sellingAndMarketingExpenses": 0,
        "sellingGeneralAndAdministrativeExpenses": 41400000,
        "otherExpenses": 5200000,
        "operatingExpenses": 46600000,
        "costAndExpenses": 117200000,
        "interestIncome": 0,
        "interestExpense": 1700000,
        "depreciationAndAmortization": 5200000,
        "ebitda": 28400000,
        "ebitdaratio": 0.2022792023,
        "operatingIncome": 23200000,
        "operatingIncomeRatio": 0.1652421652,
        "totalOtherIncomeExpensesNet": -1900000,
        "incomeBeforeTax": 21300000,
        "incomeBeforeTaxRatio": 0.1517094017,
        "incomeTaxExpense": 8900000,
        "netIncome": 12400000,
        "netIncomeRatio": 0.0883190883,
        "eps": 0.0767,
        "epsdiluted": 0.0767,
        "weightedAverageShsOut": 161658301,
        "weightedAverageShsOutDil": 161658301,
        "link": null,
        "finalLink": null
    },
    {
        "date": "1993-12-31",
        "symbol": "XRAY",
        "reportedCurrency": "USD",
        "cik": "0000818479",
        "fillingDate": "1993-12-31",
        "acceptedDate": "1993-12-31 00:00:00",
        "calendarYear": "1993",
        "period": "Q4",
        "revenue": 147800000,
        "costOfRevenue": 71300000,
        "grossProfit": 76500000,
        "grossProfitRatio": 0.5175913396,
        "researchAndDevelopmentExpenses": 0,
        "generalAndAdministrativeExpenses": 0,
        "sellingAndMarketingExpenses": 0,
        "sellingGeneralAndAdministrativeExpenses": 42600000,
        "otherExpenses": 8300000,
        "operatingExpenses": 50900000,
        "costAndExpenses": 122200000,
        "interestIncome": 0,
        "interestExpense": 11900000,
        "depreciationAndAmortization": 8300000,
        "ebitda": 33900000,
        "ebitdaratio": 0.2293640054,
        "operatingIncome": 25600000,
        "operatingIncomeRatio": 0.1732070365,
        "totalOtherIncomeExpensesNet": -1300000,
        "incomeBeforeTax": 24300000,
        "incomeBeforeTaxRatio": 0.1644113667,
        "incomeTaxExpense": 10600000,
        "netIncome": -300000,
        "netIncomeRatio": -0.00202977,
        "eps": -0.0019,
        "epsdiluted": -0.0019,
        "weightedAverageShsOut": 161658301,
        "weightedAverageShsOutDil": 161658301,
        "link": null,
        "finalLink": null
    },
    {
        "date": "1993-09-30",
        "symbol": "XRAY",
        "reportedCurrency": "USD",
        "cik": "0000818479",
        "fillingDate": "1993-09-30",
        "acceptedDate": "1993-09-30 00:00:00",
        "calendarYear": "1993",
        "period": "Q3",
        "revenue": 133500000,
        "costOfRevenue": 66400000,
        "grossProfit": 67100000,
        "grossProfitRatio": 0.5026217228,
        "researchAndDevelopmentExpenses": 0,
        "generalAndAdministrativeExpenses": 0,
        "sellingAndMarketingExpenses": 0,
        "sellingGeneralAndAdministrativeExpenses": 39400000,
        "otherExpenses": 2800000,
        "operatingExpenses": 42200000,
        "costAndExpenses": 108600000,
        "interestIncome": 0,
        "interestExpense": 7000000,
        "depreciationAndAmortization": 1600000,
        "ebitda": 27700000,
        "ebitdaratio": 0.2074906367,
        "operatingIncome": 24900000,
        "operatingIncomeRatio": 0.1865168539,
        "totalOtherIncomeExpensesNet": -5500000,
        "incomeBeforeTax": 19400000,
        "incomeBeforeTaxRatio": 0.1453183521,
        "incomeTaxExpense": 8400000,
        "netIncome": 11000000,
        "netIncomeRatio": 0.0823970037,
        "eps": 0.0767,
        "epsdiluted": 0.0767,
        "weightedAverageShsOut": 143406558,
        "weightedAverageShsOutDil": 143406558,
        "link": null,
        "finalLink": null
    },
    {
        "date": "1993-06-30",
        "symbol": "XRAY",
        "reportedCurrency": "USD",
        "cik": "0000818479",
        "fillingDate": "1993-06-30",
        "acceptedDate": "1993-06-30 00:00:00",
        "calendarYear": "1993",
        "period": "Q2",
        "revenue": 131800000,
        "costOfRevenue": 61900000,
        "grossProfit": 69900000,
        "grossProfitRatio": 0.5303490137,
        "researchAndDevelopmentExpenses": 0,
        "generalAndAdministrativeExpenses": 0,
        "sellingAndMarketingExpenses": 0,
        "sellingGeneralAndAdministrativeExpenses": 56000000,
        "otherExpenses": 8700000,
        "operatingExpenses": 64700000,
        "costAndExpenses": 126600000,
        "interestIncome": 0,
        "interestExpense": 7800000,
        "depreciationAndAmortization": 8700000,
        "ebitda": 13900000,
        "ebitdaratio": 0.1054628225,
        "operatingIncome": 5200000,
        "operatingIncomeRatio": 0.0394537178,
        "totalOtherIncomeExpensesNet": -6600000,
        "incomeBeforeTax": -1400000,
        "incomeBeforeTaxRatio": -0.0106221548,
        "incomeTaxExpense": 2800000,
        "netIncome": -4200000,
        "netIncomeRatio": -0.0318664643,
        "eps": -0.03,
        "epsdiluted": -0.03,
        "weightedAverageShsOut": 139930035,
        "weightedAverageShsOutDil": 139930035,
        "link": null,
        "finalLink": null
    },
    {
        "date": "1993-03-31",
        "symbol": "XRAY",
        "reportedCurrency": "USD",
        "cik": "0000818479",
        "fillingDate": "1993-03-31",
        "acceptedDate": "1993-03-31 00:00:00",
        "calendarYear": "1993",
        "period": "Q1",
        "revenue": 44500000,
        "costOfRevenue": 26200000,
        "grossProfit": 18300000,
        "grossProfitRatio": 0.4112359551,
        "researchAndDevelopmentExpenses": 0,
        "generalAndAdministrativeExpenses": 0,
        "sellingAndMarketingExpenses": 0,
        "sellingGeneralAndAdministrativeExpenses": 8500000,
        "otherExpenses": 1200000,
        "operatingExpenses": 9700000,
        "costAndExpenses": 35900000,
        "interestIncome": 0,
        "interestExpense": 600000,
        "depreciationAndAmortization": 1200000,
        "ebitda": 9800000,
        "ebitdaratio": 0.2202247191,
        "operatingIncome": 8600000,
        "operatingIncomeRatio": 0.193258427,
        "totalOtherIncomeExpensesNet": -600000,
        "incomeBeforeTax": 8000000,
        "incomeBeforeTaxRatio": 0.1797752809,
        "incomeTaxExpense": 3200000,
        "netIncome": 4800000,
        "netIncomeRatio": 0.1078651685,
        "eps": 0.034,
        "epsdiluted": 0.034,
        "weightedAverageShsOut": 139930035,
        "weightedAverageShsOutDil": 139930035,
        "link": null,
        "finalLink": null
    },
    {
        "date": "1992-12-31",
        "symbol": "XRAY",
        "reportedCurrency": "USD",
        "cik": "0000818479",
        "fillingDate": "1992-12-31",
        "acceptedDate": "1992-12-31 00:00:00",
        "calendarYear": "1992",
        "period": "Q4",
        "revenue": 44100000,
        "costOfRevenue": 25600000,
        "grossProfit": 18500000,
        "grossProfitRatio": 0.4195011338,
        "researchAndDevelopmentExpenses": 0,
        "generalAndAdministrativeExpenses": 0,
        "sellingAndMarketingExpenses": 0,
        "sellingGeneralAndAdministrativeExpenses": 9500000,
        "otherExpenses": 1300000,
        "operatingExpenses": 10800000,
        "costAndExpenses": 36400000,
        "interestIncome": 0,
        "interestExpense": 300000,
        "depreciationAndAmortization": 1200000,
        "ebitda": 9000000,
        "ebitdaratio": 0.2040816327,
        "operatingIncome": 7700000,
        "operatingIncomeRatio": 0.1746031746,
        "totalOtherIncomeExpensesNet": -200000,
        "incomeBeforeTax": 7500000,
        "incomeBeforeTaxRatio": 0.1700680272,
        "incomeTaxExpense": 3200000,
        "netIncome": 4300000,
        "netIncomeRatio": 0.0975056689,
        "eps": 0.07,
        "epsdiluted": 0.07,
        "weightedAverageShsOut": 61397872,
        "weightedAverageShsOutDil": 61397872,
        "link": null,
        "finalLink": null
    },
    {
        "date": "1992-09-30",
        "symbol": "XRAY",
        "reportedCurrency": "USD",
        "cik": "0000818479",
        "fillingDate": "1992-09-30",
        "acceptedDate": "1992-09-30 00:00:00",
        "calendarYear": "1992",
        "period": "Q3",
        "revenue": 38700000,
        "costOfRevenue": 22100000,
        "grossProfit": 16600000,
        "grossProfitRatio": 0.4289405685,
        "researchAndDevelopmentExpenses": 0,
        "generalAndAdministrativeExpenses": 0,
        "sellingAndMarketingExpenses": 0,
        "sellingGeneralAndAdministrativeExpenses": 8900000,
        "otherExpenses": 900000,
        "operatingExpenses": 9800000,
        "costAndExpenses": 31900000,
        "interestIncome": 0,
        "interestExpense": 1200000,
        "depreciationAndAmortization": 1000000,
        "ebitda": 7800000,
        "ebitdaratio": 0.2015503876,
        "operatingIncome": 6800000,
        "operatingIncomeRatio": 0.1757105943,
        "totalOtherIncomeExpensesNet": -600000,
        "incomeBeforeTax": 6200000,
        "incomeBeforeTaxRatio": 0.1602067183,
        "incomeTaxExpense": 2700000,
        "netIncome": 3500000,
        "netIncomeRatio": 0.0904392765,
        "eps": 0.0567,
        "epsdiluted": 0.0567,
        "weightedAverageShsOut": 61733839,
        "weightedAverageShsOutDil": 61733839,
        "link": null,
        "finalLink": null
    },
    {
        "date": "1992-06-30",
        "symbol": "XRAY",
        "reportedCurrency": "USD",
        "cik": "0000818479",
        "fillingDate": "1992-06-30",
        "acceptedDate": "1992-06-30 00:00:00",
        "calendarYear": "1992",
        "period": "Q2",
        "revenue": 28900000,
        "costOfRevenue": 17000000,
        "grossProfit": 11900000,
        "grossProfitRatio": 0.4117647059,
        "researchAndDevelopmentExpenses": 0,
        "generalAndAdministrativeExpenses": 0,
        "sellingAndMarketingExpenses": 0,
        "sellingGeneralAndAdministrativeExpenses": 6800000,
        "otherExpenses": 800000,
        "operatingExpenses": 7600000,
        "costAndExpenses": 24600000,
        "interestIncome": 0,
        "interestExpense": 1400000,
        "depreciationAndAmortization": 800000,
        "ebitda": 5100000,
        "ebitdaratio": 0.1764705882,
        "operatingIncome": 4300000,
        "operatingIncomeRatio": 0.1487889273,
        "totalOtherIncomeExpensesNet": -700000,
        "incomeBeforeTax": 3600000,
        "incomeBeforeTaxRatio": 0.124567474,
        "incomeTaxExpense": 1500000,
        "netIncome": 2100000,
        "netIncomeRatio": 0.0726643599,
        "eps": 0.0334,
        "epsdiluted": 0.0334,
        "weightedAverageShsOut": 62968516,
        "weightedAverageShsOutDil": 62968516,
        "link": null,
        "finalLink": null
    },
    {
        "date": "1992-03-31",
        "symbol": "XRAY",
        "reportedCurrency": "USD",
        "cik": "0000818479",
        "fillingDate": "1992-03-31",
        "acceptedDate": "1992-03-31 00:00:00",
        "calendarYear": "1992",
        "period": "Q1",
        "revenue": 23500000,
        "costOfRevenue": 14000000,
        "grossProfit": 9500000,
        "grossProfitRatio": 0.4042553191,
        "researchAndDevelopmentExpenses": 0,
        "generalAndAdministrativeExpenses": 0,
        "sellingAndMarketingExpenses": 0,
        "sellingGeneralAndAdministrativeExpenses": 4800000,
        "otherExpenses": 800000,
        "operatingExpenses": 5600000,
        "costAndExpenses": 19600000,
        "interestIncome": 0,
        "interestExpense": 900000,
        "depreciationAndAmortization": 800000,
        "ebitda": 4700000,
        "ebitdaratio": 0.2,
        "operatingIncome": 3900000,
        "operatingIncomeRatio": 0.1659574468,
        "totalOtherIncomeExpensesNet": -900000,
        "incomeBeforeTax": 3000000,
        "incomeBeforeTaxRatio": 0.1276595745,
        "incomeTaxExpense": 1300000,
        "netIncome": 1700000,
        "netIncomeRatio": 0.0723404255,
        "eps": 0.027,
        "epsdiluted": 0.027,
        "weightedAverageShsOut": 62968516,
        "weightedAverageShsOutDil": 62968516,
        "link": null,
        "finalLink": null
    },
    {
        "date": "1991-12-31",
        "symbol": "XRAY",
        "reportedCurrency": "USD",
        "cik": "0000818479",
        "fillingDate": "1991-12-31",
        "acceptedDate": "1991-12-31 00:00:00",
        "calendarYear": "1991",
        "period": "Q4",
        "revenue": 21400000,
        "costOfRevenue": 12900000,
        "grossProfit": 8500000,
        "grossProfitRatio": 0.3971962617,
        "researchAndDevelopmentExpenses": 0,
        "generalAndAdministrativeExpenses": 0,
        "sellingAndMarketingExpenses": 0,
        "sellingGeneralAndAdministrativeExpenses": 4400000,
        "otherExpenses": 800000,
        "operatingExpenses": 5200000,
        "costAndExpenses": 18100000,
        "interestIncome": 0,
        "interestExpense": 900000,
        "depreciationAndAmortization": 700000,
        "ebitda": 4100000,
        "ebitdaratio": 0.191588785,
        "operatingIncome": 3300000,
        "operatingIncomeRatio": 0.1542056075,
        "totalOtherIncomeExpensesNet": -800000,
        "incomeBeforeTax": 2500000,
        "incomeBeforeTaxRatio": 0.1168224299,
        "incomeTaxExpense": 1000000,
        "netIncome": 1500000,
        "netIncomeRatio": 0.0700934579,
        "eps": 0.0267,
        "epsdiluted": 0.0267,
        "weightedAverageShsOut": 56221889,
        "weightedAverageShsOutDil": 56221889,
        "link": null,
        "finalLink": null
    },
    {
        "date": "1991-09-30",
        "symbol": "XRAY",
        "reportedCurrency": "USD",
        "cik": "0000818479",
        "fillingDate": "1991-09-30",
        "acceptedDate": "1991-09-30 00:00:00",
        "calendarYear": "1991",
        "period": "Q3",
        "revenue": 20500000,
        "costOfRevenue": 13000000,
        "grossProfit": 7500000,
        "grossProfitRatio": 0.3658536585,
        "researchAndDevelopmentExpenses": 0,
        "generalAndAdministrativeExpenses": 0,
        "sellingAndMarketingExpenses": 0,
        "sellingGeneralAndAdministrativeExpenses": 3800000,
        "otherExpenses": 700000,
        "operatingExpenses": 4500000,
        "costAndExpenses": 17500000,
        "interestIncome": 0,
        "interestExpense": 1000000,
        "depreciationAndAmortization": 800000,
        "ebitda": 3800000,
        "ebitdaratio": 0.1853658537,
        "operatingIncome": 3000000,
        "operatingIncomeRatio": 0.1463414634,
        "totalOtherIncomeExpensesNet": -1000000,
        "incomeBeforeTax": 2000000,
        "incomeBeforeTaxRatio": 0.0975609756,
        "incomeTaxExpense": 800000,
        "netIncome": 1200000,
        "netIncomeRatio": 0.0585365854,
        "eps": 0.0233,
        "epsdiluted": 0.0233,
        "weightedAverageShsOut": 51402870,
        "weightedAverageShsOutDil": 51402870,
        "link": null,
        "finalLink": null
    },
    {
        "date": "1991-06-30",
        "symbol": "XRAY",
        "reportedCurrency": "USD",
        "cik": "0000818479",
        "fillingDate": "1991-06-30",
        "acceptedDate": "1991-06-30 00:00:00",
        "calendarYear": "1991",
        "period": "Q2",
        "revenue": 19200000,
        "costOfRevenue": 12400000,
        "grossProfit": 6800000,
        "grossProfitRatio": 0.3541666667,
        "researchAndDevelopmentExpenses": 0,
        "generalAndAdministrativeExpenses": 0,
        "sellingAndMarketingExpenses": 0,
        "sellingGeneralAndAdministrativeExpenses": 3600000,
        "otherExpenses": 700000,
        "operatingExpenses": 4300000,
        "costAndExpenses": 16700000,
        "interestIncome": 0,
        "interestExpense": 1000000,
        "depreciationAndAmortization": 700000,
        "ebitda": 3200000,
        "ebitdaratio": 0.1666666667,
        "operatingIncome": 2500000,
        "operatingIncomeRatio": 0.1302083333,
        "totalOtherIncomeExpensesNet": -1000000,
        "incomeBeforeTax": 1500000,
        "incomeBeforeTaxRatio": 0.078125,
        "incomeTaxExpense": 600000,
        "netIncome": 900000,
        "netIncomeRatio": 0.046875,
        "eps": 0.02,
        "epsdiluted": 0.02,
        "weightedAverageShsOut": 44977511,
        "weightedAverageShsOutDil": 44977511,
        "link": null,
        "finalLink": null
    },
    {
        "date": "1991-03-31",
        "symbol": "XRAY",
        "reportedCurrency": "USD",
        "cik": "0000818479",
        "fillingDate": "1991-03-31",
        "acceptedDate": "1991-03-31 00:00:00",
        "calendarYear": "1991",
        "period": "Q1",
        "revenue": 18500000,
        "costOfRevenue": 11600000,
        "grossProfit": 6900000,
        "grossProfitRatio": 0.372972973,
        "researchAndDevelopmentExpenses": 0,
        "generalAndAdministrativeExpenses": 0,
        "sellingAndMarketingExpenses": 0,
        "sellingGeneralAndAdministrativeExpenses": 3400000,
        "otherExpenses": 800000,
        "operatingExpenses": 4200000,
        "costAndExpenses": 15800000,
        "interestIncome": 0,
        "interestExpense": 1400000,
        "depreciationAndAmortization": 800000,
        "ebitda": 3500000,
        "ebitdaratio": 0.1891891892,
        "operatingIncome": 2700000,
        "operatingIncomeRatio": 0.1459459459,
        "totalOtherIncomeExpensesNet": -1400000,
        "incomeBeforeTax": 1300000,
        "incomeBeforeTaxRatio": 0.0702702703,
        "incomeTaxExpense": 600000,
        "netIncome": 700000,
        "netIncomeRatio": 0.0378378378,
        "eps": 0.016,
        "epsdiluted": 0.016,
        "weightedAverageShsOut": 44977511,
        "weightedAverageShsOutDil": 44977511,
        "link": null,
        "finalLink": null
    },
    {
        "date": "1990-12-31",
        "symbol": "XRAY",
        "reportedCurrency": "USD",
        "cik": "0000818479",
        "fillingDate": "1990-12-31",
        "acceptedDate": "1990-12-31 00:00:00",
        "calendarYear": "1990",
        "period": "Q4",
        "revenue": 17600000,
        "costOfRevenue": 10700000,
        "grossProfit": 6900000,
        "grossProfitRatio": 0.3920454545,
        "researchAndDevelopmentExpenses": 0,
        "generalAndAdministrativeExpenses": 0,
        "sellingAndMarketingExpenses": 0,
        "sellingGeneralAndAdministrativeExpenses": 3400000,
        "otherExpenses": 800000,
        "operatingExpenses": 4200000,
        "costAndExpenses": 14900000,
        "interestIncome": 0,
        "interestExpense": 1400000,
        "depreciationAndAmortization": 800000,
        "ebitda": 3500000,
        "ebitdaratio": 0.1988636364,
        "operatingIncome": 2700000,
        "operatingIncomeRatio": 0.1534090909,
        "totalOtherIncomeExpensesNet": -1400000,
        "incomeBeforeTax": 1300000,
        "incomeBeforeTaxRatio": 0.0738636364,
        "incomeTaxExpense": 600000,
        "netIncome": 700000,
        "netIncomeRatio": 0.0397727273,
        "eps": 0.0167,
        "epsdiluted": 0.0167,
        "weightedAverageShsOut": 41979010,
        "weightedAverageShsOutDil": 41979010,
        "link": null,
        "finalLink": null
    },
    {
        "date": "1990-09-30",
        "symbol": "XRAY",
        "reportedCurrency": "USD",
        "cik": "0000818479",
        "fillingDate": "1990-09-30",
        "acceptedDate": "1990-09-30 00:00:00",
        "calendarYear": "1990",
        "period": "Q3",
        "revenue": 10700000,
        "costOfRevenue": 6600000,
        "grossProfit": 4100000,
        "grossProfitRatio": 0.3831775701,
        "researchAndDevelopmentExpenses": 0,
        "generalAndAdministrativeExpenses": 0,
        "sellingAndMarketingExpenses": 0,
        "sellingGeneralAndAdministrativeExpenses": 2200000,
        "otherExpenses": 400000,
        "operatingExpenses": 2600000,
        "costAndExpenses": 9200000,
        "interestIncome": 0,
        "interestExpense": 300000,
        "depreciationAndAmortization": 500000,
        "ebitda": 2000000,
        "ebitdaratio": 0.1869158879,
        "operatingIncome": 1500000,
        "operatingIncomeRatio": 0.1401869159,
        "totalOtherIncomeExpensesNet": -300000,
        "incomeBeforeTax": 1200000,
        "incomeBeforeTaxRatio": 0.1121495327,
        "incomeTaxExpense": 500000,
        "netIncome": 700000,
        "netIncomeRatio": 0.0654205607,
        "eps": 0.0167,
        "epsdiluted": 0.0167,
        "weightedAverageShsOut": 41979010,
        "weightedAverageShsOutDil": 41979010,
        "link": null,
        "finalLink": null
    },
    {
        "date": "1990-06-30",
        "symbol": "XRAY",
        "reportedCurrency": "USD",
        "cik": "0000818479",
        "fillingDate": "1990-06-30",
        "acceptedDate": "1990-06-30 00:00:00",
        "calendarYear": "1990",
        "period": "Q2",
        "revenue": 7800000,
        "costOfRevenue": 4800000,
        "grossProfit": 3000000,
        "grossProfitRatio": 0.3846153846,
        "researchAndDevelopmentExpenses": 0,
        "generalAndAdministrativeExpenses": 0,
        "sellingAndMarketingExpenses": 0,
        "sellingGeneralAndAdministrativeExpenses": 1500000,
        "otherExpenses": 300000,
        "operatingExpenses": 1800000,
        "costAndExpenses": 6600000,
        "interestIncome": 0,
        "interestExpense": 100000,
        "depreciationAndAmortization": 300000,
        "ebitda": 1500000,
        "ebitdaratio": 0.1923076923,
        "operatingIncome": 1200000,
        "operatingIncomeRatio": 0.1538461538,
        "totalOtherIncomeExpensesNet": -100000,
        "incomeBeforeTax": 1100000,
        "incomeBeforeTaxRatio": 0.141025641,
        "incomeTaxExpense": 400000,
        "netIncome": 700000,
        "netIncomeRatio": 0.0897435897,
        "eps": 0.0167,
        "epsdiluted": 0.0167,
        "weightedAverageShsOut": 41979010,
        "weightedAverageShsOutDil": 41979010,
        "link": null,
        "finalLink": null
    },
    {
        "date": "1990-03-31",
        "symbol": "XRAY",
        "reportedCurrency": "USD",
        "cik": "0000818479",
        "fillingDate": "1990-03-31",
        "acceptedDate": "1990-03-31 00:00:00",
        "calendarYear": "1990",
        "period": "Q1",
        "revenue": 7900000,
        "costOfRevenue": 5200000,
        "grossProfit": 2700000,
        "grossProfitRatio": 0.3417721519,
        "researchAndDevelopmentExpenses": 0,
        "generalAndAdministrativeExpenses": 0,
        "sellingAndMarketingExpenses": 0,
        "sellingGeneralAndAdministrativeExpenses": 1300000,
        "otherExpenses": 300000,
        "operatingExpenses": 1600000,
        "costAndExpenses": 6800000,
        "interestIncome": 0,
        "interestExpense": 200000,
        "depreciationAndAmortization": 300000,
        "ebitda": 1400000,
        "ebitdaratio": 0.1772151899,
        "operatingIncome": 1100000,
        "operatingIncomeRatio": 0.1392405063,
        "totalOtherIncomeExpensesNet": -200000,
        "incomeBeforeTax": 900000,
        "incomeBeforeTaxRatio": 0.1139240506,
        "incomeTaxExpense": 300000,
        "netIncome": 600000,
        "netIncomeRatio": 0.0759493671,
        "eps": 0.014,
        "epsdiluted": 0.014,
        "weightedAverageShsOut": 41979010,
        "weightedAverageShsOutDil": 41979010,
        "link": null,
        "finalLink": null
    },
    {
        "date": "1989-12-31",
        "symbol": "XRAY",
        "reportedCurrency": "USD",
        "cik": "0000818479",
        "fillingDate": "1989-12-31",
        "acceptedDate": "1989-12-31 00:00:00",
        "calendarYear": "1989",
        "period": "Q4",
        "revenue": 7000000,
        "costOfRevenue": 4000000,
        "grossProfit": 3000000,
        "grossProfitRatio": 0.4285714286,
        "researchAndDevelopmentExpenses": 0,
        "generalAndAdministrativeExpenses": 0,
        "sellingAndMarketingExpenses": 0,
        "sellingGeneralAndAdministrativeExpenses": 1400000,
        "otherExpenses": 300000,
        "operatingExpenses": 1700000,
        "costAndExpenses": 5700000,
        "interestIncome": 0,
        "interestExpense": 300000,
        "depreciationAndAmortization": 300000,
        "ebitda": 1600000,
        "ebitdaratio": 0.2285714286,
        "operatingIncome": 1300000,
        "operatingIncomeRatio": 0.1857142857,
        "totalOtherIncomeExpensesNet": -300000,
        "incomeBeforeTax": 1000000,
        "incomeBeforeTaxRatio": 0.1428571429,
        "incomeTaxExpense": 400000,
        "netIncome": 600000,
        "netIncomeRatio": 0.0857142857,
        "eps": 0.02,
        "epsdiluted": 0.02,
        "weightedAverageShsOut": 29985007,
        "weightedAverageShsOutDil": 29985007,
        "link": null,
        "finalLink": null
    },
    {
        "date": "1989-09-30",
        "symbol": "XRAY",
        "reportedCurrency": "USD",
        "cik": "0000818479",
        "fillingDate": "1989-09-30",
        "acceptedDate": "1989-09-30 00:00:00",
        "calendarYear": "1989",
        "period": "Q3",
        "revenue": 7300000,
        "costOfRevenue": 4500000,
        "grossProfit": 2800000,
        "grossProfitRatio": 0.3835616438,
        "researchAndDevelopmentExpenses": 0,
        "generalAndAdministrativeExpenses": 0,
        "sellingAndMarketingExpenses": 0,
        "sellingGeneralAndAdministrativeExpenses": 1300000,
        "otherExpenses": 300000,
        "operatingExpenses": 1600000,
        "costAndExpenses": 6100000,
        "interestIncome": 0,
        "interestExpense": 200000,
        "depreciationAndAmortization": 300000,
        "ebitda": 1500000,
        "ebitdaratio": 0.2054794521,
        "operatingIncome": 1200000,
        "operatingIncomeRatio": 0.1643835616,
        "totalOtherIncomeExpensesNet": -200000,
        "incomeBeforeTax": 1000000,
        "incomeBeforeTaxRatio": 0.1369863014,
        "incomeTaxExpense": 400000,
        "netIncome": 600000,
        "netIncomeRatio": 0.0821917808,
        "eps": 0.02,
        "epsdiluted": 0.02,
        "weightedAverageShsOut": 29985007,
        "weightedAverageShsOutDil": 29985007,
        "link": null,
        "finalLink": null
    },
    {
        "date": "1989-06-30",
        "symbol": "XRAY",
        "reportedCurrency": "USD",
        "cik": "0000818479",
        "fillingDate": "1989-06-30",
        "acceptedDate": "1989-06-30 00:00:00",
        "calendarYear": "1989",
        "period": "Q2",
        "revenue": 7300000,
        "costOfRevenue": 4300000,
        "grossProfit": 3000000,
        "grossProfitRatio": 0.4109589041,
        "researchAndDevelopmentExpenses": 0,
        "generalAndAdministrativeExpenses": 0,
        "sellingAndMarketingExpenses": 0,
        "sellingGeneralAndAdministrativeExpenses": 1500000,
        "otherExpenses": 300000,
        "operatingExpenses": 1800000,
        "costAndExpenses": 6100000,
        "interestIncome": 0,
        "interestExpense": 300000,
        "depreciationAndAmortization": 300000,
        "ebitda": 1500000,
        "ebitdaratio": 0.2054794521,
        "operatingIncome": 1200000,
        "operatingIncomeRatio": 0.1643835616,
        "totalOtherIncomeExpensesNet": -300000,
        "incomeBeforeTax": 900000,
        "incomeBeforeTaxRatio": 0.1232876712,
        "incomeTaxExpense": 400000,
        "netIncome": 500000,
        "netIncomeRatio": 0.0684931507,
        "eps": 0.0167,
        "epsdiluted": 0.0167,
        "weightedAverageShsOut": 29985007,
        "weightedAverageShsOutDil": 29985007,
        "link": null,
        "finalLink": null
    },
    {
        "date": "1989-03-31",
        "symbol": "XRAY",
        "reportedCurrency": "USD",
        "cik": "0000818479",
        "fillingDate": "1989-03-31",
        "acceptedDate": "1989-03-31 00:00:00",
        "calendarYear": "1989",
        "period": "Q1",
        "revenue": 4600000,
        "costOfRevenue": 0,
        "grossProfit": 4600000,
        "grossProfitRatio": 1,
        "researchAndDevelopmentExpenses": 0,
        "generalAndAdministrativeExpenses": 0,
        "sellingAndMarketingExpenses": 0,
        "sellingGeneralAndAdministrativeExpenses": 0,
        "otherExpenses": -15900000,
        "operatingExpenses": -15900000,
        "costAndExpenses": -15900000,
        "interestIncome": 0,
        "interestExpense": 0,
        "depreciationAndAmortization": 0,
        "ebitda": -11300000,
        "ebitdaratio": -2.4565217391,
        "operatingIncome": -11300000,
        "operatingIncomeRatio": -2.4565217391,
        "totalOtherIncomeExpensesNet": 11300000,
        "incomeBeforeTax": 0,
        "incomeBeforeTaxRatio": 0,
        "incomeTaxExpense": 0,
        "netIncome": 400000,
        "netIncomeRatio": 0.0869565217,
        "eps": 0.0133,
        "epsdiluted": 0.0133,
        "weightedAverageShsOut": 29985007,
        "weightedAverageShsOutDil": 29985007,
        "link": null,
        "finalLink": null
    },
    {
        "date": "1988-12-31",
        "symbol": "XRAY",
        "reportedCurrency": "USD",
        "cik": "0000818479",
        "fillingDate": "1988-12-31",
        "acceptedDate": "1988-12-31 00:00:00",
        "calendarYear": "1988",
        "period": "Q4",
        "revenue": 4900000,
        "costOfRevenue": 0,
        "grossProfit": 4900000,
        "grossProfitRatio": 1,
        "researchAndDevelopmentExpenses": 0,
        "generalAndAdministrativeExpenses": 0,
        "sellingAndMarketingExpenses": 0,
        "sellingGeneralAndAdministrativeExpenses": 0,
        "otherExpenses": 0,
        "operatingExpenses": 0,
        "costAndExpenses": 0,
        "interestIncome": 0,
        "interestExpense": 0,
        "depreciationAndAmortization": 0,
        "ebitda": 4900000,
        "ebitdaratio": 1,
        "operatingIncome": 4900000,
        "operatingIncomeRatio": 1,
        "totalOtherIncomeExpensesNet": -4900000,
        "incomeBeforeTax": 0,
        "incomeBeforeTaxRatio": 0,
        "incomeTaxExpense": 0,
        "netIncome": 500000,
        "netIncomeRatio": 0.1020408163,
        "eps": 0.0167,
        "epsdiluted": 0.0167,
        "weightedAverageShsOut": 35370314,
        "weightedAverageShsOutDil": 35370314,
        "link": null,
        "finalLink": null
    },
    {
        "date": "1988-09-30",
        "symbol": "XRAY",
        "reportedCurrency": "USD",
        "cik": "0000818479",
        "fillingDate": "1988-09-30",
        "acceptedDate": "1988-09-30 00:00:00",
        "calendarYear": "1988",
        "period": "Q3",
        "revenue": 4900000,
        "costOfRevenue": 0,
        "grossProfit": 4900000,
        "grossProfitRatio": 1,
        "researchAndDevelopmentExpenses": 0,
        "generalAndAdministrativeExpenses": 0,
        "sellingAndMarketingExpenses": 0,
        "sellingGeneralAndAdministrativeExpenses": 0,
        "otherExpenses": 0,
        "operatingExpenses": 0,
        "costAndExpenses": 0,
        "interestIncome": 0,
        "interestExpense": 0,
        "depreciationAndAmortization": 0,
        "ebitda": 4900000,
        "ebitdaratio": 1,
        "operatingIncome": 4900000,
        "operatingIncomeRatio": 1,
        "totalOtherIncomeExpensesNet": -4900000,
        "incomeBeforeTax": 0,
        "incomeBeforeTaxRatio": 0,
        "incomeTaxExpense": 0,
        "netIncome": 500000,
        "netIncomeRatio": 0.1020408163,
        "eps": 0.0133,
        "epsdiluted": 0.0133,
        "weightedAverageShsOut": 35370314,
        "weightedAverageShsOutDil": 35370314,
        "link": null,
        "finalLink": null
    },
    {
        "date": "1988-06-30",
        "symbol": "XRAY",
        "reportedCurrency": "USD",
        "cik": "0000818479",
        "fillingDate": "1988-06-30",
        "acceptedDate": "1988-06-30 00:00:00",
        "calendarYear": "1988",
        "period": "Q2",
        "revenue": 4100000,
        "costOfRevenue": 0,
        "grossProfit": 4100000,
        "grossProfitRatio": 1,
        "researchAndDevelopmentExpenses": 0,
        "generalAndAdministrativeExpenses": 0,
        "sellingAndMarketingExpenses": 0,
        "sellingGeneralAndAdministrativeExpenses": 0,
        "otherExpenses": 0,
        "operatingExpenses": 0,
        "costAndExpenses": 0,
        "interestIncome": 0,
        "interestExpense": 0,
        "depreciationAndAmortization": 0,
        "ebitda": 4100000,
        "ebitdaratio": 1,
        "operatingIncome": 4100000,
        "operatingIncomeRatio": 1,
        "totalOtherIncomeExpensesNet": -4100000,
        "incomeBeforeTax": 0,
        "incomeBeforeTaxRatio": 0,
        "incomeTaxExpense": 0,
        "netIncome": 300000,
        "netIncomeRatio": 0.0731707317,
        "eps": 0.01,
        "epsdiluted": 0.01,
        "weightedAverageShsOut": 35370314,
        "weightedAverageShsOutDil": 35370314,
        "link": null,
        "finalLink": null
    },
    {
        "date": "1988-03-31",
        "symbol": "XRAY",
        "reportedCurrency": "USD",
        "cik": "0000818479",
        "fillingDate": "1988-03-31",
        "acceptedDate": "1988-03-31 00:00:00",
        "calendarYear": "1988",
        "period": "Q1",
        "revenue": 4300000,
        "costOfRevenue": 0,
        "grossProfit": 4300000,
        "grossProfitRatio": 1,
        "researchAndDevelopmentExpenses": 0,
        "generalAndAdministrativeExpenses": 0,
        "sellingAndMarketingExpenses": 0,
        "sellingGeneralAndAdministrativeExpenses": 0,
        "otherExpenses": -13800000,
        "operatingExpenses": -13800000,
        "costAndExpenses": -13800000,
        "interestIncome": 0,
        "interestExpense": 0,
        "depreciationAndAmortization": 0,
        "ebitda": -9500000,
        "ebitdaratio": -2.2093023256,
        "operatingIncome": -9500000,
        "operatingIncomeRatio": -2.2093023256,
        "totalOtherIncomeExpensesNet": 9500000,
        "incomeBeforeTax": 0,
        "incomeBeforeTaxRatio": 0,
        "incomeTaxExpense": 0,
        "netIncome": 400000,
        "netIncomeRatio": 0.0930232558,
        "eps": 0.0133,
        "epsdiluted": 0.0133,
        "weightedAverageShsOut": 35370314,
        "weightedAverageShsOutDil": 35370314,
        "link": null,
        "finalLink": null
    },
    {
        "date": "1987-12-31",
        "symbol": "XRAY",
        "reportedCurrency": "USD",
        "cik": "0000818479",
        "fillingDate": "1987-12-31",
        "acceptedDate": "1987-12-31 00:00:00",
        "calendarYear": "1987",
        "period": "Q4",
        "revenue": 4400000,
        "costOfRevenue": 0,
        "grossProfit": 4400000,
        "grossProfitRatio": 1,
        "researchAndDevelopmentExpenses": 0,
        "generalAndAdministrativeExpenses": 0,
        "sellingAndMarketingExpenses": 0,
        "sellingGeneralAndAdministrativeExpenses": 0,
        "otherExpenses": 0,
        "operatingExpenses": 0,
        "costAndExpenses": 0,
        "interestIncome": 0,
        "interestExpense": 0,
        "depreciationAndAmortization": 0,
        "ebitda": 4400000,
        "ebitdaratio": 1,
        "operatingIncome": 4400000,
        "operatingIncomeRatio": 1,
        "totalOtherIncomeExpensesNet": -4400000,
        "incomeBeforeTax": 0,
        "incomeBeforeTaxRatio": 0,
        "incomeTaxExpense": 0,
        "netIncome": 500000,
        "netIncomeRatio": 0.1136363636,
        "eps": 0.0133,
        "epsdiluted": 0.0133,
        "weightedAverageShsOut": 31400300,
        "weightedAverageShsOutDil": 31400300,
        "link": null,
        "finalLink": null
    },
    {
        "date": "1987-09-30",
        "symbol": "XRAY",
        "reportedCurrency": "USD",
        "cik": "0000818479",
        "fillingDate": "1987-09-30",
        "acceptedDate": "1987-09-30 00:00:00",
        "calendarYear": "1987",
        "period": "Q3",
        "revenue": 4000000,
        "costOfRevenue": 0,
        "grossProfit": 4000000,
        "grossProfitRatio": 1,
        "researchAndDevelopmentExpenses": 0,
        "generalAndAdministrativeExpenses": 0,
        "sellingAndMarketingExpenses": 0,
        "sellingGeneralAndAdministrativeExpenses": 0,
        "otherExpenses": 0,
        "operatingExpenses": 0,
        "costAndExpenses": 0,
        "interestIncome": 0,
        "interestExpense": 0,
        "depreciationAndAmortization": 0,
        "ebitda": 4000000,
        "ebitdaratio": 1,
        "operatingIncome": 4000000,
        "operatingIncomeRatio": 1,
        "totalOtherIncomeExpensesNet": -4000000,
        "incomeBeforeTax": 0,
        "incomeBeforeTaxRatio": 0,
        "incomeTaxExpense": 0,
        "netIncome": 200000,
        "netIncomeRatio": 0.05,
        "eps": 0.01,
        "epsdiluted": 0.01,
        "weightedAverageShsOut": 31400300,
        "weightedAverageShsOutDil": 31400300,
        "link": null,
        "finalLink": null
    },
    {
        "date": "1987-06-30",
        "symbol": "XRAY",
        "reportedCurrency": "USD",
        "cik": "0000818479",
        "fillingDate": "1987-06-30",
        "acceptedDate": "1987-06-30 00:00:00",
        "calendarYear": "1987",
        "period": "Q2",
        "revenue": 3600000,
        "costOfRevenue": 0,
        "grossProfit": 3600000,
        "grossProfitRatio": 1,
        "researchAndDevelopmentExpenses": 0,
        "generalAndAdministrativeExpenses": 0,
        "sellingAndMarketingExpenses": 0,
        "sellingGeneralAndAdministrativeExpenses": 0,
        "otherExpenses": 0,
        "operatingExpenses": 0,
        "costAndExpenses": 0,
        "interestIncome": 0,
        "interestExpense": 0,
        "depreciationAndAmortization": 0,
        "ebitda": 3600000,
        "ebitdaratio": 1,
        "operatingIncome": 3600000,
        "operatingIncomeRatio": 1,
        "totalOtherIncomeExpensesNet": -3600000,
        "incomeBeforeTax": 0,
        "incomeBeforeTaxRatio": 0,
        "incomeTaxExpense": 0,
        "netIncome": 200000,
        "netIncomeRatio": 0.0555555556,
        "eps": 0.0067,
        "epsdiluted": 0.0067,
        "weightedAverageShsOut": 31400300,
        "weightedAverageShsOutDil": 31400300,
        "link": null,
        "finalLink": null
    },
    {
        "date": "1987-03-31",
        "symbol": "XRAY",
        "reportedCurrency": "USD",
        "cik": "0000818479",
        "fillingDate": "1987-03-31",
        "acceptedDate": "1987-03-31 00:00:00",
        "calendarYear": "1987",
        "period": "Q1",
        "revenue": 3200000,
        "costOfRevenue": 0,
        "grossProfit": 3200000,
        "grossProfitRatio": 1,
        "researchAndDevelopmentExpenses": 0,
        "generalAndAdministrativeExpenses": 0,
        "sellingAndMarketingExpenses": 0,
        "sellingGeneralAndAdministrativeExpenses": 0,
        "otherExpenses": -11300000,
        "operatingExpenses": -11300000,
        "costAndExpenses": -11300000,
        "interestIncome": 0,
        "interestExpense": 0,
        "depreciationAndAmortization": 0,
        "ebitda": -8100000,
        "ebitdaratio": -2.53125,
        "operatingIncome": -8100000,
        "operatingIncomeRatio": -2.53125,
        "totalOtherIncomeExpensesNet": 8100000,
        "incomeBeforeTax": 0,
        "incomeBeforeTaxRatio": 0,
        "incomeTaxExpense": 0,
        "netIncome": 200000,
        "netIncomeRatio": 0.0625,
        "eps": 0.0033,
        "epsdiluted": 0.0033,
        "weightedAverageShsOut": 31400300,
        "weightedAverageShsOutDil": 31400300,
        "link": null,
        "finalLink": null
    },
    {
        "date": "1986-12-31",
        "symbol": "XRAY",
        "reportedCurrency": "USD",
        "cik": "0000818479",
        "fillingDate": "1986-12-31",
        "acceptedDate": "1986-12-31 00:00:00",
        "calendarYear": "1986",
        "period": "Q4",
        "revenue": 3200000,
        "costOfRevenue": 0,
        "grossProfit": 3200000,
        "grossProfitRatio": 1,
        "researchAndDevelopmentExpenses": 0,
        "generalAndAdministrativeExpenses": 0,
        "sellingAndMarketingExpenses": 0,
        "sellingGeneralAndAdministrativeExpenses": 0,
        "otherExpenses": 0,
        "operatingExpenses": 0,
        "costAndExpenses": 0,
        "interestIncome": 0,
        "interestExpense": 0,
        "depreciationAndAmortization": 0,
        "ebitda": 3200000,
        "ebitdaratio": 1,
        "operatingIncome": 3200000,
        "operatingIncomeRatio": 1,
        "totalOtherIncomeExpensesNet": -3200000,
        "incomeBeforeTax": 0,
        "incomeBeforeTaxRatio": 0,
        "incomeTaxExpense": 0,
        "netIncome": 200000,
        "netIncomeRatio": 0.0625,
        "eps": 0.0067,
        "epsdiluted": 0.0067,
        "weightedAverageShsOut": 35370314,
        "weightedAverageShsOutDil": 35370314,
        "link": null,
        "finalLink": null
    },
    {
        "date": "1986-09-30",
        "symbol": "XRAY",
        "reportedCurrency": "USD",
        "cik": "0000818479",
        "fillingDate": "1986-09-30",
        "acceptedDate": "1986-09-30 00:00:00",
        "calendarYear": "1986",
        "period": "Q3",
        "revenue": 3200000,
        "costOfRevenue": 0,
        "grossProfit": 3200000,
        "grossProfitRatio": 1,
        "researchAndDevelopmentExpenses": 0,
        "generalAndAdministrativeExpenses": 0,
        "sellingAndMarketingExpenses": 0,
        "sellingGeneralAndAdministrativeExpenses": 0,
        "otherExpenses": 0,
        "operatingExpenses": 0,
        "costAndExpenses": 0,
        "interestIncome": 0,
        "interestExpense": 0,
        "depreciationAndAmortization": 0,
        "ebitda": 3200000,
        "ebitdaratio": 1,
        "operatingIncome": 3200000,
        "operatingIncomeRatio": 1,
        "totalOtherIncomeExpensesNet": -3200000,
        "incomeBeforeTax": 0,
        "incomeBeforeTaxRatio": 0,
        "incomeTaxExpense": 0,
        "netIncome": 200000,
        "netIncomeRatio": 0.0625,
        "eps": 0.0067,
        "epsdiluted": 0.0067,
        "weightedAverageShsOut": 35370314,
        "weightedAverageShsOutDil": 35370314,
        "link": null,
        "finalLink": null
    },
    {
        "date": "1986-06-30",
        "symbol": "XRAY",
        "reportedCurrency": "USD",
        "cik": "0000818479",
        "fillingDate": "1986-06-30",
        "acceptedDate": "1986-06-30 00:00:00",
        "calendarYear": "1986",
        "period": "Q2",
        "revenue": 3100000,
        "costOfRevenue": 0,
        "grossProfit": 3100000,
        "grossProfitRatio": 1,
        "researchAndDevelopmentExpenses": 0,
        "generalAndAdministrativeExpenses": 0,
        "sellingAndMarketingExpenses": 0,
        "sellingGeneralAndAdministrativeExpenses": 0,
        "otherExpenses": 0,
        "operatingExpenses": 0,
        "costAndExpenses": 0,
        "interestIncome": 0,
        "interestExpense": 0,
        "depreciationAndAmortization": 0,
        "ebitda": 3100000,
        "ebitdaratio": 1,
        "operatingIncome": 3100000,
        "operatingIncomeRatio": 1,
        "totalOtherIncomeExpensesNet": -3100000,
        "incomeBeforeTax": 0,
        "incomeBeforeTaxRatio": 0,
        "incomeTaxExpense": 0,
        "netIncome": 200000,
        "netIncomeRatio": 0.064516129,
        "eps": 0.0067,
        "epsdiluted": 0.0067,
        "weightedAverageShsOut": 35370314,
        "weightedAverageShsOutDil": 35370314,
        "link": null,
        "finalLink": null
    },
    {
        "date": "1986-03-31",
        "symbol": "XRAY",
        "reportedCurrency": "USD",
        "cik": "0000818479",
        "fillingDate": "1986-03-31",
        "acceptedDate": "1986-03-31 00:00:00",
        "calendarYear": "1986",
        "period": "Q1",
        "revenue": 2600000,
        "costOfRevenue": 0,
        "grossProfit": 2600000,
        "grossProfitRatio": 1,
        "researchAndDevelopmentExpenses": 0,
        "generalAndAdministrativeExpenses": 0,
        "sellingAndMarketingExpenses": 0,
        "sellingGeneralAndAdministrativeExpenses": 0,
        "otherExpenses": -9700000,
        "operatingExpenses": -9700000,
        "costAndExpenses": -9700000,
        "interestIncome": 0,
        "interestExpense": 0,
        "depreciationAndAmortization": 0,
        "ebitda": -7100000,
        "ebitdaratio": -2.7307692308,
        "operatingIncome": -7100000,
        "operatingIncomeRatio": -2.7307692308,
        "totalOtherIncomeExpensesNet": 7100000,
        "incomeBeforeTax": 0,
        "incomeBeforeTaxRatio": 0,
        "incomeTaxExpense": 0,
        "netIncome": 0,
        "netIncomeRatio": 0,
        "eps": 0,
        "epsdiluted": 0,
        "weightedAverageShsOut": 35370314,
        "weightedAverageShsOutDil": 35370314,
        "link": null,
        "finalLink": null
    },
    {
        "date": "1985-12-31",
        "symbol": "XRAY",
        "reportedCurrency": "USD",
        "cik": "0000818479",
        "fillingDate": "1985-12-31",
        "acceptedDate": "1985-12-31 00:00:00",
        "calendarYear": "1985",
        "period": "Q4",
        "revenue": 2600000,
        "costOfRevenue": 0,
        "grossProfit": 2600000,
        "grossProfitRatio": 1,
        "researchAndDevelopmentExpenses": 0,
        "generalAndAdministrativeExpenses": 0,
        "sellingAndMarketingExpenses": 0,
        "sellingGeneralAndAdministrativeExpenses": 0,
        "otherExpenses": 0,
        "operatingExpenses": 0,
        "costAndExpenses": 0,
        "interestIncome": 0,
        "interestExpense": 0,
        "depreciationAndAmortization": 0,
        "ebitda": 2600000,
        "ebitdaratio": 1,
        "operatingIncome": 2600000,
        "operatingIncomeRatio": 1,
        "totalOtherIncomeExpensesNet": -2600000,
        "incomeBeforeTax": 0,
        "incomeBeforeTaxRatio": 0,
        "incomeTaxExpense": 0,
        "netIncome": 0,
        "netIncomeRatio": 0,
        "eps": 0.0033,
        "epsdiluted": 0.0033,
        "weightedAverageShsOut": 35370314,
        "weightedAverageShsOutDil": 35370314,
        "link": null,
        "finalLink": null
    },
    {
        "date": "1985-09-30",
        "symbol": "XRAY",
        "reportedCurrency": "USD",
        "cik": "0000818479",
        "fillingDate": "1985-09-30",
        "acceptedDate": "1985-09-30 00:00:00",
        "calendarYear": "1985",
        "period": "Q3",
        "revenue": 2600000,
        "costOfRevenue": 0,
        "grossProfit": 2600000,
        "grossProfitRatio": 1,
        "researchAndDevelopmentExpenses": 0,
        "generalAndAdministrativeExpenses": 0,
        "sellingAndMarketingExpenses": 0,
        "sellingGeneralAndAdministrativeExpenses": 0,
        "otherExpenses": 0,
        "operatingExpenses": 0,
        "costAndExpenses": 0,
        "interestIncome": 0,
        "interestExpense": 0,
        "depreciationAndAmortization": 0,
        "ebitda": 2600000,
        "ebitdaratio": 1,
        "operatingIncome": 2600000,
        "operatingIncomeRatio": 1,
        "totalOtherIncomeExpensesNet": -2600000,
        "incomeBeforeTax": 0,
        "incomeBeforeTaxRatio": 0,
        "incomeTaxExpense": 0,
        "netIncome": 0,
        "netIncomeRatio": 0,
        "eps": 0,
        "epsdiluted": 0,
        "weightedAverageShsOut": 35370314,
        "weightedAverageShsOutDil": 35370314,
        "link": null,
        "finalLink": null
    }
]